1924 3164
1196 84 1213 91 l

594 179 628 218 E
675 176 959 219 MENANnm
997 156 1270 218 msroi'uA.
1530 143 1639 230 327

199 279 385 336 Περσῶν
411 277 490 333 τὴν
515 275 649 321 πόλιν.
704 279 912 335 πρόδηλος
942 274 1017 321 οὖν
1045 274 1098 333 ἦν
1126 277 1318 320 ἐντεῦθεν
1342 263 1402 331 afr)
1429 271 1651 331 ἐρ’ῥωμένα
1663 278 1831 323 Α·0-577

202 348 372 402 φρονῶν
397 347 448 403 τῇ
470 343 690 398 Ῥωμαίων
717 342 844 402 ἆρχῇ,
874 343 980 386 ἀλλά
1011 343 1158 401 πόρ’ῥω
1186 344 1260 398 τῆς
1287 340 1489 397 α’ληθείας
1516 344 1648 397 φθεγ-
1658 325 1845 406 1¹:¹²3&ssss

202 409 398 466 γόμενος,
443 408 697 465 βουλόμενός
732 427 776 455 τε
811 409 1056 464 ζ,Ρωμαίους
1099 410 1178 464 μὲν
1206 399 1395 464 ἆμαχητῖ
1418 407 1649 461 ὕπαναχω-
1812 406 1817 413 ’

204 479 332 533 ρῆσαι
370 480 445 532 τῆς
479 476 810 533 Περσαρμενίας
847 476 922 518 καί
951 477 1158 532 Ἰβηρίας,
1185 479 1421 518 τελευταῖον
1460 474 1506 515 δὲ
1535 473 1653 529 ἀμφὶ

178 545 279 590 5τοῢ
305 542 456 599 Δάρας
502 544 630 585 αἰτεῖν
668 542 742 584 καὶ
767 545 853 585 τῶν
882 542 1192 597 ἐπηγγελμένων
1229 537 1377 596 ἥκιστα
1414 537 1651 594 τυγχάνειν,

203 605 294 651 εἶτα
321 607 397 664 τὴν
425 609 471 650 ἔν
498 608 656 666 ὑστέρῳ
684 607 845 663 βουλὴν
864 643 877 661 ,
907 606 1019 650 καθὰ
1062 605 1196 662 δήπου
1233 604 1279 649 τὸ
1321 603 1651 661 περιφερόμενον

205 672 337 729 ἐκεῖνό
369 690 493 731 φησι,
521 672 581 728 μή
612 673 725 728 ἔχειν
753 673 895 728 ἶσχύν,
940 671 1079 729 ὥσπερ
1123 674 1197 715 καί
1237 670 1446 720 Σουανίας
1486 671 1584 727 πέρι
1609 671 1655 711 ἐν

205 742 263 798 τῷ
293 737 443 797 πρώτῳ
471 739 668 795 ἠπατήθη
704 741 870 796 Πέτρος
909 738 991 782 ὑπὸ
1031 739 1106 781 τοῦ
1133 740 1232 793 Ζίχ.
1289 738 1445 790 ὁμοίως
1481 732 1558 778 οὖν
1585 735 1661 777 καί
1670 739 1696 771 Β

207 804 230 848 ὃ
259 806 474 861 Μεβώὸης
500 803 703 861 ἠβούλετο
746 805 929 863 δράσειν.
959 808 1051 848 ἐπεὶ
1078 806 1123 846 δὲ
1151 801 1263 859 ἑώρα
1292 804 1517 859 Ζαχαρίαν
1544 800 1659 844 ὲσότι
1720 811 1741 816 ”

135 873 554 928 ιιοέμφρονέστατον
592 875 666 915 καί
702 873 785 928 οὔχ
825 869 914 916 οἷόν
953 889 996 914 τε
1044 867 1091 914 ὂν
1133 871 1247 928 αὐτῷ
1274 866 1660 926 παρακρούσασθαι

205 937 281 980 τόν
305 932 456 994 ἄνδρα,
485 935 508 980 ὅ
539 940 585 980 δὲ
611 938 689 994 τήν
716 938 864 996 ἑτέραν
893 938 1109 994 ἐτράπετο,
1139 937 1195 986 ὥς
1221 932 1274 979 ἂν
1300 935 1440 993 τρόπῳ
1468 936 1522 991 τῇ
1549 930 1661 975 οἷπά-

205 1022 256 1062 τῃ
286 1006 504 1061 περιέλθοι
531 1003 634 1054 τούς
656 1005 912 1059 “Ρωμαιόυς.
939 1006 1012 1047 ἐπὶ
1036 1001 1190 1060 χρόνον
1216 999 1296 1058 γάρ
1326 1018 1421 1043 τινα
1450 999 1591 1056 ξυνῄει
1618 1000 1663 1047 ἒς

205 1069 337 1113 ταύτὸ
373 1075 458 1119 τοῖς
488 1067 604 1126 ἀμφὶ
637 1072 887 1126 Ζαχαρίαν,
918 1072 1056 1112 ἐλπίσι
1085 1066 1405 1123 ὖποστρωννύς,
1433 1066 1490 1114 ὥς
1528 1064 1664 1107 ἔσοιτο

208 1134 354 1192 εἰρήνη
389 1137 464 1178 καί
488 1135 546 1185 ὥς
575 1133 788 1178 ἕπινεύσοι
820 1133 840 1177 ὃ
868 1137 1053 1191 Περσῶν
1083 1131 1286 1188 βασιλεῦς
1332 1133 1529 1175 ἐνδοῦναι
1551 1128 1666 1172 ‘Pm-

157 1204 347 1256 ι5μαίοις
367 1199 415 1243 τὸ
439 1201 603 1256 Λάρας,
622 1199 753 1259 ταύτῃ
777 1202 964 1255 οἰόμενος
991 1200 1180 1243 ἐκλύσειν
1208 1198 1285 1254 τήν
1302 1200 1362 1247 εἰς
1385 1196 1458 1240 τὸν
1483 1195 1668 1249 πόλεμον

206 1269 453 1326 προθυμίαν
469 1268 548 1311 τοῦ
570 1269 808 1323 Καίσαρος.
831 1266 906 1308 καί
939 1262 1016 1309 οὖν
1046 1265 1091 1309 ἐν
1112 1266 1294 1308 τοιοῖσδε
1318 1265 1571 1318 τριβομένου
1589 1262 1669 1304 τοῦ·

204 1334 392 1391 χρόνου,
421 1332 494 1375 καί
519 1336 602 1376 τῶν
632 1334 677 1383 ἐξ
707 1330 909 1388 ἑκατέρας
932 1332 1145 1380 πολιτείας
1172 1331 1387 1386 πρέσβεων
1413 1330 1513 1383 περί
1532 1329 1669 1369 ταῦτα

207 1399 563 1455 ἐνησχολημὲνων,
585 1394 695 1441 οὕτω
724 1414 770 1440 τε
792 1399 1025 1454 φερομένου
1047 1397 1124 1439 τοῦ
1150 1393 1257 1454 ἑῴου
1287 1395 1468 1447 πολέμου
1484 1394 1547 1435 ἐπ’
1561 1391 1707 1446 ‹idei-C

207 1470 320 1519 λοις,
349 1463 452 1507 κατὰ
484 1466 531 1507 δὲ
566 1463 612 1508 τὸ
643 1466 838 1520 τέταρτον
857 1463 946 1512 ἔτος
978 1465 1172 1519 Τιβερίου
1194 1461 1520 1503 Κωνσταντίνου
1556 1459 1671 1499 Καί-

155 1547 343 1587 2οσαρος
367 1532 586 1585 βασιλείοις
621 1530 667 1572 ἐν
690 1531 745 1586 τῇ
769 1529 915 1587 Θρᾴκῃ
944 1530 1176 1584 ξυνηνέχθη
1205 1525 1250 1569 τὸ
1269 1526 1520 1580 Σκλαβηνῶν
1550 1522 1672 1573 ἔθνος

209 1601 341 1655 μέχρι
367 1612 449 1639 που
475 1593 685 1651 χιλιάδων
700 1592 846 1638 ἑκατὸν
864 1594 1032 1652 Θρᾴκην
1050 1593 1124 1636 καί
1149 1589 1256 1635 ἄλλα
1278 1589 1411 1634 πολλὰ
1428 1592 1673 1645 λη’ίσασθαι.
1710 1614 1713 1617 >

322 1662 390 1706 κε’.
433 1660 528 1705 ’Ότι
573 1661 600 1703 o‘
638 1665 813 1718 ,Καῖσαρ
844 1659 1001 1704 ἔστειλε
1029 1659 1134 1702 κατὰ
1162 1658 1236 1715 τήν
1272 1654 1456 1701 Ἰταλίαν
1493 1657 1674 1710 χρυσίον

214 1728 397 1783 συχνὸν,
427 1723 531 1784 ἄχρι
559 1730 840 1784 κεντηναρίων
865 1726 1115 1782 τριάκοντα,
1146 1722 1268 1767 ἅτινά
1296 1738 1343 1778 γε
1363 1721 1415 1777 δή
1436 1736 1517 1762 που
1538 1723 1674 1774 Πίῳ-

312 1830 366 1852 ιι.
392 1815 452 1864 τῇ]
477 1827 527 1862 τῳ
553 1816 647 1850 coni.
673 1819 710 1851 Β.
811 1819 864 1855 13.
887 1814 1023 1850 ἐλπίδα
1047 1815 1140 1850 coni.
1166 1815 1206 1852 Β.
1303 1815 1355 1848 16.
1374 1809 1503 1847 τοῖσδε
1525 1811 1568 1843 Η.
1605 1820 1674 1854 mg.

215 1900 254 1922 se
278 1886 490 1926 habebant,
523 1890 732 1926 manerent,
769 1895 889 1929 regem
917 1885 1089 1928 deinceps
1114 1882 1260 1917 Caesari
1285 1881 1428 1925 petenti
1457 1881 1569 1913 Daras
1594 1884 1678 1912 tan-

219 1946 327 1982 quam
355 1933 540 1978 peculiare
567 1933 703 1966 donum
729 1931 961 1965 traditurum.
1011 1931 1094 1975 Qua
1119 1931 1158 1962 in
1183 1940 1221 1962 re
1239 1929 1326 1961 satis
1347 1926 1569 1972 apparebat,
1595 1935 1679 1958 eum

219 1982 370 2015 minime
399 1980 573 2013 salutaria
599 1979 759 2011 Romano
787 1977 942 2021 imperio
971 1977 1126 2016 sentire,
1161 1980 1199 2009 et
1223 1984 1316 2020 quae
1342 1985 1362 2005 a
1389 1985 1475 2007 vero
1500 1972 1676 2005 abhorre-

217 2029 328 2068 bant,
362 2027 493 2060 dicere.
542 2025 633 2059 Nam
665 2034 708 2057 eo
735 2023 933 2063 tendebat,
969 2028 1011 2056 ut
1035 2023 1187 2055 Romani
1221 2023 1300 2054 sine
1336 2021 1411 2053 ulla
1444 2030 1564 2064 pugna
1592 2018 1678 2051 Per-

217 2076 398 2108 sarmenia
423 2079 459 2107 et
472 2073 593 2106 Iberia
621 2069 858 2109 excederent:
885 2068 1019 2102 deinde
1037 2068 1109 2102 sibi
1124 2068 1236 2101 Daras
1254 2066 1350 2100 tradi
1366 2071 1552 2111 peterent,
1577 2063 1678 2111 quod

217 2122 369 2155 minime
394 2120 627 2158 obtinerent,
662 2117 836 2150 nimirum
862 2117 947 2161 quia
976 2125 1070 2161 quae
1097 2115 1136 2147 in
1154 2113 1349 2158 posteriori
1371 2112 1556 2157 colloquio
1585 2121 1676 2144 con-

219 2169 347 2203 stituta
370 2172 511 2206 essent,
536 2165 724 2199 tritissima
743 2163 807 2195 illa
826 2161 1023 2196 excusandi
1038 2161 1207 2201 formula,
1230 2160 1368 2193 nullam
1391 2161 1465 2193 vim
1479 2157 1677 2194 haberent:

219 2218 314 2248 sicut
334 2219 372 2247 et
389 2216 491 2258 prius
513 2212 558 2245 ‹le
579 2211 713 2245 Suania
729 2211 853 2243 Petrus
881 2207 1055 2253 deceptus
1073 2208 1194 2241 fuerat
1214 2217 1235 2238 a
1249 2205 1366 2239 Zicho.
1404 2205 1505 2239 Idem
1530 2215 1679 2251 quoque

219 2260 398 2295 Mebodes
429 2259 577 2294 volebat
609 2258 738 2291 facere.
787 2255 859 2288 Ubi
884 2265 968 2288 vero
993 2253 1087 2287 vidit
1111 2252 1316 2287 Zachariam
1342 2253 1542 2286 cautiorem
1577 2256 1700 2291 esse,v

218 2318 342 2355 neque
371 2318 409 2340 se
429 2318 535 2351 posse
558 2305 745 2338 hominem
777 2313 850 2347 quo
876 2301 1026 2335 volebat
1047 2300 1278 2346 pertrahere,
1317 2299 1389 2332 alia
1414 2309 1600 2344 aggressus
1625 2302 1681 2331 est

219 2356 301 2395 via,
335 2359 378 2387 ut
405 2354 533 2399 aliquo
555 2350 663 2384 modo
697 2349 825 2384 fraude
855 2348 1034 2381 Romanos
1066 2346 1351 2380 circumveniret.
1401 2346 1531 2390 Itaque
1553 2344 1678 2390 paullo

219 2405 304 2447 post
315 2399 521 2433 Zachariam
543 2397 715 2431 convenit
741 2400 779 2430 et
801 2405 902 2440 spem
925 2397 961 2428 ei
986 2393 1168 2435 subdidit,
1190 2403 1315 2439 pacem
1342 2393 1503 2426 futuram
1521 2417 1530 2432 ,
1557 2397 1595 2425 et
1620 2401 1682 2424 re-

222 2458 302 2493 gem
329 2447 516 2480 Persarum
544 2453 804 2478 consensurum
827 2442 936 2474 Daras
965 2439 1137 2481 reddere,
1175 2450 1219 2474 eo
1245 2438 1414 2480 consilio,
1445 2444 1486 2472 ut
1513 2438 1678 2472 Caesaris

225 2493 390 2527 alacritas
436 2498 474 2526 et
498 2491 591 2526 belli
617 2489 799 2534 cupiditas
832 2488 1091 2531 languesceret.
1139 2486 1237 2520 Dum
1265 2487 1306 2519 in
1335 2485 1415 2519 istis
1445 2483 1677 2518 sermonibus

222 2540 336 2584 legati
369 2539 560 2584 utriusque
590 2537 705 2582 gentis
738 2535 906 2579 occupati
938 2539 1079 2579 tempus
1108 2538 1254 2573 terunt,
1289 2532 1504 2576 intereaque
1536 2530 1678 2562 bellum

226 2588 268 2621 in
299 2585 450 2621 Oriente
476 2586 516 2618 in
551 2594 728 2629 suspenso
763 2582 858 2622 fuit,
882 2581 975 2613 circa
1011 2585 1180 2625 quartum
1217 2578 1363 2624 imperii
1401 2577 1543 2611 Tiberii
1578 2577 1678 2610 eon-

227 2632 380 2667 stantini
410 2642 543 2665 anuum
575 2635 720 2664 centum
747 2629 823 2662 fere
856 2627 971 2661 millia
998 2626 1205 2660 sclavorum
1237 2626 1277 2658 in
1301 2624 1495 2659 Thraciam
1529 2624 1674 2668 irrupe-

227 2683 315 2715 runt
341 2683 379 2711 et
401 2677 593 2712 Thraciam
619 2677 826 2721 multasque
850 2674 941 2707 alias
966 2674 1132 2718 regiones
1155 2672 1321 2717 praedati
1345 2676 1441 2704 sunt.

323 2724 379 2761 25.
427 2725 559 2760 Caesar
581 2724 682 2759 misit
712 2722 752 2755 in
775 2720 918 2755 Italiam
943 2730 1106 2766 magnam
1137 2721 1217 2754 auri
1240 2718 1313 2754 vim
1345 2717 1392 2751 ad
1417 2716 1566 2761 triginta
1592 2725 1676 2749 cen-
