1924 3164
566 190 601 230 E
637 190 809 233 Pmsc1
847 189 1120 237 fflsromA.
1470 192 1491 226 1
1505 169 1575 227 55

238 293 307 348 ιβ’.
350 288 446 335 ’Ότι
475 294 517 334 Γ
515 291 680 348 ωβάζης
707 293 986 347 πρεσβεύεται
1013 290 1132 348 παρὰ
1155 290 1412 346 εΡωμαίους.
1462 289 1768 346 ‘Pm-A.C.456

123 364 245 413 μαῒοι
272 360 320 400 δὲ
347 360 619 414 α’πεκρίναντο
646 365 732 408 τοῖς
769 357 886 414 παρὰ
931 362 974 401 Γ
971 357 1140 413 ωβάζου
1181 363 1368 401 σταλεῖσι
1394 359 1572 414 πρέσβε-

126 418 218 477 σιν,
236 424 294 474 ὥς
321 420 548 481 οἷφέξονται
571 425 649 466 τοῦ
674 424 874 477 πολέμου,
916 422 999 478 εἴγε
1026 419 1054 479 ἢ
1083 421 1211 475 αὖτὸς
1237 426 1280 467 Γ
1277 422 1441 479 ωβάζης
1465 422 1607 473 ἀπό-ρ

125 493 246 532 θοιτο
273 489 351 545 τήν
378 487 538 545 ἀρχὴν,
566 485 596 544 ἢ
623 487 699 531 τὸν
725 490 860 530 παῖδα
888 491 963 544 τῆς
990 491 1208 542 βασιλείας
1239 490 1463 546 ἀφέλοιτο·
1519 490 1574 530 ου’

96 554 207 612 5γάρ
237 557 364 609 θέμις
389 559 463 610 τῆς
490 554 637 610 χώρας
662 555 926 611 ἀμφοτέρους
953 554 1216 611 ἡγεμονεύειν
1241 554 1360 611 παρὰ
1387 554 1460 598 τὸν
1488 573 1571 598 πα-

121 619 246 663 λαιὸν
271 619 442 675 θεσμόν,
500 619 605 663 ὥστε
635 622 682 662 δὲ
708 620 894 676 θάτερον
918 621 1180 675 βασιλεύειν,
1213 625 1255 664 Γ
1253 623 1420 677 ωβάζην
1444 617 1472 677 ἢ
1497 620 1572 664 τὸν

122 687 260 729 αὐτοῦ
287 689 420 729 παῖδα
437 718 448 740 ,
478 689 552 741 τῆς
579 686 815 740 Κολχίδος,
843 689 918 729 καί
939 688 1035 744 τῇδε
1064 691 1251 743 λυθῆναι
1276 686 1351 730 τὸν
1376 687 1572 741 πόλεμον,

119 753 346 809 Εὖφήμιος
372 752 627 808 ἕσηγὴσατο,
655 750 734 808 τὴν
759 754 838 794 τοῦ
865 755 1098 810 μαγίστρου
1127 755 1282 796 διέπων
1309 753 1468 810 α’ρχὴν·
1524 750 1572 804 ὃς

120 819 194 860 ἐπὶ
225 819 394 861 συνέσει
429 820 502 861 καὶ
536 815 671 873 λόγων
709 815 842 877 ἆρετῇ
875 817 1000 870 δόξαν
1052 818 1162 873 ἔχων
1197 822 1457 876 Μαρκιανοῦ
1493 822 1572 861 τοῦ

69 887 327 939 ιοβασιλέως
353 883 431 940 τὴν
471 887 556 927 τῶν
579 883 836 941 πραγμάτων
864 885 1015 940 ἔλαχεν
1043 885 1296 942 ἐπιτροπήν,
1351 887 1424 928 καί
1451 886 1568 928 πλεί-

117 967 229 993 στων
268 955 352 993 τῶν
386 946 437 993 εὖ
474 953 788 1004 βουλευθέντων
825 953 968 1010 ἐκείνῳ
1006 951 1243 1008 καθηγητὴς
1275 953 1463 1007 ἐγένετο·
1520 949 1606 1001 ὃςι)

116 1016 191 1058 καί
215 1017 409 1072 Πρίσκον
434 1016 507 1060 τὸν
534 1018 785 1074 συγγραφέα
825 1021 912 1060 τῶν
941 1021 1016 1074 τῆς
1042 1020 1180 1075 οἷρχῆς
1208 1020 1445 1075 φροντίδων
1472 1020 1566 1061 ἐδέ-

114 1085 213 1133 ξατο
243 1081 464 1125 κοινωνόν.
517 1086 591 1138 τῆς
629 1085 676 1125 δὲ
703 1082 903 1139 αἱρέσεως
939 1086 1016 1140 τῆς
1044 1084 1160 1142 αὐτῷ
1201 1083 1444 1139 δοθείσηςὸ
1471 1086 1515 1126 Γ
1511 1102 1568 1126 ω-

116 1148 249 1203 βάζης
289 1150 421 1190 εἵλετο
461 1151 535 1203 τῆς
568 1150 787 1202 βασιλείας
823 1152 1136 1205 παραχωρῆσαι
1161 1152 1222 1207 τῷ
1247 1150 1395 1203 παιδὶ,
1442 1147 1569 1198 αὐτὸς

64 1213 167 1260 ιδτοὶ
194 1213 385 1268 σύμβολα
413 1214 672 1267 ἀποθέμενος
703 1217 778 1270 τῆς
805 1215 960 1270 ἀρχῆς.
1013 1215 1088 1258 καὶ
1110 1214 1228 1270 παροὶ
1265 1214 1340 1258 τὸν
1366 1217 1570 1271 κρατοῦν-

113 1297 166 1322 τα
200 1279 430 1334 Ῥωμαίων
466 1280 567 1329 τούς
606 1282 883 1335 δεησομένους
909 1280 1119 1335 ἔπεμπεν,
1149 1281 1231 1334 ὥς,
1270 1277 1363 1330 ἓνὸς
1390 1279 1566 1334 Κόλχον

112 1345 448 1401 ἡγεμονεύοντος,
487 1346 626 1388 ου’κέτι
655 1348 709 1387 δι’
750 1344 880 1388 αὐτὸν
912 1348 1224 1401 χαλεπαίνοντα
1265 1348 1337 1389 ἐπὶ
1373 1346 1426 1388 τὰ
1454 1342 1564 1388 ὅπλα

108 1417 280 1466 χωρεῖν.
335 1409 537 1465 βασιλευς
564 1413 611 1453 δὲ
654 1412 886 1465 διαβαίνειν
915 1411 1046 1454 αιῖτὸν
1073 1413 1118 1461 ἐς
1143 1411 1223 1467 τὴν
1261 1411 1492 1465 εΡωμαίων
1519 1413 1564 1454 έ-

112 1478 276 1529 κέλευε,
305 1479 379 1518 καί
403 1480 484 1519 τῶν
512 1477 625 1535 αὐτῷ
653 1478 913 1533 δεδογμένων
941 1477 1107 1522 διδόναι
1133 1478 1280 1531 λόγον.
1335 1477 1383 1528 ὃς
1411 1480 1458 1522 δὲ
1486 1477 1566 1534 τήν

58 1544 191 1596 αομὲν
217 1537 363 1599 ἄφιξιν
387 1543 464 1584 οὔκ
491 1539 702 1599 ἠρνήσατο
711 1577 725 1597 ,
770 1543 993 1587 Διονύσιον
1020 1546 1068 1588 δὲ
1093 1543 1166 1588 τὸν
1191 1547 1236 1595 ἐς
1262 1544 1340 1602 τὴν
1365 1543 1565 1599 Κολχίδα

111 1608 245 1649 πάλαι
273 1609 592 1665 διαπεμφθέντα
618 1611 694 1665 τῆς
728 1625 772 1652 τε
801 1606 935 1652 αὐτοῦ
961 1612 1004 1653 Γ
1001 1609 1167 1665 ωβοίζου
1206 1612 1418 1668 διαφορᾶς
1441 1612 1565 1653 ἕνεκα

111 1672 252 1715 πίστιν
279 1674 466 1716 δώσοντα
493 1670 669 1731 ᾔτησεν,
717 1675 775 1725 ὥς
813 1675 938 1719 οῦδὲν
965 1674 1169 1733 ὑποσταίη
1198 1676 1438 1734 ἀνήκεστον.
1495 1679 1560 1720 διο

204 1774 237 1817 4.
265 1766 334 1808 τὸν
356 1775 398 1808 Ν.
414 1801 424 1816 ,
447 1777 548 1820 γοῦν
570 1776 663 1822 vulg.
735 1779 767 1812 6.
793 1776 848 1824 δὲ]
881 1775 971 1813 δέον
990 1777 1035 1812 Η.
1127 1779 1179 1813 16.
1203 1778 1371 1825 Κόλχων
1400 1779 1493 1814 coni.
1519 1780 1563 1814 N.

204 1831 251 1855 20
286 1820 495 1856 Διονύσιον
517 1822 560 1856 N.
574 1848 584 1864 ,
602 1823 808 1861 Διονύσιος
829 1824 924 1870 vulg.

211 1911 252 1933 ια
313 1898 476 1933 Gobazes
503 1899 641 1945 legatos
665 1901 766 1935 misit
789 1902 836 1935 ad
849 1903 1029 1938 Romanos
1044 1929 1054 1945 ‚
1079 1904 1214 1950 quibus
1239 1905 1391 1938 Romani
1410 1915 1562 1950 respon-

111 1946 266 1986 derunt,
304 1956 341 1978 se
367 1958 387 1978 a
412 1946 510 1979 bello
537 1952 757 1989 cessaturos,
794 1951 826 1983 si
860 1961 1009 1994 regnum
1044 1956 1108 1983 aut
1140 1950 1218 1994 ipse
1242 1950 1463 1996 deponeret,
1496 1956 1561 1986 aut

111 1994 190 2027 filio
215 1991 402 2025 adimeret.
450 1992 526 2026 Nec
556 1994 652 2027 enim
690 1995 744 2028 fas
773 2005 851 2028 esse
875 1996 1075 2030 secundum
1099 1998 1289 2042 antiquam
1322 1999 1480 2041 regionis
1504 1999 1561 2032 le·-

112 2050 220 2084 gem,
244 2038 333 2073 duos
359 2039 468 2072 simul
506 2040 697 2073 dominari.
744 2041 874 2086 Itaque
907 2047 1074 2087 oportere
1109 2047 1175 2075 aut
1206 2044 1324 2088 ipsum
1357 2043 1559 2088 Gobazem‚

112 2091 178 2119 aut
210 2087 288 2118 eius
315 2085 431 2119 filium
453 2097 603 2130 regnare
636 2089 676 2120 in
702 2087 900 2129 Colchide,
925 2095 1036 2135 atque
1066 2090 1116 2122 ita
1147 2088 1286 2123 bellum
1312 2090 1474 2124 solutum
1499 2092 1557 2126 iri.

109 2132 210 2166 Haec
232 2131 453 2176 Euphemius
479 2133 554 2167 illis
579 2140 762 2175 suaserat,
798 2136 862 2180 qui
903 2136 1066 2179 magistri
1108 2135 1308 2171 officiorum
1343 2137 1559 2183 dignitatem

108 2178 263 2224 adeptus
280 2203 290 2219 ,
317 2178 512 2223 prudentia
552 2185 589 2213 et
622 2181 835 2226 eloquentia
869 2181 1006 2223 clarus,
1031 2181 1098 2215 sub
1125 2182 1310 2216 Marciano
1334 2184 1558 2228 Imperatore

109 2225 335 2270 reipublicae
362 2225 718 2260 administrationem
743 2228 912 2273 gerebat,
937 2234 974 2262 et
996 2229 1194 2262 multorum
1215 2231 1440 2275 optimorum
1466 2242 1557 2264 con-

108 2272 274 2305 siliorum
294 2278 419 2307 auctor
437 2273 495 2307 illi
513 2274 594 2307 fuit.
623 2274 691 2307 Hic
718 2286 865 2320 quoque
884 2275 1042 2309 Priscum
1067 2274 1176 2309 huius
1200 2275 1375 2311 historiae
1399 2279 1555 2323 scripto-

108 2329 185 2351 rem
202 2329 413 2352 assessorem
434 2319 506 2353 sibi
520 2319 702 2354 adiunxit.
729 2321 892 2355 Gobazes
906 2322 1028 2367 igitur,
1042 2321 1112 2355 sibi
1130 2321 1248 2357 delata
1264 2324 1426 2368 optione,
1451 2325 1557 2371 regni

107 2364 265 2409 insignia
291 2363 473 2410 deposuit,
497 2372 534 2400 et
558 2377 708 2411 regnum
734 2368 810 2402 fih'o
836 2368 964 2402 cedere
989 2369 1190 2403 constituit.
1240 2370 1333 2404 Tum
1358 2370 1406 2402 ad
1426 2370 1554 2417 Impe-

108 2416 265 2444 ratorem
290 2412 413 2457 misit,
440 2413 740 2458 quandoquidem
764 2415 829 2448 uni
854 2415 970 2448 solum
1005 2415 1077 2447 iam
1101 2422 1243 2460 pareret
1275 2416 1461 2452 Colchidis
1494 2430 1553 2452 re-

109 2457 192 2501 gio,
214 2458 268 2490 uti
292 2468 367 2491 non
393 2461 547 2507 amplius
576 2460 634 2494 illi
660 2472 776 2506 usque
801 2471 844 2494 eo
874 2466 1119 2503 succenseret,
1153 2468 1194 2497 ut
1227 2464 1337 2497 etiam
1369 2475 1466 2497 arma
1490 2465 1553 2498 in-

110 2504 235 2537 ferret.
292 2505 489 2550 imperator
526 2517 611 2540 vcro
644 2508 752 2541 iussit
782 2507 964 2542 Gohazem
1009 2510 1050 2543 in
1081 2508 1323 2544 Romanorum
1366 2511 1553 2555 regionem

110 2550 334 2594 transgredi,
358 2557 400 2586 ut
424 2564 549 2587 eorum
564 2579 574 2595 ‚
614 2565 706 2599 quae
730 2554 803 2588 sibi
827 2554 993 2588 facienda
1026 2557 1232 2599 statuisset‘,
1268 2558 1447 2591 rationem
1470 2559 1557 2592 red-

109 2595 223 2630 deret.
284 2597 352 2631 Ille
407 2605 528 2633 autem
568 2601 835 2646 profectionem
880 2602 1030 2637 minime
1065 2601 1218 2647 abnuit3
1255 2603 1320 2638 sed
1353 2605 1480 2648 petiit,
1514 2610 1556 2638 ut

108 2642 331 2686 Dionysius,
356 2646 420 2690 qui
444 2647 517 2679 iam
544 2648 633 2682 olim
661 2647 815 2682 Gobazis
840 2646 1102 2684 discordiarum
1137 2662 1242 2685 causa
1276 2652 1316 2684 iu
1342 2650 1555 2685 Colchidem

109 2688 238 2723 missus
266 2695 366 2732 erat,
389 2692 435 2725 ad
458 2692 567 2728 fidem
594 2694 848 2741 praestandam
875 2694 922 2729 ad
956 2706 995 2730 se
1028 2696 1191 2739 veniret,
1227 2709 1266 2731 se
1303 2696 1399 2732 nihil
1432 2698 1565 2743 iniqui?

1584 347 1661 380 Ind.
1675 359 1700 393 9

1571 394 1767 439 Mareian.7
