1924 3164
300 153 373 218 42
877 175 1154 217 EXCERPTA

123 280 198 315 A.C
223 283 291 318 358
299 290 391 328 χιον
419 277 618 331 διελέγετο
647 282 734 327 τοῖς
757 275 1020 332 βαρβάροις.
1075 278 1241 319 ἐκείνων
1268 279 1315 320 δὲ
1343 294 1478 321 παντα
1502 287 1636 324 ποιεῖν
1674 278 1745 325 ὅν-

180 328 282 406 ¹·¹¹}¹·¹
301 357 382 384 των
408 338 607 397 ἓτοιμων,
637 340 747 399 ὅρῶν
776 339 1049 398 εὔπρόσωπόν
1074 359 1118 385 τε
1147 340 1238 397 ἅμα
1264 346 1340 386 καί
1370 345 1598 400 α’ναγκαίαν
1626 347 1745 406 αὐτῷ

123 421 243 455 Inte.
265 405 374 467 4τὴν
399 407 591 465 εἰρήνην·
631 406 873 465 (Χαμάβων
911 406 989 465 γὰρ
1027 407 1087 466 μὴ
1115 411 1380 464 βουλομένων
1420 408 1630 455 α’δύνατόν
1656 413 1745 455 ἐστι

264 470 373 530 Βτήν
413 474 487 528 τῆς
527 475 808 530 Βρεττανικῆς
843 472 973 529 νήσου
1012 474 1293 529 σιτοπομπίαν
1330 474 1402 517 ἐπὶ
1436 473 1489 517 τὰ
1529 473 1744 531 Ῥωμαϊκὰ

299 539 486 598 φρούρια
510 541 866 598 διαπέμπεσθαι)
913 541 1201 595 καμπτόμενος
1228 539 1310 583 ὑπὸ
1345 544 1417 598 τῆς
1443 543 1594 598 χρείας
1617 544 1771 599 χαρά-5

299 609 415 657 ζεται
441 604 515 661 τήν
542 604 720 662 εἰρήνην,
748 604 823 649 καί
845 602 984 663 ὅμηρα
998 601 1084 665 ᾔτει
1111 610 1255 662 λαβεῖν
1283 606 1461 656 πίστεως
1488 609 1639 650 ἕνεκεν.
1662 607 1745 650 τῶν

299 673 346 713 δὲ
372 670 542 720 ἱκανούς
567 667 675 714 εἶναι
718 671 1011 726 αἰχμαλώτους
1049 672 1277 728 λεγόντων,
1323 674 1506 722 ἐκείνους
1544 673 1626 730 ἔφη
1666 671 1741 715 τὸν

296 736 478 791 πόλεμον
514 737 630 795 αὐτῷ
667 739 915 793 δεδωκέναι,
961 741 1057 782 καθ’
1098 738 1324 794 ὁμολογίαν
1361 737 1444 795 γάρ
1484 738 1543 794 μή
1578 741 1745 792 λαβεῖν·

295 804 391 844 νυνί
416 803 462 843 δὲ
492 804 627 858 ζητεῖν
654 806 752 860 παρ’
781 804 921 847 αὐτῶν
947 804 1047 855 τούς
1075 805 1276 862 ἀρίστους
1285 838 1299 858 ,
1342 806 1383 847 εἰ
1406 803 1465 861 μή
1484 801 1745 858 «τεχνάζουσι

295 870 394 924 περί
416 867 490 924 τήν
518 867 708 926 εἰρήνην.
763 873 845 912 ταῖν
873 872 921 913 δὲ
948 869 1211 914 ἱκετευόντων
1248 873 1321 914 καὶ
1363 867 1588 922 ἀξιούντων
1615 870 1801 913 εἰπεῖνιο

295 931 368 983 οὓς
393 931 604 988 βούλεται,
633 934 884 990 μεταλαβών
912 931 1040 986 αὖθις
1067 935 1142 979 τὸν
1167 939 1243 979 τοῦ
1269 939 1477 991 βασιλέως
1505 933 1648 978 αὐτῶν
1677 938 1747 987 αι’-

294 1005 430 1042 τεῖται
456 1002 604 1055 παῖδα,
631 1000 931 1056 πλαττόμενος,
962 998 1009 1044 ὃν
1036 999 1148 1056 εἶχεν
1178 1001 1465 1057 αἰχμάλωτον,
1495 999 1636 1059 ὥσπερ
1666 999 1745 1043 οὔκ

296 1065 417 1120 ἔχων.
469 1067 657 1109 ἐνταῦθα
681 1063 767 1120 ὅ,τε
794 1065 995 1122 βασιλεῦς
1023 1069 1159 1110 αὐταῖν
1197 1068 1271 1111 καὶ
1310 1066 1350 1110 οἱ
1389 1065 1598 1124 βάρβαροι
1637 1084 1747 1123 πρη-

198 1138 231 1170 Ρ.
250 1138 383 1182 ιδνεῖς
408 1134 674 1187 ἐκταθέντες,
716 1135 879 1191 οἰμωγῇ
917 1150 962 1177 τε
987 1130 1164 1193 α’φθόνφ
1193 1133 1269 1177 καί
1293 1131 1522 1191 ὀλοφύρσει
1549 1135 1748 1190 προσεκέε-

290 1214 476 1255 χρηντο,
520 1196 708 1253 δεόμενοι
746 1202 880 1256 μηδὲν
918 1200 1126 1243 ἀδύνατον
1153 1198 1476 1243 ἐπιτάττεσθαι·
1534 1199 1801 1244 οἷδύνατονι5

295 1266 342 1307 δὲ
371 1260 512 1313 αύτοῖς
537 1261 645 1307 εἶναι
672 1265 746 1307 καί
785 1264 883 1315 τούς
923 1264 1129 1316 πεσόντας
1173 1262 1408 1322 ἀναστῆσαι
1447 1266 1522 1308 καί
1556 1264 1745 1322 ὁμήρους

295 1332 445 1373 δοῦναι
471 1329 570 1379 τούς
608 1328 977 1387 τετελευτηκότας.
1031 1332 1250 1387 γενομένης
1289 1333 1336 1374 δὲ
1372 1333 1558 1386 σιωπῆς,
1599 1328 1621 1372 ὅ
1661 1331 1746 1372 τῶν

293 1395 524 1452 βαρβάρων
549 1396 751 1450 βασιλεύς
777 1395 1017 1453 α’ναβοήσας
1041 1399 1234 1452 μέγιστον
1263 1393 1374 1450 ὅσον,
1398 1394 1518 1450 „das
1545 1394 1620 1451 ἔζη
1645 1397 1743 1449 μοι”

295 1462 378 1519 ἔφη
409 1462 461 1515 ,,ὄ
488 1469 608 1515 παῖς,
647 1464 716 1505 ἵνα
744 1479 810 1505 σοι
838 1464 980 1513 δοθείς
1006 1459 1187 1520 ὅμηρος,
1229 1457 1266 1506 αἶ
1294 1464 1495 1518 Καῖσαρ,
1546 1462 1743 1503 δουλείαν

296 1529 475 1584 ηὐτύχει
500 1531 572 1585 τῆς
601 1530 703 1584 ἐμῆς
729 1528 947 1583 βασιλείας
974 1529 1384 1586 εὖδαιμονεστέραν,,
1427 1529 1522 1571 ἄλλ’
1550 1524 1633 1568 ὑπὸ
1665 1529 1801 1570 σοῦ’το

298 1595 509 1650 τέθνηκεν,
529 1593 744 1651 α’τυχήσας
770 1593 872 1644 ἴσως
897 1594 971 1638 καί
986 1594 1031 1638 τὸ
1059 1596 1329 1652 ἀγνοηθῆναι.
1357 1595 1524 1652 πολέμῳ
1549 1591 1631 1650 γὰρ
1652 1593 1744 1636 ἐπί-

301 1675 450 1703 στευσε·
480 1659 526 1702 τὸ
556 1663 679 1713 σῶμα
706 1662 795 1711 νέος
823 1656 895 1713 ὢν,
924 1657 972 1702 ὃν
1003 1659 1058 1703 σύ
1087 1660 1217 1714 μόνον
1243 1658 1437 1711 α’ντάξιον
1455 1656 1619 1715 εἰρήνης
1640 1658 1746 1700 ὕπο-

261 1724 550 1781 Βλαμβὰνεις.
607 1729 680 1769 καί
705 1734 804 1781 νῦν,
846 1720 881 1768 ὦ
910 1728 1112 1781 βασιλεῦ,
1154 1724 1207 1768 σύ
1233 1727 1313 1780 μὲν
1340 1725 1517 1777 ἑξαιτεῖς
1544 1723 1601 1775 ὥς
1628 1717 1746 1779 ὄντα,

299 1852 478 1897 imperata
504 1851 621 1886 facere
636 1877 645 1893 ‚
670 1857 707 1886 et
732 1852 894 1893 videret,
929 1862 1052 1896 pacem
1075 1855 1384 1898 peropportunam
1411 1859 1488 1883 esse
1513 1854 1552 1883 et
1575 1857 1744 1882 necessa·-

299 1899 404 1939 riam‚
437 1898 598 1944 (etenim
638 1898 825 1932 Chamavis
849 1898 998 1940 invitis,
1033 1909 1053 1933 e
1083 1897 1270 1931 Britannia
1305 1897 1425 1930 insula
1447 1895 1616 1930 Romanis
1641 1894 1744 1929 colo·

298 1946 371 1979 niis
396 1950 615 1978 commeatus
640 1945 789 1980 immitti
812 1950 1039 1991 nequeunt‚)
1062 1944 1222 1979 utilitate
1246 1943 1443 1984 adductus,
1465 1953 1592 1988 pacem
1618 1940 1744 1975 indul-

299 1993 368 2032 sit,
394 1996 430 2024 et
456 1991 541 2025 fidei
566 1992 762 2026 firmandae
785 1993 899 2037 gratia
937 1991 1083 2026 obsides
1109 1990 1227 2036 petiit.
1275 1990 1367 2024 Cum
1391 1989 1565 2029 dicerent,
1589 1986 1744 2021 idoneos

302 2050 379 2072 esse
405 2048 479 2079 eos,
502 2039 566 2084 qui
589 2040 628 2072 in
652 2037 752 2072 bello
777 2038 874 2084 capti
901 2045 1025 2073 erant:
1057 2038 1122 2072 hos
1149 2037 1288 2071 bellum
1312 2035 1407 2069 dixit
1429 2035 1501 2070 sibi
1526 2033 1758 2074 tradidisses

301 2096 346 2118 cx
370 2083 515 2119 foedere
539 2085 687 2119 minime
712 2086 900 2129 sumsisse;
935 2096 1033 2119 nunc
1057 2090 1178 2118 autem
1207 2082 1407 2118 nobiliores
1431 2080 1615 2127 postulare
1630 2105 1641 2122 ,
1669 2081 1744 2115 nisi

302 2131 394 2177 quid
418 2131 493 2165 doli
515 2133 554 2165 in
578 2143 666 2176 pace
691 2131 941 2167 convenienda
966 2132 1222 2178 excogitarent.
1256 2129 1347 2162 Cum
1382 2127 1562 2174 supplices
1597 2131 1744 2163 orarent

303 2182 342 2211 et
363 2188 444 2211 eum
476 2178 767 2219 obtestarentur,
800 2184 842 2213 ut
863 2179 982 2226 palam
1021 2179 1173 2220 faceret,
1212 2187 1303 2221 quos
1335 2175 1463 2210 vellet:
1501 2174 1636 2208 iterum
1659 2181 1743 2207 cum

303 2223 361 2258 his
397 2235 562 2260 sermone
597 2224 833 2270 congrediens
849 2251 859 2267 ‚
893 2226 1053 2271 ipsorum
1079 2224 1170 2269 regis
1197 2223 1312 2257 filium
1336 2223 1452 2268 petit,
1489 2231 1601 2266 quem
1625 2219 1743 2266 capti-

302 2282 386 2304 vum
412 2272 450 2304 in
475 2283 538 2305 sua
568 2278 748 2317 potestate
782 2271 967 2312 habebat,
999 2273 1135 2317 fingens
1172 2275 1345 2315 tanquam
1376 2278 1451 2301 non
1476 2266 1639 2301 haberet.
1685 2264 1745 2300 Ad

303 2329 398 2363 quae
423 2316 657 2352 barbarorum
682 2331 746 2354 rex
771 2324 808 2354 et
829 2319 999 2360 barbari,
1031 2318 1078 2352 ad
1103 2315 1213 2363 pedes
1237 2316 1419 2356 iacentes,
1448 2313 1536 2349 fletu
1571 2314 1672 2359 largo
1704 2317 1748 2347 et

304 2364 445 2398 eiulatu
469 2365 545 2405 usi,
569 2365 739 2410 precibus
764 2365 1051 2407 contenderunt,
1078 2375 1126 2398 ne
1149 2362 1239 2410 quid
1262 2363 1480 2408 imperaret,
1510 2359 1612 2408 quod
1632 2369 1742 2406 prae·

303 2416 398 2444 stare
423 2411 628 2458 nequirent.
676 2412 751 2446 Nec
774 2413 870 2446 enim
902 2423 940 2445 se
971 2422 1077 2457 posse
1101 2421 1186 2451 eos,
1217 2410 1281 2455 qui
1317 2408 1530 2454 periissent,
1565 2408 1605 2440 in
1629 2406 1742 2440 vitam

302 2468 493 2499 revocare,
516 2464 567 2504 *et
592 2469 667 2500 cos,
691 2460 755 2505 qui
786 2459 919 2493 mortui
945 2464 1077 2499 essent,
1108 2456 1253 2491 obsides
1289 2454 1384 2489 dare.
1434 2453 1590 2488 Silentio
1623 2453 1742 2494 sacto,

302 2503 537 2538 barbarorum
563 2515 625 2538 rex
660 2517 746 2540 voce
772 2517 881 2551 quam
903 2506 1059 2539 maxima
1082 2505 1204 2549 potuit
1226 2502 1456 2536 exclamavit:
1494 2500 1662 2538 „Utinam
1684 2499 1741 2532 vi·-

302 2556 404 2585 veret
427 2551 524 2585 filius
553 2563 652 2584 meus
669 2578 678 2592 ‚
712 2557 752 2584 ut
776 2552 845 2585 tibi
869 2552 1026 2586 traditus
1051 2550 1177 2590 obses,
1209 2561 1230 2583 o
1259 2548 1408 2588 Caesar,
1455 2546 1658 2580 feliciorem
1682 2555 1742 2579 re-

303 2609 372 2642 gno
399 2607 479 2632 meo
504 2598 612 2643 ···1pud
638 2605 674 2632 tc
699 2600 908 2632 servitutem
941 2599 1099 2632 serviret.
1147 2596 1218 2630 Sed
1247 2597 1318 2629 tuis
1342 2595 1451 2628 armis
1478 2592 1631 2633 cecidit,
1665 2592 1760 2626 for-v

302 2651 398 2678 tasse
435 2644 543 2678 etiam
569 2656 589 2678 a
612 2646 715 2679 vobis
748 2656 823 2679 non
857 2647 1031 2687 cognitus.
1080 2643 1175 2678 Belli
1207 2643 1305 2676 enim
1330 2640 1502 2687 periculis
1532 2650 1637 2673 suum
1659 2649 1740 2672 cor-

303 2702 370 2736 pus
397 2692 537 2726 iuvenis
562 2690 717 2734 obiecit,
744 2703 851 2738 quem
880 2692 1051 2726 idoneum
1077 2691 1172 2736 pacis
1193 2689 1322 2723 'vadem
1348 2698 1491 2727 censes,
1517 2692 1555 2719 et
1577 2691 1617 2718 tu
1642 2695 1756 2718 nunc·

306 2749 386 2772 eum
402 2764 412 2780 ,
437 2749 458 2771 ο
486 2739 704 2784 Imperator,
738 2743 912 2785 tanquam
934 2738 1052 2779 vivat,
1087 2737 1260 2783 exposcis.
1304 2735 1378 2781 Ego
1402 2745 1486 2767 vero
1512 2732 1623 2767 miser
1645 2741 1745 2765 nune·
