<?xml version="1.0" encoding="UTF-8"?>
<!DOCTYPE html PUBLIC "-//W3C//DTD XHTML 1.0 Transitional//EN"
    "http://www.w3.org/TR/xhtml1/DTD/xhtml1-transitional.dtd">
<html xmlns="http://www.w3.org/1999/xhtml" xml:lang="en" lang="en">
 <head>
  <title>
</title>
<meta http-equiv="Content-Type" content="text/html;charset=utf-8" />
  <meta name='ocr-system' content='tesseract 3.04.00' />
  <meta name='ocr-capabilities' content='ocr_page ocr_carea ocr_par ocr_line ocrx_word'/>
</head>
<body>
  <div class='ocr_page' id='page_1' title='image "./corpusscriptorum10niebuoft/corpusscriptorum10niebuoft_0172.png"; bbox 0 0 1924 3164; ppageno 0'>
   <div class='ocr_carea' id='block_1_1' title="bbox 345 148 1342 207">
    <p class='ocr_par' dir='ltr' id='par_1_1' title="bbox 345 148 1342 207">
     <span class='ocr_line' id='line_1_1' title="bbox 345 148 1342 207; baseline 0 -3"><span class='ocrx_word' id='word_1_1' title='bbox 345 169 363 204; x_wconf 85' lang='lat'>1</span> <span class='ocrx_word' id='word_1_2' title='bbox 386 148 449 204; x_wconf 86' lang='lat'><strong>18</strong></span> <span class='ocrx_word' id='word_1_3' title='bbox 727 166 943 207; x_wconf 82' lang='lat' dir='ltr'><strong>EUNAPII</strong></span> <span class='ocrx_word' id='word_1_4' title='bbox 963 178 967 182; x_wconf 72' lang='lat'><em>=</em></span> <span class='ocrx_word' id='word_1_5' title='bbox 987 163 1342 205; x_wconf 73' lang='lat' dir='ltr'><strong>FRAGMENTA.</strong></span> 
     </span>
    </p>
   </div>
   <div class='ocr_carea' id='block_1_2' title="bbox 331 258 1836 783">
    <p class='ocr_par' dir='ltr' id='par_1_2' title="bbox 331 258 1836 783">
     <span class='ocr_line' id='line_1_2' title="bbox 336 258 1769 331; baseline -0.001 -21"><span class='ocrx_word' id='word_1_6' title='bbox 336 267 533 324; x_wconf 76' lang='grc' dir='ltr'><em>συνέζησε</em></span> <span class='ocrx_word' id='word_1_7' title='bbox 556 264 804 318; x_wconf 81' lang='grc' dir='ltr'><em>τοσαύταις,</em></span> <span class='ocrx_word' id='word_1_8' title='bbox 846 262 948 331; x_wconf 55' lang='lat' dir='ltr'><strong>&amp;mg</strong></span> <span class='ocrx_word' id='word_1_9' title='bbox 978 259 1072 307; x_wconf 69' lang='grc' dir='ltr'><em>οὔτε</em></span> <span class='ocrx_word' id='word_1_10' title='bbox 1100 265 1252 314; x_wconf 78' lang='grc' dir='ltr'><em>ἐκεῖνος</em></span> <span class='ocrx_word' id='word_1_11' title='bbox 1281 263 1476 319; x_wconf 73' lang='grc' dir='ltr'><strong>ἀριθμεῖν</strong></span> <span class='ocrx_word' id='word_1_12' title='bbox 1502 259 1633 319; x_wconf 74' lang='grc' dir='ltr'><em>εἶχεν,</em></span> <span class='ocrx_word' id='word_1_13' title='bbox 1674 258 1769 308; x_wconf 61' lang='grc' dir='ltr'><em>οὔτε</em></span> 
     </span>
     <span class='ocr_line' id='line_1_3' title="bbox 335 327 1771 389; baseline -0.001 -15"><span class='ocrx_word' id='word_1_14' title='bbox 335 332 476 388; x_wconf 72' lang='grc' dir='ltr'><em>ἕτερός</em></span> <span class='ocrx_word' id='word_1_15' title='bbox 514 349 579 381; x_wconf 85' lang='grc' dir='ltr'><strong>τις</strong></span> <span class='ocrx_word' id='word_1_16' title='bbox 607 333 690 374; x_wconf 77' lang='grc' dir='ltr'><strong>τῶν</strong></span> <span class='ocrx_word' id='word_1_17' title='bbox 729 332 1081 384; x_wconf 83' lang='grc' dir='ltr'><em>διακονουμένων·</em></span> <span class='ocrx_word' id='word_1_18' title='bbox 1137 331 1210 372; x_wconf 83' lang='grc' dir='ltr'>καί</span> <span class='ocrx_word' id='word_1_19' title='bbox 1246 331 1331 384; x_wconf 79' lang='grc' dir='ltr'><em>οἵγε</em></span> <span class='ocrx_word' id='word_1_20' title='bbox 1359 327 1631 385; x_wconf 83' lang='grc' dir='ltr'><em>προσήκοντες</em></span> <span class='ocrx_word' id='word_1_21' title='bbox 1658 332 1771 389; x_wconf 69' lang='grc' dir='ltr'><em>αὐτῷ</em></span> 
     </span>
     <span class='ocr_line' id='line_1_4' title="bbox 333 393 1771 452; baseline -0.003 -10"><span class='ocrx_word' id='word_1_22' title='bbox 333 397 526 451; x_wconf 73' lang='grc' dir='ltr'><em>λογισταί</em></span> <span class='ocrx_word' id='word_1_23' title='bbox 550 399 645 438; x_wconf 78' lang='grc' dir='ltr'><strong>τῶν</strong></span> <span class='ocrx_word' id='word_1_24' title='bbox 660 398 969 452; x_wconf 78' lang='grc' dir='ltr'><em>στρατιωτικῶν</em></span> <span class='ocrx_word' id='word_1_25' title='bbox 989 395 1119 452; x_wconf 74' lang='grc' dir='ltr'><em>ἔργων</em></span> <span class='ocrx_word' id='word_1_26' title='bbox 1143 394 1214 439; x_wconf 89' lang='grc' dir='ltr'><strong>τὸν</strong></span> <span class='ocrx_word' id='word_1_27' title='bbox 1229 397 1307 449; x_wconf 78' lang='grc' dir='ltr'><em>μὲν</em></span> <span class='ocrx_word' id='word_1_28' title='bbox 1332 393 1518 451; x_wconf 74' lang='grc' dir='ltr'><em>οἷριθμὸν</em></span> <span class='ocrx_word' id='word_1_29' title='bbox 1537 397 1771 451; x_wconf 61' lang='grc' dir='ltr'><em>τῶνστρα-</em></span> 
     </span>
     <span class='ocr_line' id='line_1_5' title="bbox 333 457 1771 520; baseline -0.003 -13"><span class='ocrx_word' id='word_1_30' title='bbox 333 465 492 507; x_wconf 81' lang='grc' dir='ltr'><em>τιωτῶν</em></span> <span class='ocrx_word' id='word_1_31' title='bbox 520 457 700 520; x_wconf 72' lang='grc' dir='ltr'><em>ᾔδεσαν,</em></span> <span class='ocrx_word' id='word_1_32' title='bbox 754 459 800 504; x_wconf 81' lang='grc' dir='ltr'><em>τὸ</em></span> <span class='ocrx_word' id='word_1_33' title='bbox 831 463 877 504; x_wconf 80' lang='grc' dir='ltr'><strong>δὲ</strong></span> <span class='ocrx_word' id='word_1_34' title='bbox 905 463 1065 517; x_wconf 73' lang='grc' dir='ltr'><em>πλῆθος</em></span> <span class='ocrx_word' id='word_1_35' title='bbox 1092 463 1175 504; x_wconf 74' lang='grc' dir='ltr'><strong>τῶν</strong></span> <span class='ocrx_word' id='word_1_36' title='bbox 1215 458 1395 517; x_wconf 72' lang='grc' dir='ltr'><em>ἑταιρῶν</em></span> <span class='ocrx_word' id='word_1_37' title='bbox 1421 462 1494 502; x_wconf 82' lang='grc' dir='ltr'><em>καί</em></span> <span class='ocrx_word' id='word_1_38' title='bbox 1519 458 1592 502; x_wconf 88' lang='grc' dir='ltr'><strong>τὸν</strong></span> <span class='ocrx_word' id='word_1_39' title='bbox 1619 461 1664 502; x_wconf 78' lang='grc' dir='ltr'><strong>ἐκ</strong></span> <span class='ocrx_word' id='word_1_40' title='bbox 1688 463 1771 503; x_wconf 69' lang='grc' dir='ltr'><strong>τῶν</strong></span> 
     </span>
     <span class='ocr_line' id='line_1_6' title="bbox 331 519 1836 584; baseline -0.001 -14"><span class='ocrx_word' id='word_1_41' title='bbox 331 530 488 584; x_wconf 76' lang='grc' dir='ltr'><em>χειρῶν</em></span> <span class='ocrx_word' id='word_1_42' title='bbox 525 524 706 583; x_wconf 74' lang='grc' dir='ltr'><em>ἀριθμὸν</em></span> <span class='ocrx_word' id='word_1_43' title='bbox 744 527 878 569; x_wconf 69' lang='grc' dir='ltr'><em>αὐτοῦ’</em></span> <span class='ocrx_word' id='word_1_44' title='bbox 918 529 1135 584; x_wconf 84' lang='grc' dir='ltr'><em>διέφυγεν·</em></span> <span class='ocrx_word' id='word_1_45' title='bbox 1193 522 1332 582; x_wconf 73' lang='grc' dir='ltr'><em>ὥσπερ</em></span> <span class='ocrx_word' id='word_1_46' title='bbox 1373 519 1448 567; x_wconf 73' lang='grc' dir='ltr'><strong>οὖν</strong></span> <span class='ocrx_word' id='word_1_47' title='bbox 1485 524 1678 580; x_wconf 83' lang='grc' dir='ltr'><em>Ὀρόντην</em></span> <span class='ocrx_word' id='word_1_48' title='bbox 1700 523 1798 574; x_wconf 87' lang='grc' dir='ltr'><em>τὸν5</em></span> <span class='ocrx_word' id='word_1_49' title='bbox 1828 549 1836 561; x_wconf 58' lang='grc' dir='ltr'><em>ι</em></span> 
     </span>
     <span class='ocr_line' id='line_1_7' title="bbox 334 584 1775 648; baseline -0.002 -12"><span class='ocrx_word' id='word_1_50' title='bbox 334 593 509 648; x_wconf 79' lang='grc' dir='ltr'><em>Πέρσην</em></span> <span class='ocrx_word' id='word_1_51' title='bbox 549 591 681 648; x_wconf 75' lang='grc' dir='ltr'><em>φασίν</em></span> <span class='ocrx_word' id='word_1_52' title='bbox 720 594 870 646; x_wconf 80' lang='grc' dir='ltr'><em>εἰπεῖν,</em></span> <span class='ocrx_word' id='word_1_53' title='bbox 897 589 963 635; x_wconf 78' lang='grc' dir='ltr'><strong>ὅτι</strong></span> <span class='ocrx_word' id='word_1_54' title='bbox 1003 594 1087 634; x_wconf 78' lang='grc' dir='ltr'><strong>τῶν</strong></span> <span class='ocrx_word' id='word_1_55' title='bbox 1127 591 1340 634; x_wconf 77' lang='grc' dir='ltr'><em>δακτύλων</em></span> <span class='ocrx_word' id='word_1_56' title='bbox 1369 587 1391 631; x_wconf 81' lang='grc' dir='ltr'>ὅ</span> <span class='ocrx_word' id='word_1_57' title='bbox 1419 589 1672 647; x_wconf 86' lang='grc' dir='ltr'><em>μικρότατος</em></span> <span class='ocrx_word' id='word_1_58' title='bbox 1702 584 1775 644; x_wconf 65' lang='grc' dir='ltr'><em>καὶ</em></span> 
     </span>
     <span class='ocr_line' id='line_1_8' title="bbox 333 653 1773 715; baseline 0.001 -17"><span class='ocrx_word' id='word_1_59' title='bbox 333 655 466 713; x_wconf 77' lang='grc' dir='ltr'><em>μύρια</em></span> <span class='ocrx_word' id='word_1_60' title='bbox 495 656 788 712; x_wconf 71' lang='grc' dir='ltr'><em>σημαίνεικαὶ</em></span> <span class='ocrx_word' id='word_1_61' title='bbox 813 659 886 701; x_wconf 75' lang='grc' dir='ltr'><strong>ἕνα</strong></span> <span class='ocrx_word' id='word_1_62' title='bbox 913 655 1122 715; x_wconf 76' lang='grc' dir='ltr'><em>οἷριθμὸν,</em></span> <span class='ocrx_word' id='word_1_63' title='bbox 1152 654 1260 700; x_wconf 71' lang='grc' dir='ltr'><em>οὕτω</em></span> <span class='ocrx_word' id='word_1_64' title='bbox 1288 657 1470 699; x_wconf 74' lang='grc' dir='ltr'><em>κάκεῖνοι</em></span> <span class='ocrx_word' id='word_1_65' title='bbox 1499 654 1574 706; x_wconf 79' lang='grc' dir='ltr'><em>τὰς</em></span> <span class='ocrx_word' id='word_1_66' title='bbox 1604 653 1773 712; x_wconf 70' lang='grc' dir='ltr'><em>ἑταίρας</em></span> 
     </span>
     <span class='ocr_line' id='line_1_9' title="bbox 333 720 1472 783; baseline -0.001 -18"><span class='ocrx_word' id='word_1_67' title='bbox 333 720 438 766; x_wconf 71' lang='grc' dir='ltr'><em>κατὰ</em></span> <span class='ocrx_word' id='word_1_68' title='bbox 468 721 658 776; x_wconf 81' lang='grc' dir='ltr'><em>μονάδας</em></span> <span class='ocrx_word' id='word_1_69' title='bbox 687 723 761 766; x_wconf 82' lang='grc' dir='ltr'><em>καί</em></span> <span class='ocrx_word' id='word_1_70' title='bbox 786 723 998 783; x_wconf 79' lang='grc' dir='ltr'><em>μυριάδας</em></span> <span class='ocrx_word' id='word_1_71' title='bbox 1025 726 1248 781; x_wconf 72' lang='grc' dir='ltr'><em>ἠρίθμουν.</em></span> <span class='ocrx_word' id='word_1_72' title='bbox 1304 726 1357 765; x_wconf 91' lang='lat' dir='ltr'><strong>In</strong></span> <span class='ocrx_word' id='word_1_73' title='bbox 1383 740 1472 765; x_wconf 86' lang='lat' dir='ltr'><strong>voc.</strong></span> 
     </span>
    </p>
   </div>
   <div class='ocr_carea' id='block_1_3' title="bbox 383 821 1775 1008">
    <p class='ocr_par' dir='ltr' id='par_1_3' title="bbox 383 821 1775 1008">
     <span class='ocr_line' id='line_1_10' title="bbox 383 821 1775 868; baseline -0.002 -11"><span class='ocrx_word' id='word_1_74' title='bbox 383 827 386 831; x_wconf 83' lang='lat'>&#39;</span> <span class='ocrx_word' id='word_1_75' title='bbox 428 823 463 861; x_wconf 84' lang='lat'><strong>5.</strong></span> <span class='ocrx_word' id='word_1_76' title='bbox 487 821 628 861; x_wconf 71' lang='grc' dir='ltr'><em>αὐτούς</em></span> <span class='ocrx_word' id='word_1_77' title='bbox 651 825 744 858; x_wconf 84' lang='lat' dir='ltr'><strong>coni.</strong></span> <span class='ocrx_word' id='word_1_78' title='bbox 771 825 813 857; x_wconf 88' lang='lat' dir='ltr'><strong>N.</strong></span> <span class='ocrx_word' id='word_1_79' title='bbox 935 823 1048 858; x_wconf 83' lang='lat' dir='ltr'><strong>Omisi</strong></span> <span class='ocrx_word' id='word_1_80' title='bbox 1073 823 1310 868; x_wconf 83' lang='lat' dir='ltr'><strong>fragmentum</strong></span> <span class='ocrx_word' id='word_1_81' title='bbox 1336 821 1380 857; x_wconf 90' lang='lat' dir='ltr'><strong>de</strong></span> <span class='ocrx_word' id='word_1_82' title='bbox 1405 821 1612 856; x_wconf 82' lang='lat' dir='ltr'><strong>Theodosio</strong></span> <span class='ocrx_word' id='word_1_83' title='bbox 1636 822 1775 856; x_wconf 81' lang='lat' dir='ltr'><strong>minore</strong></span> 
     </span>
     <span class='ocr_line' id='line_1_11' title="bbox 426 866 1773 916; baseline -0.003 -12"><span class='ocrx_word' id='word_1_84' title='bbox 426 875 464 904; x_wconf 85' lang='lat' dir='ltr'><strong>et</strong></span> <span class='ocrx_word' id='word_1_85' title='bbox 487 866 666 905; x_wconf 77' lang='lat' dir='ltr'><strong>Antiocho</strong></span> <span class='ocrx_word' id='word_1_86' title='bbox 690 872 875 916; x_wconf 82' lang='lat' dir='ltr'><strong>patricio,</strong></span> <span class='ocrx_word' id='word_1_87' title='bbox 902 870 1002 916; x_wconf 86' lang='lat' dir='ltr'><strong>quod</strong></span> <span class='ocrx_word' id='word_1_88' title='bbox 1025 871 1143 905; x_wconf 82' lang='lat' dir='ltr'><strong>Maius</strong></span> <span class='ocrx_word' id='word_1_89' title='bbox 1178 881 1213 915; x_wconf 89' lang='lat' dir='ltr'><strong>p.</strong></span> <span class='ocrx_word' id='word_1_90' title='bbox 1240 871 1318 905; x_wconf 80' lang='lat'>315.</span> <span class='ocrx_word' id='word_1_91' title='bbox 1344 868 1411 902; x_wconf 86' lang='lat' dir='ltr'><strong>sub</strong></span> <span class='ocrx_word' id='word_1_92' title='bbox 1437 870 1490 915; x_wconf 75' lang='lat'><strong>77.</strong></span> <span class='ocrx_word' id='word_1_93' title='bbox 1517 867 1544 914; x_wconf 90' lang='lat'><strong>§.</strong></span> <span class='ocrx_word' id='word_1_94' title='bbox 1571 870 1602 902; x_wconf 82' lang='lat'><strong>3.</strong></span> <span class='ocrx_word' id='word_1_95' title='bbox 1633 869 1773 913; x_wconf 77' lang='lat' dir='ltr'><strong>posuit3</strong></span> 
     </span>
     <span class='ocr_line' id='line_1_12' title="bbox 423 914 1774 963; baseline 0 -14"><span class='ocrx_word' id='word_1_96' title='bbox 423 919 558 950; x_wconf 85' lang='lat' dir='ltr'><strong>etenim</strong></span> <span class='ocrx_word' id='word_1_97' title='bbox 600 918 783 963; x_wconf 80' lang='lat' dir='ltr'><strong>Eunapius</strong></span> <span class='ocrx_word' id='word_1_98' title='bbox 795 943 808 959; x_wconf 91' lang='lat'><em>,</em></span> <span class='ocrx_word' id='word_1_99' title='bbox 854 917 981 951; x_wconf 89' lang='lat' dir='ltr'><strong>Photio</strong></span> <span class='ocrx_word' id='word_1_100' title='bbox 1024 922 1137 958; x_wconf 77' lang='lat' dir='ltr'><strong>teste,</strong></span> <span class='ocrx_word' id='word_1_101' title='bbox 1182 920 1268 951; x_wconf 86' lang='lat' dir='ltr'><strong>ante</strong></span> <span class='ocrx_word' id='word_1_102' title='bbox 1313 916 1450 950; x_wconf 78' lang='lat' dir='ltr'><strong>exitum</strong></span> <span class='ocrx_word' id='word_1_103' title='bbox 1482 915 1628 951; x_wconf 79' lang='lat' dir='ltr'><strong>Arcadii</strong></span> <span class='ocrx_word' id='word_1_104' title='bbox 1663 914 1774 949; x_wconf 85' lang='lat' dir='ltr'><strong>finem</strong></span> 
     </span>
     <span class='ocr_line' id='line_1_13' title="bbox 424 963 779 1008; baseline 0.003 -13"><span class='ocrx_word' id='word_1_105' title='bbox 424 963 543 1008; x_wconf 81' lang='lat' dir='ltr'><strong>operis</strong></span> <span class='ocrx_word' id='word_1_106' title='bbox 568 963 711 998; x_wconf 83' lang='lat' dir='ltr'><strong>fecerat.</strong></span> <span class='ocrx_word' id='word_1_107' title='bbox 737 963 779 997; x_wconf 89' lang='lat' dir='ltr'><strong>N.</strong></span> 
     </span>
    </p>
   </div>
   <div class='ocr_carea' id='block_1_4' title="bbox 332 1050 1775 1424">
    <p class='ocr_par' dir='ltr' id='par_1_4' title="bbox 332 1050 1775 1424">
     <span class='ocr_line' id='line_1_14' title="bbox 333 1050 1775 1096; baseline -0.002 -9"><span class='ocrx_word' id='word_1_108' title='bbox 333 1051 456 1088; x_wconf 67' lang='lat' dir='ltr'><strong>studio</strong></span> <span class='ocrx_word' id='word_1_109' title='bbox 482 1053 652 1088; x_wconf 78' lang='lat' dir='ltr'><strong>exercuit.</strong></span> <span class='ocrx_word' id='word_1_110' title='bbox 701 1052 793 1087; x_wconf 84' lang='lat' dir='ltr'><strong>Nam</strong></span> <span class='ocrx_word' id='word_1_111' title='bbox 818 1064 898 1086; x_wconf 87' lang='lat' dir='ltr'><strong>cum</strong></span> <span class='ocrx_word' id='word_1_112' title='bbox 918 1057 974 1086; x_wconf 81' lang='lat' dir='ltr'><strong>tot</strong></span> <span class='ocrx_word' id='word_1_113' title='bbox 994 1052 1138 1086; x_wconf 81' lang='lat' dir='ltr'><strong>musicis</strong></span> <span class='ocrx_word' id='word_1_114' title='bbox 1159 1050 1372 1086; x_wconf 83' lang='lat' dir='ltr'><strong>mulieribus</strong></span> <span class='ocrx_word' id='word_1_115' title='bbox 1397 1050 1511 1091; x_wconf 81' lang='lat' dir='ltr'><strong>vixit,</strong></span> <span class='ocrx_word' id='word_1_116' title='bbox 1537 1055 1580 1084; x_wconf 80' lang='lat' dir='ltr'><strong>ut</strong></span> <span class='ocrx_word' id='word_1_117' title='bbox 1596 1061 1663 1085; x_wconf 86' lang='lat' dir='ltr'><strong>nec</strong></span> <span class='ocrx_word' id='word_1_118' title='bbox 1684 1051 1775 1096; x_wconf 81' lang='lat' dir='ltr'><strong>ipse,</strong></span> 
     </span>
     <span class='ocr_line' id='line_1_15' title="bbox 333 1096 1775 1142; baseline -0.001 -10"><span class='ocrx_word' id='word_1_119' title='bbox 333 1110 401 1132; x_wconf 86' lang='lat' dir='ltr'><strong>nec</strong></span> <span class='ocrx_word' id='word_1_120' title='bbox 419 1099 521 1132; x_wconf 65' lang='lat' dir='ltr'><strong>ullus</strong></span> <span class='ocrx_word' id='word_1_121' title='bbox 548 1100 640 1133; x_wconf 90' lang='lat' dir='ltr'><strong>alius</strong></span> <span class='ocrx_word' id='word_1_122' title='bbox 664 1099 708 1132; x_wconf 90' lang='lat' dir='ltr'><strong>de</strong></span> <span class='ocrx_word' id='word_1_123' title='bbox 730 1099 906 1132; x_wconf 80' lang='lat' dir='ltr'><strong>ministris</strong></span> <span class='ocrx_word' id='word_1_124' title='bbox 930 1099 1043 1142; x_wconf 78' lang='lat' dir='ltr'><strong>ipsius</strong></span> <span class='ocrx_word' id='word_1_125' title='bbox 1073 1107 1132 1129; x_wconf 87' lang='lat' dir='ltr'><strong>eas</strong></span> <span class='ocrx_word' id='word_1_126' title='bbox 1150 1107 1338 1129; x_wconf 78' lang='lat' dir='ltr'><strong>numerare</strong></span> <span class='ocrx_word' id='word_1_127' title='bbox 1365 1102 1497 1140; x_wconf 85' lang='lat' dir='ltr'><strong>posset.</strong></span> <span class='ocrx_word' id='word_1_128' title='bbox 1547 1096 1592 1129; x_wconf 78' lang='lat' dir='ltr'><strong>Et</strong></span> <span class='ocrx_word' id='word_1_129' title='bbox 1617 1097 1775 1130; x_wconf 80' lang='lat' dir='ltr'><strong>familia-</strong></span> 
     </span>
     <span class='ocr_line' id='line_1_16' title="bbox 334 1142 1774 1190; baseline -0.003 -10"><span class='ocrx_word' id='word_1_130' title='bbox 334 1156 389 1180; x_wconf 82' lang='lat' dir='ltr'><strong>res</strong></span> <span class='ocrx_word' id='word_1_131' title='bbox 411 1145 559 1190; x_wconf 74' lang='lat' dir='ltr'><strong>quidem</strong></span> <span class='ocrx_word' id='word_1_132' title='bbox 578 1146 709 1188; x_wconf 85' lang='lat' dir='ltr'><strong>ipsius,</strong></span> <span class='ocrx_word' id='word_1_133' title='bbox 744 1144 957 1176; x_wconf 75' lang='lat' dir='ltr'><strong>militarium</strong></span> <span class='ocrx_word' id='word_1_134' title='bbox 978 1153 1095 1176; x_wconf 86' lang='lat' dir='ltr'><strong>rerum</strong></span> <span class='ocrx_word' id='word_1_135' title='bbox 1118 1142 1412 1182; x_wconf 84' lang='lat' dir='ltr'><strong>ratiocinatores,</strong></span> <span class='ocrx_word' id='word_1_136' title='bbox 1445 1143 1602 1176; x_wconf 86' lang='lat' dir='ltr'><strong>militum</strong></span> <span class='ocrx_word' id='word_1_137' title='bbox 1623 1142 1774 1189; x_wconf 86' lang='lat' dir='ltr'><strong>quidem</strong></span> 
     </span>
     <span class='ocr_line' id='line_1_17' title="bbox 332 1188 1775 1234; baseline -0.001 -10"><span class='ocrx_word' id='word_1_138' title='bbox 332 1201 522 1224; x_wconf 84' lang='lat' dir='ltr'><strong>numerum</strong></span> <span class='ocrx_word' id='word_1_139' title='bbox 545 1190 730 1230; x_wconf 87' lang='lat' dir='ltr'><strong>notabant,</strong></span> <span class='ocrx_word' id='word_1_140' title='bbox 753 1190 830 1234; x_wconf 85' lang='lat' dir='ltr'><strong>ipsa</strong></span> <span class='ocrx_word' id='word_1_141' title='bbox 851 1202 934 1224; x_wconf 87' lang='lat' dir='ltr'><strong>vero</strong></span> <span class='ocrx_word' id='word_1_142' title='bbox 957 1195 1155 1222; x_wconf 85' lang='lat' dir='ltr'><strong>scortorum</strong></span> <span class='ocrx_word' id='word_1_143' title='bbox 1169 1188 1365 1222; x_wconf 87' lang='lat' dir='ltr'><strong>multitudo</strong></span> <span class='ocrx_word' id='word_1_144' title='bbox 1387 1189 1444 1222; x_wconf 88' lang='lat' dir='ltr'><strong>vel</strong></span> <span class='ocrx_word' id='word_1_145' title='bbox 1468 1191 1586 1234; x_wconf 86' lang='lat' dir='ltr'><strong>ipsum</strong></span> <span class='ocrx_word' id='word_1_146' title='bbox 1603 1200 1775 1223; x_wconf 87' lang='lat' dir='ltr'><strong>manuum</strong></span> 
     </span>
     <span class='ocr_line' id='line_1_18' title="bbox 333 1235 1775 1282; baseline -0.002 -11"><span class='ocrx_word' id='word_1_147' title='bbox 333 1237 346 1271; x_wconf 87' lang='lat' dir='ltr'><strong>i</strong></span> <span class='ocrx_word' id='word_1_148' title='bbox 375 1239 449 1271; x_wconf 78' lang='lat' dir='ltr'><strong>sius</strong></span> <span class='ocrx_word' id='word_1_149' title='bbox 484 1248 673 1281; x_wconf 67' lang='lat' dir='ltr'><strong>numerum</strong></span> <span class='ocrx_word' id='word_1_150' title='bbox 706 1236 879 1282; x_wconf 80' lang='lat' dir='ltr'><strong>fugiebat.</strong></span> <span class='ocrx_word' id='word_1_151' title='bbox 929 1235 1244 1281; x_wconf 86' lang='lat' dir='ltr'><strong>Quemadmodum</strong></span> <span class='ocrx_word' id='word_1_152' title='bbox 1280 1236 1391 1279; x_wconf 85' lang='lat' dir='ltr'><strong>igitur</strong></span> <span class='ocrx_word' id='word_1_153' title='bbox 1425 1236 1599 1270; x_wconf 82' lang='lat' dir='ltr'><strong>orontem</strong></span> <span class='ocrx_word' id='word_1_154' title='bbox 1635 1237 1775 1270; x_wconf 83' lang='lat' dir='ltr'><strong>Persam</strong></span> 
     </span>
     <span class='ocr_line' id='line_1_19' title="bbox 335 1248 1774 1326; baseline -0.001 -10"><span class='ocrx_word' id='word_1_155' title='bbox 335 1248 470 1316; x_wconf 52' lang='lat' dir='ltr'><strong>affixisse</strong></span> <span class='ocrx_word' id='word_1_156' title='bbox 499 1284 644 1324; x_wconf 84' lang='lat' dir='ltr'><strong>ferunt,</strong></span> <span class='ocrx_word' id='word_1_157' title='bbox 680 1283 870 1315; x_wconf 89' lang='lat' dir='ltr'><strong>minimum</strong></span> <span class='ocrx_word' id='word_1_158' title='bbox 896 1293 1023 1316; x_wconf 84' lang='lat' dir='ltr'><strong>manus</strong></span> <span class='ocrx_word' id='word_1_159' title='bbox 1050 1281 1203 1326; x_wconf 84' lang='lat' dir='ltr'><strong>digitum</strong></span> <span class='ocrx_word' id='word_1_160' title='bbox 1231 1286 1267 1315; x_wconf 86' lang='lat' dir='ltr'><strong>et</strong></span> <span class='ocrx_word' id='word_1_161' title='bbox 1299 1282 1423 1315; x_wconf 88' lang='lat' dir='ltr'><strong>decem</strong></span> <span class='ocrx_word' id='word_1_162' title='bbox 1458 1282 1575 1315; x_wconf 84' lang='lat' dir='ltr'><strong>millia</strong></span> <span class='ocrx_word' id='word_1_163' title='bbox 1609 1287 1646 1315; x_wconf 82' lang='lat' dir='ltr'><strong>et</strong></span> <span class='ocrx_word' id='word_1_164' title='bbox 1662 1293 1774 1315; x_wconf 88' lang='lat' dir='ltr'><strong>unum</strong></span> 
     </span>
     <span class='ocr_line' id='line_1_20' title="bbox 334 1327 1774 1374; baseline -0.001 -10"><span class='ocrx_word' id='word_1_165' title='bbox 334 1335 477 1364; x_wconf 81' lang='lat' dir='ltr'><strong>tantum</strong></span> <span class='ocrx_word' id='word_1_166' title='bbox 511 1340 699 1363; x_wconf 87' lang='lat' dir='ltr'><strong>numerum</strong></span> <span class='ocrx_word' id='word_1_167' title='bbox 727 1329 951 1373; x_wconf 79' lang='lat' dir='ltr'><strong>significare,</strong></span> <span class='ocrx_word' id='word_1_168' title='bbox 993 1330 1044 1363; x_wconf 72' lang='lat' dir='ltr'><strong>sic</strong></span> <span class='ocrx_word' id='word_1_169' title='bbox 1070 1328 1178 1363; x_wconf 86' lang='lat' dir='ltr'><strong>etiam</strong></span> <span class='ocrx_word' id='word_1_170' title='bbox 1209 1327 1266 1362; x_wconf 91' lang='lat' dir='ltr'><strong>illi</strong></span> <span class='ocrx_word' id='word_1_171' title='bbox 1291 1333 1408 1364; x_wconf 78' lang='lat' dir='ltr'><strong>scorta</strong></span> <span class='ocrx_word' id='word_1_172' title='bbox 1431 1334 1467 1364; x_wconf 82' lang='lat' dir='ltr'><strong>et</strong></span> <span class='ocrx_word' id='word_1_173' title='bbox 1501 1329 1710 1374; x_wconf 78' lang='lat' dir='ltr'><strong>singulatim</strong></span> <span class='ocrx_word' id='word_1_174' title='bbox 1737 1333 1774 1363; x_wconf 84' lang='lat' dir='ltr'><strong>et</strong></span> 
     </span>
     <span class='ocr_line' id='line_1_21' title="bbox 334 1374 919 1424; baseline -0.003 -13"><span class='ocrx_word' id='word_1_175' title='bbox 334 1386 401 1424; x_wconf 78' lang='lat' dir='ltr'><strong>per</strong></span> <span class='ocrx_word' id='word_1_176' title='bbox 417 1374 508 1412; x_wconf 82' lang='lat' dir='ltr'><strong>dena</strong></span> <span class='ocrx_word' id='word_1_177' title='bbox 530 1377 644 1412; x_wconf 84' lang='lat' dir='ltr'><strong>millia</strong></span> <span class='ocrx_word' id='word_1_178' title='bbox 667 1376 919 1412; x_wconf 85' lang='lat' dir='ltr'><strong>numerabant.</strong></span> 
     </span>
    </p>
   </div>
  </div>
 </body>
</html>
