1924 3164
346 183 401 223 IN
439 179 683 223 EcLoeAs
719 178 1060 221 THEOPHANIS
1098 172 1357 220 BYz'AN'm.
1486 153 1602 234 589

162 286 363 323 civitatem
390 285 503 339 apud
527 294 699 324 sanctum
736 286 915 323 Petrum.
971 283 1108 322 Scribe
1134 296 1221 322 eum
1236 313 1247 331 ,
1289 296 1433 346 nemupe
1472 283 1601 321 Leon-

166 342 263 378 tium
282 369 295 388 ,
326 347 372 378 ut
399 342 552 379 Graeca
571 339 778 378 manifeste
789 339 976 378 edocent:
1008 336 1029 377 ὁ
1059 337 1104 377 δὲ
1131 336 1346 388 πατρίκιος
1376 333 1599 383 Ιλλος-σύν

161 393 351 448 Λεοντίῳ
388 395 462 434 καί
503 398 589 441 τοῖς
622 396 782 439 λοιποῖς
818 391 1091 445 παραγίνεται
1119 391 1162 437 ἐς
1187 392 1245 431 τὸ·
1264 390 1494 442 Παπυρίου
1525 406 1601 429 κα-

161 449 325 487 στέλλιν
367 446 440 487 καὶ
478 444 691 499 ἐξαγαγών
730 446 911 499 Βερίιάν
964 445 1024 492 εἰς
1085 445 1252 498 Ταρσὸν
1289 447 1362 498 τῆς
1401 445 1600 493 Κιλικίας

161 501 354 554 ἐποίησεν
376 499 506 554 αὐτὴν
524 504 679 552 στέψαι
709 500 790 550 ἔξω
812 501 886 554 τῆς
913 499 1075 546 πόλεως
1102 501 1161 546 εἰς
1186 500 1260 541 τὸν
1285 497 1408 553 Ιἅγιον
1420 500 1592 552 Πέτρον

158 556 335 607 βασιλέα
364 553 568 596 Λεόντιον
593 552 666 595 τὸν
695 553 929 608 πατρίκιον.
987 555 1061 594 καί
1095 552 1291 609 ἔγραψενξῖ
1315 551 1342 608 ἦ
1398 553 1597 594 δέσποινα

156 608 318 662 Βερίνα
346 610 509 663 σάκραν
549 614 635 657 τοῖς
681 609 945 661 Ἀντιοχεῦσι
974 607 1128 663 Σύροις
1156 617 1229 651 etc.
1285 612 1402 661 Quae
1430 624 1527 648 vero
1546 609 1597 648 ad

159 672 329 704 mortem
359 667 532 705 Zenonis
561 672 742 718 spectant
775 672 908 719 repete
953 665 1006 704 sis
1046 679 1092 704 ex
1128 665 1360 719 vulgaribus
1382 663 1597 704 *historicis

155 719 529 774 Chronicorumque
554 720 834 773 scriptoribus.

344 954 388 1001 E
429 952 934 1001 THEOPHANE
979 953 1412 1002 BYZANTIO.

264 1047 479 1106 Byzantius
517 1053 583 1092 hic
625 1053 891 1106 Theophanes
933 1054 1097 1092 omnino
1140 1053 1320 1092 diversus
1354 1060 1413 1092 est
1443 1060 1532 1092 tum
1568 1054 1636 1093 aP·
1662 1064 1728 1089 ¹¹⁰

150 1107 403 1160 Theophane
421 1108 565 1147 Lesbio
586 1110 671 1148 sive
689 1108 934 1162 Mitylenaeo
944 1140 956 1158 ,
986 1110 1100 1146 cuius
1114 1108 1333 1148 meminere
1350 1108 1592 1147 Plutarchus

150 1164 194 1201 in
227 1163 443 1215 Pompeio,
473 1163 617 1202 Strabo
635 1194 647 1213 ‚
680 1163 914 1202 Paterculus
951 1162 1098 1216 aliique
1119 1193 1130 1213 ‚
1178 1170 1266 1202 tum
1298 1178 1322 1202 a
1344 1165 1592 1203 sanctissimo

150 1217 301 1256 Christi
330 1217 553 1258 confessore
593 1218 839 1271 Theophane
857 1248 868 1268 ‚
924 1218 1216 1256 Monachorum
1260 1217 1358 1271 Agri
1392 1219 1596 1270 praesecto

147 1273 234 1310 sive
277 1272 435 1310 Abbate
472 1273 608 1325 (quem
646 1275 778 1312 minus
825 1274 1002 1325 apposite
1043 1273 1261 1325 Georgium
1298 1273 1509 1324 nonnulli,
1550 1280 1592 1313 et

146 1334 238 1379 post
266 1326 555 1366 Leuuclavium
586 1330 629 1366 in
658 1328 802 1366 Latina
839 1327 1047 1366 Michaelis
1085 1327 1234 1381 Glycae
1278 1330 1460 1367 versione
1503 1329 1589 1368 ruri

147 1381 326 1434 degentis
367 1389 501 1420 coetus
550 1381 795 1434 praefectum
832 1381 995 1432 dicunt3
1031 1383 1223 1435 cuiusque
1262 1382 1492 1422 Chronieon
1535 1382 1590 1422 ab

145 1435 360 1475 Anastasio
387 1436 426 1476 S.
453 1437 503 1476 R.
524 1436 576 1475 E.
605 1436 915 1476 Bibliothecario
948 1437 1164 1476 Latinitate
1195 1438 1476 1477 mixobarbara
1501 1452 1590 1477 ma-

145 1491 295 1529 ximam
325 1496 480 1543 partem
508 1490 706 1529 redditum
729 1522 740 1541 ‚
778 1499 899 1544 atque
929 1506 953 1530 a
982 1491 1183 1530 Landulfo
1218 1491 1360 1544 Sagaci
1383 1492 1588 1532 Miscellae

146 1544 347 1584 Historiae
380 1547 547 1598 sparsim
587 1547 780 1585 insertum
798 1576 809 1596 ‚
839 1547 955 1599 regiis
994 1547 1100 1599 typis
1132 1547 1175 1585 in
1217 1546 1346 1585 lucem
1382 1548 1586 1600 publicam

142 1613 251 1639 nunc
276 1602 453 1652 primum
474 1601 578 1650 exit).
636 1600 753 1640 Nulla
774 1609 820 1640 ut
843 1603 947 1640 iusta
970 1603 1064 1640 satis
1095 1603 1267 1655 suspicio
1296 1603 1462 1642 eruditis
1488 1604 1587 1642 viris

142 1667 226 1692 esse
253 1657 451 1707 potuerit,
483 1669 556 1693 cur
582 1663 716 1694 noster
746 1656 811 1694 hic
831 1685 842 1705 ‚
872 1658 942 1709 qui
975 1671 1037 1695 res
1065 1670 1162 1704 δυο,
1202 1664 1250 1695 ut
1276 1657 1458 1708 videtur,
1482 1666 1587 1697 tem-

142 1722 240 1761 pore
268 1709 343 1748 sub
364 1709 517 1748 Iustino
540 1710 702 1748 Iuniore
730 1717 858 1762 gestas
875 1740 886 1756 ‚
921 1712 1026 1749 circa
1056 1724 1208 1749 annum
1239 1712 1441 1751 Dominici
1465 1713 1586 1752 Nata-

141 1762 192 1801 lis
228 1763 322 1803 580.
353 1765 607 1816 conscripsit,
646 1764 752 1802 idem
787 1764 908 1802 fuerit
938 1779 1030 1803 cum
1063 1778 1131 1814 eo,
1161 1767 1231 1819 qui
1263 1773 1354 1819 post
1393 1767 1586 1806 ducentos

141 1824 183 1856 et
213 1818 322 1871 quod
345 1819 516 1857 excurrit
547 1832 671 1857 annos
701 1818 832 1856 adhuc
855 1826 1052 1871 superstes
1087 1827 1183 1863 erat.

252 1873 357 1925 Pag.
371 1887 437 1911 21.
453 1871 628 1926 A.[483,
646 1872 709 1926 3.]
742 1873 913 1912 Iustinus
936 1874 1166 1928 Imperator
1193 1883 1234 1912 et
1253 1874 1456 1926 Chosroffis,
1480 1875 1585 1915 Per-

137 1941 276 1965 sarum
305 1941 397 1966 rex.
452 1927 823 1980 Interpretationem
852 1929 907 1967 sic
934 1943 1124 1967 recense:
1154 1929 1262 1983 qaod
1286 1931 1410 1984 raptis
1431 1931 1582 1982 foede-

138 1983 244 2020 ribus
272 1990 453 2021 exornant
480 1991 557 2030 est,
608 1997 708 2036 quae
737 1997 763 2021 a
791 1983 1010 2022 Iastim'ano
1037 1983 1283 2038 Imperatore
1309 1994 1348 2024 et
1376 1985 1550 2024 C7105r0e'
1564 2016 1576 2035 ‚

137 2036 352 2075 Persarum
380 2051 468 2088 rege
484 2067 493 2083 ‚
524 2038 727 2075 consancta
763 2038 963 2076 solverunt
991 2037 1180 2077 Chosroe's
1207 2040 1288 2093 ipse
1315 2048 1354 2078 et
1378 2039 1548 2080 Iustinus
1561 2070 1575 2090 ,

136 2090 352 2130 Iustiniani
381 2105 582 2138 successor,
613 2101 778 2130 exezmte
802 2093 926 2131 altero
952 2094 1111 2147 imperii
1136 2107 1256 2132 anno.
1310 2094 1579 2135 Iustinianum

138 2153 246 2185 certe
274 2147 316 2184 in
353 2144 486 2184 locum
514 2146 654 2183 Iustini
694 2147 994 2199 subrogandum
1021 2161 1122 2199 esse,
1153 2148 1337 2188 dubitare
1362 2163 1444 2189 non
1483 2151 1579 2190 sinit

138 2202 259 2239 series
287 2202 509 2250 orationis;
539 2200 780 2254 firmantque
806 2204 962 2250 omnia,
1002 2217 1104 2254 quae
1133 2201 1183 2241 de
1209 2203 1315 2242 initis
1343 2218 1425 2243 non
1454 2205 1577 2246 semel

135 2268 259 2307 opera
286 2257 455 2294 maxime
484 2255 596 2293 Petri
625 2255 789 2294 Patricii
818 2264 937 2309 atque
966 2257 1189 2296 officiorum
1214 2259 1395 2311 Magistri
1426 2260 1576 2299 Roma-

136 2322 212 2348 nos
240 2311 345 2348 inter
373 2324 418 2348 ac
457 2310 597 2348 Persas
637 2310 862 2349 foederibus
901 2311 1084 2364 pluribus
1123 2320 1327 2365 exponunt
1353 2314 1575 2367 Procopius

135 2370 225 2402 tum
252 2363 324 2402 lib.
357 2378 398 2402 2.
421 2364 674 2402 Persicorum
701 2379 794 2418 pag.
817 2365 882 2416 4ο.
898 2396 908 2413 ,
938 2373 1026 2405 tum
1054 2365 1127 2404 lib.
1151 2366 1191 2417 4.
1219 2367 1270 2406 de
1295 2367 1401 2407 bello
1432 2370 1574 2420 Goth„

137 2425 179 2456 et
221 2419 442 2457 Menander
479 2419 688 2458 Protector
726 2420 766 2457 in
794 2421 1002 2472 Excerptis
1046 2420 1291 2473 legationum
1332 2438 1424 2476 pag.
1460 2427 1572 2475 133„

135 2471 208 2510 ubi
249 2474 352 2512 inter
398 2481 528 2512 cetera
580 2473 727 2512 dicitur
762 2474 906 2514 Petrus
942 2475 1010 2514 ille
1048 2473 1266 2526 Ῥωμαίων
1317 2475 1574 2531 πρεσβευτὴς

135 2523 416 2578 ἀποχρώντως
444 2524 551 2578 ἔχων
579 2527 654 2579 τῆς
680 2542 727 2567 τε
755 2521 881 2581 ἄλλης
906 2529 1100 2575 παιδείας
1126 2529 1198 2570 καί
1222 2531 1296 2583 τῆς
1314 2533 1395 2571 τῶν
1414 2528 1568 2581 νόμων,

135 2588 176 2619 et
203 2594 315 2634 seqq.
354 2583 444 2636 137.
485 2583 573 2635 139.
609 2581 696 2632 140.
738 2582 841 2633 141„
872 2584 913 2622 in
942 2583 1087 2637 quibus
1117 2586 1365 2626 conditiOnes
1393 2589 1498 2640 pacti
1526 2588 1570 2626 in

137 2649 263 2674 annos
290 2637 577 2689 quinquaginta
603 2636 772 2676 foederis
799 2639 1034 2688 recitantur,
1059 2654 1157 2692 quas
1179 2639 1310 2693 quivis
1336 2655 1571 2694 percurrere

134 2686 281 2742 potest}
333 2691 518 2729 Videnda
550 2705 710 2744 quoque
727 2721 739 2742 ,
785 2707 887 2744 quae
917 2693 968 2732 de
995 2694 1047 2732 iis*
1070 2694 1222 2741 habent
1253 2696 1452 2749 Agathias
1480 2695 1577 2747 L4..

133 2758 177 2797 p.
206 2745 295 2799 137..
321 2752 361 2785 et
386 2745 650 2801 Theophanes
678 2746 892 2787 Confessor
920 2745 963 2788 in
991 2749 1206 2789 Chronico.
1262 2752 1376 2802 Quae
1405 2752 1566 2803 omnia,
