1924 3164
594 167 627 207 E
672 166 954 207 ΜΕΝΑΝΒΜ
994 165 1266 207 HISTORIA.
1518 146 1631 203 323

193 268 493 313 Ἰουστινιανοῦ
519 269 595 310 τοῦ
622 268 829 321 βασιλέως
864 273 950 317 τοῖς
986 268 1324 323 Περσαρμενίοις
1350 269 1425 310 καί
1448 271 1535 317 τοῖς
1559 270 1680 321 pte-A.
1696 270 1733 305 C.
1748 271 1815 316 577

196 332 494 390 ταχωρήσασιγ
515 334 703 389 Ἰβήρων.
732 329 945 386 ὄμωμόκει
971 331 1051 388 γὰρ
1079 330 1102 374 ὅ
1127 331 1339 389 βασιλεῦς,
1368 333 1426 383 ὥς
1456 318 1834 414 καθόσονξῖἓίὶὲἶιή

199 395 336 442 οἶόντέ
362 400 476 442 ἐστιν
505 400 623 457 αὕτῷ
639 431 651 452 ,
681 396 849 441 ἅπαντα
878 398 1139 454 α’νακινήσειν
1165 398 1340 456 τρόπον,
1380 399 1438 450 οἷς
1477 397 1531 442 (ἲν
1570 417 1639 453 και
1652 415 1686 447 Ρ,
1701 423 1765 447 122

200 464 333 520 αὐτήν
359 480 405 520 γε
433 466 567 520 δήπου
594 463 672 520 τήν
697 466 972 519 θρεψαμένην
999 466 1113 520 σφᾶς
1137 464 1356 520 ποιήσεται
1382 465 1640 521 ὑποχείριον·

174 529 241 574 δεῖ
266 531 313 573 δέ
339 547 386 586 γε
414 526 520 586 ἄχρι
545 533 690 578 τέλους
717 525 767 572 οὗ
792 547 834 572 τι
859 528 996 572 ἔσοιτο
1023 528 1198 580 δυνατὸς
1226 529 1333 586 πρὸς
1358 529 1433 574 τὸν
1460 530 1643 586 πόλεμον

198 598 394 649 ἀνθέξειν
412 629 424 651 ,
463 595 571 639 ἄλλα
605 595 704 645 τούς
740 598 898 645 αἰτίους
936 598 1010 651 τῆς
1058 596 1325 647 α’ποστάσεως
1362 599 1437 640 καί
1461 596 1560 647 τούς
1584 599 1645 655 τῷ

201 663 356 717 αἵματί
387 679 514 720 σφισι
552 660 856 717 προσήκοντας,
895 661 1116 711 ξυνελόντα
1159 664 1207 704 δὲ
1241 663 1372 706 εἰπεῖν
1412 662 1514 712 τούς
1550 659 1646 706 ὅσοι

199 729 429 783 βούλονται
452 726 696 783 Ῥωμαϊκῆς
721 733 950 782 μετασχεῖν
986 729 1221 782 πολιτείας,
1262 730 1316 770 ου’
1351 727 1516 771 πώποτε
1551 744 1647 771 ποι-

201 795 383 849 ήσεσθαι
410 792 619 843 ἐκδότους.
680 792 816 836 ἐδόκει
854 795 901 836 δὲ
937 795 1012 835 καὶ
1049 792 1247 847 βασιλεὺς
1288 791 1311 835 ὅ
1339 795 1524 851 Περσῶν
1550 792 1646 850 ἥδε-

141 863 309 904 Ἴιοσθαι
352 858 426 903 ἐπὶ
468 861 606 903 τοῖσδε
623 894 637 914 ,
681 860 739 911 ὦς
781 857 835 902 ἂν
885 859 1097 914 εΡωμαῖοι
1144 861 1223 913 μὲν
1263 858 1527 916 ἐκστήσοιντο
1574 864 1649 916 τῆς

201 928 535 983 Περσαρμενίας
567 942 614 967 τε
640 927 715 968 καί
740 925 946 983 Ἰβηρίας,
975 926 1168 977 ἐξουσίαν
1187 927 1235 968 δὲ
1256 924 1379 977 αὐτὸς
1406 928 1686 982 προσνέμοι,Β

203 989 301 1034 ὅποι
338 993 562 1034 ἐθέλουσιν
598 990 638 1034 οἱ
676 993 778 1049 τῇδε
816 990 1028 1048 οἰκήτορες
1069 993 1203 1046 ἰέναι,
1232 988 1285 1035 οὗ
1311 1009 1354 1035 τι
1383 991 1467 1035 ἆπό
1492 992 1650 1049 τρόπον

201 1074 248 1114 γε
276 1054 411 1111 οἶμαι.
465 1054 670 1111 ἠπίστατο
701 1056 810 1114 γὰρ,
848 1056 956 1112 πλὴν
994 1057 1213 1112 ὀλιγίστων
1249 1060 1335 1101 ufir
1361 1060 1407 1102 ἐν
1436 1061 1574 1112 τέλει,
1612 1060 1658 1102 οἳ

204 1125 280 1179 τῆς
308 1120 574 1172 α’ποστάσεως
601 1119 747 1179 ἧρξαν,
775 1122 834 1172 ὥς
854 1125 994 1173 ου’δείς
1011 1124 1348 1179 Περσαρμενίων
1368 1123 1442 1167 καὶ
1462 1123 1654 1181 Ἰβήρων,

143 1188 326 1246 μιόπόθῳ
354 1191 430 1244 τῆς
457 1190 731 1244 θρεψαμένης
787 1185 834 1238 ὃς
859 1181 1000 1245 ’φύσει
1026 1194 1112 1240 τοῖς
1139 1188 1378 1243 ἀνθρώποις
1403 1189 1584 1241 ε’νιζάνει
1608 1206 1655 1233 τε

204 1258 278 1298 καί
304 1256 616 1310 προσπέπηγεν,
658 1253 984 1297 οἶνασκευάσοιτο
1023 1255 1068 1304 ἐς
1103 1255 1180 1310 τὴν
1207 1255 1388 1298 ὅθνείαν.
1446 1251 1583 1306 ἄλλως
1609 1273 1655 1298 τε

203 1323 278 1363 καί
304 1318 396 1373 ἅμα
423 1315 571 1375 ἤλπιζε
579 1353 592 1372 ,
620 1321 697 1361 τοῦ
723 1321 908 1372 πολέμου
934 1318 1207 1377 λωφήσαντος
1249 1322 1295 1363 ἐν
1322 1322 1459 1364 δέοντι
1494 1323 1655 1364 θέσθαι

203 1386 256 1430 τὰ
277 1387 614 1443 ’Περσαρμενίας
640 1400 686 1426 τε
713 1387 788 1427 καί
811 1385 1016 1442 Ἰβηρίας·
1035 1434 1041 1438 ,
1062 1386 1157 1428 αἶ’ὃε
1183 1385 1266 1441 γὰρ
1296 1382 1411 1445 ati-trgi
1440 1385 1485 1429 αἱ
1510 1388 1655 1443 χῶραι

203 1450 431 1509 πάμφοροί
466 1466 511 1494 τε
551 1451 768 1508 ὑπῆρχον,
808 1454 882 1493 καί
927 1448 1099 1494 πλεῖστα
1153 1449 1264 1495 ε’σὰτι
1311 1451 1655 1509 ἐδασμοφόρουν.

138 1519 433 1574 -ηοτοιγαροῦν
475 1516 546 1560 διὰ
575 1521 714 1559 ταῦτα
751 1513 948 1573 ἠρέσκετο
975 1516 1176 1572 βασιλεύς
1202 1520 1387 1574 Περσῶν
1413 1517 1486 1561 ἐπὶ
1509 1521 1653 1562 τοῖσδε

203 1584 277 1642 τὸν
316 1582 497 1637 πόλεμον
535 1585 816 1629 καταθέσθαι.
872 1586 1088 1639 προσῆλθε
1123 1585 1170 1626 δὲ
1200 1587 1262 1643 τῷ
1287 1585 1483 1643 Καίσαρι
1511 1587 1651 1628 διανο-

193 1653 373 1705 εῖσθαι,
412 1649 470 1699 ὥς
496 1645 549 1692 ἂν
574 1647 623 1691 τὸ
652 1648 797 1691 λοιπὸν
823 1651 1011 1705 μηδεμία
1038 1650 1300 1693 ὑπολείποιτο
1341 1654 1421 1694 τοῦ
1462 1653 1684 1704 πολέμουο

300 1728 548 1776 7.ξυνελόντα
574 1727 616 1762 δὲ
637 1728 695 1769 Ν.,
718 1727 879 1767 ξύνολον
894 1727 983 1762 τάδε
1006 1730 1100 1775 vulg.
1177 1742 1229 1764 ιι.
1252 1732 1549 1777 Περσαρμενίας
1561 1731 1653 1770 VaL,

301 1778 469 1821 Περσῶν
485 1775 682 1829 Ἀρμενίας
706 1775 802 1831 vulg.
890 1777 955 1831 ¹⁶2
966 1774 1292 1812 α’νασκευάσοιντο
1318 1778 1411 1823 vulg.
1482 1787 1542 1814 20.
1567 1776 1654 1823 ἠρέ-

301 1831 412 1856 σκετο
440 1823 616 1865 βασιλευς
641 1823 698 1862 Β.,
724 1828 861 1868 ηρεσκε
885 1832 951 1855 του
974 1823 1159 1866 βασιλέως
1180 1824 1277 1868 vulg.

208 1881 301 1915 adeo
340 1881 458 1925 ipsum
489 1880 747 1924 Imperatorem
783 1879 936 1919 iurasse,
972 1885 1148 1925 quantum
1173 1881 1212 1913 in
1237 1891 1274 1913 se
1300 1885 1416 1919 esset,
1453 1880 1555 1914 omni
1582 1891 1653 1924 ope

210 1929 444 1967 annisurum‚
469 1937 542 1972 quo
567 1931 720 1967 terram,
747 1936 842 1970 quae
867 1927 965 1969 ipsos
989 1927 1151 1965 aluerat,
1177 1926 1249 1960 sibi
1267 1927 1468 1960 subiectam
1485 1927 1651 1960 efficeret.

207 1975 338 2020 Neque
368 1979 491 2007 tamen
526 1973 557 2006 si
581 1972 720 2005 bellum
744 1972 791 2005 ad
814 1971 923 2005 finem
946 1983 1063 2018 usque
1086 1971 1283 2017 perducere
1307 1984 1383 2006 non
1406 1979 1553 2017 posset,
1586 1972 1654 2007 de-

209 2021 379 2056 fectionis
404 2025 587 2059 auctores,
622 2024 689 2052 aut
715 2019 779 2063 qui
805 2029 850 2051 ex
882 2029 1006 2052 eorum
1031 2029 1162 2064 genere
1187 2025 1225 2053 et
1251 2019 1566 2064 consanguinitate
1592 2030 1654 2053 es—

211 2073 317 2107 sent,
340 2072 403 2100 aut
428 2066 540 2099 alium
565 2076 805 2112 quemquam,
832 2069 869 2098 et
891 2069 933 2098 ut
956 2066 1078 2098 omnia
1102 2065 1214 2099 verbo
1239 2066 1561 2110 complecteretur,
1587 2066 1653 2112 qui

209 2114 392 2160 particeps
427 2111 652 2158 reipublicae
684 2112 864 2144 Romanae
897 2112 976 2144 fieri
1009 2112 1143 2153 vellet,
1187 2123 1350 2158 unquam
1389 2112 1555 2146 deditum
1592 2114 1652 2147 iri.

213 2161 326 2195 Grata
357 2166 394 2194 et
418 2159 577 2194 iucunda
614 2169 669 2192 res
695 2159 881 2192 Persarum
906 2159 983 2202 regi
1006 2159 1183 2203 contigit,
1219 2159 1395 2193 Romanos
1419 2160 1589 2193 Armenia
1614 2166 1654 2194 et

211 2206 336 2241 Iberia
360 2207 512 2247 cedere,
545 2205 652 2239 modo
680 2204 804 2238 harum
829 2205 1017 2249 regionum
1042 2205 1193 2247 incolis,
1227 2216 1301 2252 quo
1329 2206 1467 2240 vellent
1497 2206 1551 2240 ire
1582 2206 1652 2240 ha-

212 2253 390 2294 bitatum,
425 2258 643 2299 potestatem
676 2253 819 2286 faceret.
866 2251 944 2285 Nee
975 2252 1054 2284 sine
1079 2253 1241 2292 ratione,
1273 2263 1354 2286 meo
1379 2252 1526 2299 quidem
1551 2253 1653 2286 iudi-

212 2301 281 2334 cio.
308 2301 403 2334 Satis
427 2301 525 2334 enim
541 2303 702 2339 noverat,
730 2299 853 2344 paucis
877 2299 1036 2342 exceptis
1056 2309 1099 2332 ex
1112 2300 1360 2345 principibuS,
1388 2300 1453 2346 qui
1476 2299 1655 2333 defectio-

213 2349 272 2381 nis
296 2347 343 2380 ad
366 2347 543 2381 Romanos
569 2352 733 2379 auctores
757 2345 923 2384 fuerant,
955 2345 1055 2385 fore,
1080 2350 1122 2378 ut
1144 2346 1279 2392 reliqui
1301 2357 1422 2380 amore
1447 2352 1484 2380 et
1508 2346 1656 2380 deside-

214 2395 270 2427 rio
298 2399 416 2428 terrae
443 2394 580 2427 altricis
604 2393 724 2437 capti,
763 2391 856 2438 (hoc
889 2391 986 2424 enim
1011 2397 1139 2426 natura
1164 2392 1332 2427 omnibus
1356 2392 1567 2427 hominibus
1593 2395 1655 2426 in-

214 2446 341 2474 natum
363 2440 462 2486 est,)
496 2440 644 2477 minime
670 2439 716 2472 ad
742 2444 882 2472 exteros
910 2438 1160 2482 demigrarent.
1209 2440 1252 2473 In
1277 2451 1376 2485 spem
1401 2441 1512 2473 etiam
1538 2440 1655 2472 addu-

217 2487 386 2527 cebatur,
418 2485 517 2520 bello
552 2487 673 2532 posito
701 2485 741 2518 in
766 2485 1046 2518 commodiorem
1077 2491 1209 2519 statum
1242 2497 1298 2520 res
1322 2486 1590 2520 Persarmeniae
1618 2491 1656 2519 et

216 2533 358 2566 Iber-iae
382 2533 566 2568 redactum
592 2533 649 2565 iri.
697 2531 788 2565 Nam
809 2531 875 2565 hae
892 2531 1056 2575 regiones
1077 2537 1181 2566 erant
1194 2533 1395 2567 foecundae
1423 2538 1461 2567 et
1478 2535 1656 2572 omnium,

218 2590 310 2626 quae
335 2579 382 2612 ad
408 2581 519 2614 vitam
545 2579 747 2612 necessaria
772 2583 879 2618 sunt,
918 2578 1076 2619 feraces,
1101 2579 1199 2613 unde
1226 2581 1346 2624 ampla
1369 2580 1510 2613 tributa
1533 2586 1571 2613 et
1593 2591 1658 2613 ve-

218 2627 364 2670 ctigalia
389 2627 510 2670 colligi
537 2631 718 2671 poterant.
766 2625 895 2669 ltaque
921 2625 1107 2658 Persarum
1131 2627 1206 2672 regi
1229 2627 1369 2671 placuit
1384 2627 1441 2660 his
1470 2627 1659 2659 conditio-

217 2673 326 2706 nibus
353 2684 373 2706 a
399 2673 499 2707 bello
522 2673 718 2707 discedere.
766 2670 822 2705 Ad
844 2670 943 2711 haec,
967 2681 1013 2704 ne
1038 2683 1110 2718 qua
1135 2673 1175 2706 in
1193 2679 1379 2718 posterum
1393 2678 1546 2706 restaret
1567 2672 1659 2706 belli

191 2753 197 2758 ,
216 2730 346 2762 causa,
369 2720 513 2756 Caesari
541 2721 642 2755 venit
664 2720 704 2754 in
727 2724 886 2752 mentem
910 2718 1085 2763 cogitare,
1110 2724 1152 2753 ut
1171 2731 1239 2765 pro
1260 2721 1504 2754 Persarmenia
1524 2725 1562 2753 et
1573 2720 1659 2754 Ibe,-
