1924 3164
381 136 392 146 ’
423 174 477 217 lN
515 171 795 215 EXCERPTA
839 173 911 214 DE
949 168 1356 213 LEGArlonUs.
1492 147 1606 224 539

164 273 254 329 βῶν
282 271 446 330 ἀρχὴν,
474 290 577 329 quae
607 290 652 315 ex
680 275 757 315 hac
783 276 929 329 pagina
957 281 1051 314 sunt
1081 272 1347 313 emendanda.
1403 270 1470 311 Ad
1495 272 1616 314 hunc

163 333 445 371 Constantium
485 331 740 370 Praefectum
774 331 985 370 Praetorio
1019 337 1113 369 sunt
1142 328 1332 382 epistolae
1360 326 1607 367 Theodoreti

161 386 349 440 Episcopi
378 401 401 425 a
428 387 575 425 Iacobo
610 386 824 425 Sixmondo
854 385 999 425 editae.

274 442 375 481 Post
400 442 499 481 haec
523 440 664 490 verba,
693 438 1008 494 πατρικιότητος
1028 453 1185 491 τυχων,
1207 453 1247 492 Ρ.
1237 437 1326 489 .45.
1342 409 1398 478 D.
1404 420 1609 491 ‚continu-

165 496 270 536 anda
298 504 391 536 sunt
419 511 489 547 ea,
517 511 628 560 quae
649 495 773 534 habes
801 510 843 548 p.
857 494 925 549 74.
946 495 1030 534 D.:
1075 492 1148 533 καί
1175 489 1377 540 Τατιανὸς
1415 494 1495 544 μὲν
1532 501 1609 538 etc.

166 551 244 590 Hic
263 552 458 591 Tatianus
478 552 589 590 Pati
579 565 679 590 icius
697 549 994 590 Occidentalis
985 565 1082 603 imp.
1100 549 1221 602 paulo
1239 556 1327 601 post
1347 548 1499 588 Consul
1514 549 1608 589 fuit.

278 607 377 646 Post
406 607 527 645 finem
555 606 674 645 huius
683 605 927 670 legationis,
947 619 988 657 p.
1004 605 1072 655 76.
1087 605 1140 643 A.
1150 605 1308 654 ‚scribe
1329 618 1391 654 ea,
1412 618 1514 657 quae
1534 605 1613 643 edi-

164 667 208 700 ta
246 670 340 701 sunt
383 677 424 715 p.
438 661 507 712 43.
538 662 621 700 D.
665 655 731 699 ὅτι
757 657 863 711 μετὰ
885 657 958 698 τὸν
984 655 1246 712 ἐμποησμόν.
1302 659 1424 710 Quod
1450 659 1614 713 quidem

167 717 399 755 incendium
427 717 595 770 contigit
620 715 808 755 Basilisco
844 722 883 755 et
913 716 997 754 Hei
1001 729 1135 753 mene1
1138 729 1198 753 ico
1228 714 1341 753 Coss.
1348 729 1488 763 ,anno
1515 713 1616 766 464.

167 770 320 810 Natalis
337 772 540 810 Dominici
561 802 573 824 ‚
602 778 649 810 ut
676 785 739 810 sel
742 771 814 810 ibit
841 769 1099 810 Mmcellinus
1127 771 1169 808 in
1202 769 1421 809 Chronico.
1483 770 1615 809 Huius

164 824 341 865 incendii
373 828 555 866 meminit
582 827 703 865 etiam
731 826 939 865 Candidus
961 826 1120 864 Isaurus
1146 826 1188 863 in
1215 824 1320 863 lib1o
1347 839 1382 865 1.
1406 824 1618 878 hist01Iae2

168 888 289 934 atque
306 883 349 919 in
370 896 418 921 eo
450 881 579 920 multa
599 882 652 921 ab
669 882 825 936 Aspare
865 881 1017 920 utiliter
1048 895 1131 919 esse
1157 879 1343 920 ordinata
1369 893 1616 921 commemo-

167 943 247 975 rat.
304 937 409 976 Vide
438 938 654 976 Zonaram.

279 992 548 1031 scribendum
576 992 764 1032 videtur:
786 987 868 1030 ὑπὸ
894 989 980 1030 τῶν
1003 989 1108 1031 νέων
1130 989 1215 1030 τῶν
1229 988 1459 1040 ‘Pwpcat'wv
1477 1003 1615 1042 παρα·
1627 997 1667 1032 V.
1696 997 1762 1033 138

169 1043 502 1098 σπονδούμενον,
535 1061 577 1100 p.
607 1047 674 1102 76.
702 1047 754 1086 A.
833 1047 1021 1086 Ceterum
1052 1053 1142 1099 post
1170 1045 1269 1084 haec
1295 1045 1421 1084 verba
1449 1045 1620 1085 locanda

169 1109 265 1141 sunt
297 1101 379 1150 illa,
407 1116 512 1155 quae
538 1102 741 1141 habentui
767 1116 860 1155 pag.
887 1100 955 1152 44.
975 1101 1028 1140 A.
1048 1116 1059 1140 :
1091 1095 1158 1140 ὅτι
1180 1095 1345 1140 Σκύθαι
1360 1099 1433 1139 ναί
1443 1100 1483 1140 Γ
1482 1095 1617 1150 ότθοι,

168 1163 210 1196 et
236 1157 292 1196 sic
319 1157 508 1210 deinceps
539 1172 666 1211 usque
694 1158 746 1196 ad
773 1158 910 1195 finem.

284 1212 391 1265 Pag.
389 1211 474 1278 44.
496 1212 539 1253 C.
575 1211 798 1277 [161,11.]
828 1213 936 1265 Lege
967 1206 1215 1263 ἆτῑαγόντων
1248 1206 1382 1250 advent
1411 1209 1621 1263 πολέμων.

170 1266 289 1319 Item,
323 1263 398 1305 καί
429 1265 480 1305 οὕ
484 1264 846 1333 συγχωοούντων.
899 1266 1028 1305 Paulo
1054 1273 1147 1319 post
1175 1266 1262 1319 lege
1287 1267 1479 1305 continua
1518 1268 1623 1306 serie

171 1319 426 1361 ἑπυνθάιετο
477 1317 503 1359 δ’
502 1336 559 1371 ,τι
591 1320 842 1373 βουλόμενοι
890 1329 986 1370 etc.,
1014 1321 1078 1360 vel
1119 1321 1252 1374 simpl.
1282 1321 1330 1360 τί
1359 1316 1622 1371 flavadum..

275 1377 388 1441 Pa.g
407 1375 486 1443 44.
496 1378 549 1415 D.
580 1377 693 1431 [162‚
705 1376 767 1431 6]
808 1374 831 1415 ὅ
864 1373 1165 1428 Ὀρνιγίσκὶου.
1203 1376 1470 1415 Scribeudum
1500 1383 1621 1429 puto,

168 1426 439 1482 Ἀνάγαστος
463 1427 486 1469 ὃ
513 1430 826 1484 ’Λρνιγίσκλοω
856 1430 933 1470 Hic
957 1433 1063 1470 enim
1085 1431 1310 1484 Anagastus
1324 1432 1467 1470 Comes
1488 1433 1621 1484 ripam

170 1486 264 1526 Istri
298 1486 503 1525 tuebatur.
558 1488 620 1526 De
665 1501 745 1540 quo
778 1485 896 1541 plula
939 1500 1031 1525 mox
1066 1486 1230 1525 Priscus
1273 1493 1485 1526 memorat.
1542 1487 1621 1525 Hic

171 1542 294 1580 etiam
319 1541 532 1594 Dengesic‚
562 1556 696 1595 regem
718 1543 978 1591 Hunnorum,
1016 1541 1180 1580 tandem
1209 1541 1379 1591 devicit,
1421 1548 1622 1594 caputque

170 1596 258 1635 eius
282 1597 519 1650 Byzantium
539 1598 648 1636 misit
662 1599 825 1636 Zenone
851 1604 890 1636 et
908 1597 1115 1636 Marciano
1129 1597 1253 1646 COSS„
1268 1604 1315 1635 ut
1333 1603 1391 1636 est
1408 1597 1449 1635 in
1467 1596 1624 1636 Chron.

174 1651 370 1690 Alexand.
393 1658 432 1690 et
442 1652 665 1692 Marcellini
680 1653 764 1691 Clu
765 1667 834 1691 on.
887 1652 950 1691 De
972 1651 1049 1691 hoc
1067 1652 1274 1716 Anagasto
1296 1652 1440 1691 Suidas
1467 1653 1509 1690 in
1526 1649 1622 1690 ὕπο·
1631 1645 1670 1691 Ρ.
1696 1665 1765 1691 210

173 1703 289 1752 στάς.
344 1705 566 1760 Arnegiscli
594 1709 779 1747 meminit
813 1706 1072 1746 Malcellinus
1110 1709 1153 1745 in
1182 1707 1384 1746 Chionico
1423 1708 1466 1745 in
1502 1706 1624 1746 rebus

171 1760 395 1800 Theodosii
422 1762 610 1812 Iunioris‚
645 1770 684 1801 et
710 1763 778 1801 101
769 1757 910 1802 danes
930 1761 981 1800 de
1009 1764 1256 1800 successione
1282 1776 1516 1814 regnorum.

288 1815 376 1855 Hoc
403 1816 526 1869 igitur
550 1817 690 1856 ordine
719 1816 818 1855 haec
837 1817 967 1855 Prisci
990 1816 1177 1857 Rhetmis
1204 1817 1427 1869 fiagmenta
1454 1815 1626 1856 locanda

176 1876 287 1917 eunt,
314 1872 517 1924 scriptoris
544 1871 661 1911 valde
685 1872 781 1911 boni
813 1879 854 1910 et
874 1870 1007 1910 utilis.
1054 1871 1180 1910 Cuius
1208 1870 1382 1935 elogium
1409 1870 1530 1936 apud
1540 1871 1626 1909 Sui-

176 1924 271 1963 dam
305 1927 361 1964 sic
401 1925 477 1992 legi
505 1926 649 1966 debet·
681 1923 865 1979 ἔγραψεν
897 1922 1089 1975 ἱστορίαν
1122 1922 1408 1978 Βυζαντικὴν,
1455 1921 1530 1963 καὶ
1568 1921 1623 1964 τοὶ

177 1975 282 2019 κατὰ
310 1978 524 2034 Ἀττίλαν
562 1989 639 2021 etc.
712 1981 939 2034 Stephanus
982 1981 1196 2034 Byzantius
1229 1982 1272 2019 in
1321 1994 1420 2020 voce
1449 1975 1626 2020 §dama

179 2032 319 2074 laudat
346 2006 496 2075 libium
512 2036 553 2076 6.
571 2037 690 2076 huius
718 2037 922 2076 historiae.
978 2036 1177 2089 Euagrius
1205 2050 1365 2090 quoque
1391 2037 1435 2074 in
1462 2034 1567 2073 libro
1584 2049 1628 2074 2.
1632 2071 1635 2073 ,

177 2088 273 2128 hist.
295 2090 407 2130 Eccl.
434 2105 521 2144 cap.
542 2105 576 2130 ι.
600 2091 687 2132 et5.
717 2092 846 2132 Prisci
869 2091 1057 2133 Rhetoris
1086 2091 1295 2130 historiam
1323 2097 1634 2130 commemorat..

178 2143 258 2182 Sed
286 2146 326 2183 in
359 2160 447 2198 cap.
477 2161 510 2185 1.
533 2154 770 2200 conuptum
812 2155 870 2186 est
893 2149 978 2188 eius
1007 2160 1189 2186 nomen·
1231 2145 1479 2197 Πατρίσκος
1516 2145 1633 2183 θηίιη

181 2213 273 2237 exal
276 2207 367 2238 atur
386 2216 460 2254 p10
477 2202 691 2255 ΠριΜσκος
681 2232 692 2252 ,
723 2204 765 2240 in
788 2201 828 2241 5.
855 2217 953 2243 vero
971 2216 1059 2254 cap.
1064 2232 1075 2252 ,
1096 2201 1168 2240 ubi
1180 2199 1628 2241 seditioAlexandrino-

175 2267 269 2292 rum
297 2255 411 2295 desei
403 2257 536 2295 ibitur
564 2264 652 2313 post
673 2257 966 2298 abdicationem
992 2258 1192 2307 Dioscori,
1211 2256 1468 2295 scribendum
1523 2261 1626 2294 uto.
1633 2273 1635 2276 v

179 2303 346 2373 ιστορεῖ
368 2310 468 2362 γοῦν
482 2308 673 2374 Πρίσὶεος
692 2310 714 2350 ὃ
735 2309 910 2365 Ῥὴτωρ,
934 2312 1096 2378 φθῆναι
1116 2311 1341 2364 τηνικαῦτα
1353 2309 1397 2358 ἐς
1409 2307 1483 2364 τὴν
1514 2310 1629 2352 Ale-
1656 2307 1660 2313 ”

183 2358 362 2418 ξάνὸυου
383 2365 429 2405 ἐκ
452 2365 526 2420 τῆς
553 2366 634 2406 τῶν
653 2365 850 2421 Θηβαίων
871 2365 1081 2421 ἐπαοχιάς
1113 2373 1191 2406 etc.

460 2594 564 2643 EX
611 2594 911 2643 MALCHI
958 2593 1352 2643 HISTORIA.

297 2697 400 2751 Pag
411 2713 477 2763 93.
493 2701 539 2739 C.
553 2700 671 2754 [231‚
701 2715 713 2739 1
724 2699 750 2753 .]
786 2701 887 2739 Hinc
910 2699 1175 2739 inchoandam
1201 2714 1285 2740 esse
1307 2701 1514 2739 historiam
1534 2700 1630 2740 Mal-

188 2751 276 2804 chi,
305 2760 344 2792 et
376 2755 496 2795 series
512 2757 597 2810 ipsa
624 2763 853 2809 temporum
883 2755 1014 2809 docet,
1036 2762 1075 2794 et
1098 2756 1300 2796 Photius
1290 2770 1332 2794 m
1350 2754 1628 2795 Bibliotheca·
