1838 3210
579 199 653 241 DE
688 197 866 240 BEms
891 196 1188 241 chTmms.
1550 196 1616 253 ¹7

161 301 499 358 συμφερομένοις
516 299 687 355 ἀ’νάγκη
725 302 805 343 τοῦ·
844 302 1063 355 βελτίστου
1101 296 1384 356 ἁμαρτάνειν.
1441 300 1516 342 καί
1540 301 1720 342 τα-Δ.Ο;
1734 313 1802 348 270

157 373 276 423 χεῖαι
300 368 380 421 μὲν
406 366 527 421 ὑμῶν
554 364 601 408 αἱ
627 366 912 423 ἐπιχειρήσεις
924 400 938 420 ,
987 367 1045 408 δι’
1083 361 1226 420 ὀλίγον
1268 366 1317 408 δὲ
1357 362 1404 407 αἶ
1430 350 1747 419 ueroque-Ama·
1756 351 1783 383 ¹·
1798 360 1813 386 ¹

159 438 295 476 λειαι.
364 433 440 474 καί
474 429 524 474 τὸ
571 431 746 485 σύμπαν
782 430 890 475 κατὰ
933 430 979 475 τὸ
1017 429 1128 481 εἰκὸς
1165 430 1389 485 θαύματος
1426 429 1620 487 ἀπήλλα-

157 514 282 553 κται,
327 496 582 549 ἀντιπάλους
604 495 707 553 ήμῖν
730 500 952 552 ’τυχόντας
978 500 1052 540 καί
1077 497 1199 553 ἦθῶν
1238 498 1450 552 ἀνομοίων
1476 496 1552 540 καὶ
1576 499 1621 548 ἐς

131 565 233 616 5τάς
258 563 428 620 γνοόμας
462 566 762 620 πραττομένων
795 564 1009 607 διεστάναι
1046 563 1122 606 οὐκ
1161 560 1505 620 ἆποπεπσιηκοὸς,
1546 565 1700 613 καιῚΗ·

156 630 270 684 ὑμᾶς
296 632 375 684 μὲν
402 626 594 689 ἀμαθίᾳ,
641 630 757 685 ἡμᾶς
787 632 834 673 δὲ
861 628 971 689 λόγῳ
1001 637 1217 684 συνεῖναι,
1267 629 1348 673 σὺν
1371 623 1406 689 ᾧ
1432 629 1622 685 μάλιστα

155 698 231 740 καὶ
255 695 303 739 τὸ
343 701 509 752 κρατεῖν
535 694 638 747 τούς
666 693 828 752 ἡ’σσους
853 698 938 739 τῶν
965 697 1170 738 πλειόνων
1196 697 1478 753 περιγίνεται,
1519 714 1623 741 συν-

157 763 246 805 έσει
272 761 353 818 πρὸ
386 761 608 816 δυνάμεως
636 761 935 811 πιστεύοντας.
989 761 1090 810 τούς
1126 777 1173 804 τε
1211 764 1405 812 πλείονας
1443 761 1524 806 οὖν
1560 755 1625 822 τῷ

157 829 362 887 ἀλογίστῳ
393 827 466 870 διὰ
494 828 638 884 μάχης
666 828 809 879 ἰόντας
835 828 980 870 κάκιον
1013 829 1291 881 οἷμανᾶσθαι,
1342 827 1467 885 ἔργου
1496 831 1623 888 πείρᾳ

107 897 317 949 ιομᾶλλον
345 889 374 950 ἢ
402 892 526 949 λόγου
556 896 882 954 κομπωδεστέρᾳ
908 893 1186 950 προσποιήσει
1215 893 1494 949 διδάσκεσθε,
1524 897 1624 950 βλέ-

153 973 310 1016 ψαντες
338 962 382 1011 ἐς
407 959 459 1003 τοὶ
488 963 668 1004 Σκυθῶν
693 959 838 1016 πάθη·
894 958 1000 1015 μετὰ
1041 960 1322 1017 σαφεστάτων
1360 959 1440 1018 γὰρ
1469 978 1627 1018 τεκμη-

152 1028 258 1084 ρίων
285 1029 358 1070 καί
389 1027 466 1069 οὔκ
493 1025 725 1084 οἷμοίρτυρα
752 1029 950 1080 λέξομεν.
1006 1021 1126 1069 οὗτοι
1165 1025 1218 1084 δή
1260 1027 1490 1084 τριάκοντα
1534 1044 1622 1082 μυ-

154 1094 274 1150 ριοὶσι
300 1094 481 1150 στρατοῦ
508 1094 576 1150 ἐφ’
603 1090 806 1149 ἑκατέρας
831 1091 910 1142 τὰς
934 1092 1136 1148 ἤπείρους
1176 1095 1480 1144 σκεδασθέντες
1507 1095 1623 1153 πάσῃ

154 1162 209 1218 τῇ
239 1159 419 1214 δυνάμει
450 1157 706 1215 ἡττήθησαν
733 1158 837 1215 πρὸς
863 1159 984 1214 ἡμῶν
999 1192 1013 1212 ,
1040 1161 1115 1201 καί
1140 1158 1316 1216 λαμπροὶ
1346 1165 1434 1210 τοῖς
1461 1176 1624 1216 νενικη-

105 1225 273 1272 ιόκόσιν
301 1225 572 1269 ὑπελείποντο
607 1227 684 1280 τῆς
725 1226 881 1274 οἰκείας
909 1225 1065 1281 ἀρετῆς
1091 1222 1379 1280 ὑπομνήματα
1396 1258 1410 1279 ,
1445 1219 1504 1267 ὧν
1536 1225 1613 1281 τήν
1623 1238 1714 1274 Ρ.ιι

151 1287 348 1335 εὔκλειαν
375 1294 420 1341 ἐς
445 1289 493 1333 τὸ
531 1291 733 1354 παντελὲς
771 1291 917 1344 ἕξομεν
943 1291 1018 1332 νῦν
1043 1305 1089 1332 τε
1116 1292 1192 1332 καί
1217 1288 1362 1333 ἔπειτα
1374 1323 1388 1344 ,
1428 1292 1488 1349 τῷ
1512 1291 1622 1348 χρό·

153 1374 212 1417 my
249 1359 665 1414 συμπαραθέουσαν.
730 1353 805 1406 τάς
840 1372 885 1398 τε
935 1357 1187 1409 Ἀλαμανῶν
1223 1354 1452 1413 συμφορὰς
1501 1353 1655 1415 &yar-1-

153 1426 268 1481 σφᾶς
293 1424 370 1466 τοῦ
396 1424 625 1479 προχείρου
653 1423 714 1479 τῷ
743 1420 1065 1478 οἷναῤῥιφθέντι
1102 1423 1180 1477 τῆς
1206 1421 1515 1480 ἐπιχειρήσεως
1540 1441 1622 1467 τα-

149 1491 340 1547 χυτέραν
377 1491 452 1531 καί
489 1490 545 1531 δι’
583 1484 721 1543 ὀλίγου
764 1486 908 1531 ἔθεντο
947 1485 1028 1543 τήν
1063 1485 1353 1542 μετάγνωσιν.
1409 1488 1533 1544 ἡμεῖς
1571 1507 1618 1534 τε

101 1558 228 1601 2οὲπί
253 1561 347 1606 ταῖς
372 1553 677 1612 πλημμελείαις
704 1553 823 1608 ὑμῶν
839 1585 854 1609 ,
909 1548 977 1604 αἷς
1001 1554 1063 1604 εἷς
1100 1554 1213 1610 ἡμᾶς
1255 1555 1618 1611 ἐπλημμελήσατε,

249 1641 282 1676 5.
311 1637 621 1687 α’ποπεποιηκώς]
645 1636 832 1678 ἀπεοικὸς
851 1639 894 1673 Η.
989 1651 1023 1685 7.
1061 1636 1216 1685 ἥσσους]
1245 1636 1378 1681 ἥττους
1411 1639 1468 1673 ed.
1494 1640 1557 1682 R„
1583 1642 1620 1675 ἴ-

246 1695 340 1724 σους
363 1688 455 1732 vulg.
530 1689 564 1722 8.
588 1680 666 1732 πρὸ
688 1686 731 1720 Ν.
746 1713 757 1730 ,
773 1684 872 1733 πρὸς
893 1686 989 1732 vulg.
1131 1699 1164 1731 9.
1192 1685 1435 1733 ἄμανᾶσθαι]
1492 1686 1621 1722 α’παλ-

246 1733 455 1768 λάττεσθαι
482 1734 576 1767 coni.
602 1735 641 1768 B.
657 1759 666 1776 ,
686 1733 913 1781 ἀμύνασθαι
932 1734 976 1766 Η.
1066 1744 1118 1767 ιο.
1141 1733 1344 1777 βλέψοντες
1368 1734 1463 1779 vulg.
1565 1747 1620 1780 ¹7-

249 1782 615 1827 συμπαραθέουσαν.
653 1780 721 1818 τάς
755 1781 944 1824 Valesius,
971 1778 1353 1827 συμπαραθύσαντᾶς
1377 1779 1484 1817 codd.
1553 1780 1615 1818 Ἀ-

250 1827 435 1874 λαμανῶν
465 1827 531 1869 Ν.,
554 1827 781 1874 γαλμιόνων
805 1827 910 1863 codd.

156 1907 206 1941 ad
230 1917 285 1941 res
311 1905 486 1953 gerendas
510 1907 698 1948 feruntur,
732 1907 798 1941 hos
833 1907 875 1940 in
907 1907 1045 1952 optima
1083 1917 1230 1953 quaque
1268 1918 1307 1941 re
1343 1907 1438 1940 vires
1463 1907 1615 1941 minime

158 1954 312 1988 deficere
334 1964 482 1988 necesse
509 1958 574 1988 est.
636 1955 797 1988 Conatus
833 1959 871 1986 et
896 1955 1141 1997 aggressiones
1169 1958 1310 1986 vestrae
1347 1959 1432 1987 sunt
1469 1954 1615 1989 subitae

157 2006 197 2036 et
218 2003 433 2047 repentinae
467 2007 506 2035 et
537 2001 640 2035 brevi
664 2004 748 2046 post
772 2000 1012 2043 poenitentia.
1060 2001 1102 2032 In
1119 1999 1331 2033 universum
1348 2010 1424 2033 non
1440 2006 1496 2034 est
1515 2001 1616 2046 quod

155 2049 348 2088 miremur,
371 2059 435 2082 vos
461 2058 570 2094 quam
596 2047 793 2081 adversarii
806 2046 913 2080 nobis
927 2047 1006 2080 sitis
1022 2050 1059 2079 et
1075 2045 1301 2080 diversorum
1315 2057 1476 2088 morum,
1503 2048 1615 2082 etiam

157 2107 279 2130 rerum
314 2094 554 2139 gerendarum
586 2094 751 2128 consiliis
775 2105 795 2125 a
821 2093 928 2126 nobis
961 2092 1097 2126 distare
1122 2092 1139 2110 '‘
1163 2091 1181 2108 *
1213 2097 1250 2126 et
1285 2104 1348 2126 vos
1383 2095 1614 2137 temeritate,

156 2154 224 2176 nos
249 2142 403 2188 consilio
426 2140 619 2186 congredi,
653 2153 726 2188 quo
751 2138 984 2185 paucioribus
1009 2150 1157 2186 quoque
1179 2151 1255 2173 non
1279 2151 1359 2174 raro
1384 2141 1507 2186 plures
1531 2142 1614 2175 vin-

158 2200 240 2223 cere
265 2189 429 2233 contigit‚
456 2188 541 2221 (lum
566 2188 760 2234 prudentia
782 2187 919 2233 potius,
938 2198 1045 2233 quam
1055 2185 1195 2220 viribus
1212 2186 1439 2225 nitebantur,
1485 2188 1612 2222 Plures

157 2240 282 2270 autem
307 2241 445 2270 temere
469 2241 507 2269 et
531 2235 781 2280 imprudenter
805 2234 986 2278 proelium
1011 2233 1180 2267 ineuntes
1203 2232 1301 2266 malo
1328 2233 1440 2275 affici,
1464 2247 1503 2269 re
1530 2236 1611 2280 ipsa

156 2283 302 2329 potius,
325 2294 433 2329 quam
457 2282 652 2316 verborum
677 2281 899 2327 elegantiore
925 2285 1055 2314 ornatu
1083 2279 1263 2313 didicistis
1278 2279 1492 2324 Scytharum
1516 2283 1610 2315 mala

159 2330 358 2363 intuentes.
382 2329 692 2363 Manifestissimis
710 2329 808 2362 enim
834 2326 982 2361 indiciis
997 2327 1264 2361 ettestimoniis
1289 2332 1376 2360 nota
1401 2332 1608 2374 testataque

161 2376 334 2411 dicemus.
383 2376 445 2409 Illi
482 2376 644 2410 exercitu
677 2380 923 2410 trecentorum
957 2373 1114 2407 millium
1152 2374 1342 2407 hominum
1381 2374 1427 2408 ab
1454 2380 1609 2421 utraque

159 2429 264 2468 parte
287 2424 390 2468 ripae
425 2424 675 2468 expositorum
717 2417 939 2469 pugnantes,
979 2420 1148 2455 omnibus
1181 2420 1321 2455 viribus
1345 2426 1430 2454 sunt
1454 2432 1475 2453 a
1500 2422 1609 2456 nobis

160 2469 276 2504 deleti
302 2475 340 2503 et
365 2472 537 2515 superati.
598 2470 714 2505 Cuius
757 2473 903 2502 nostrae
934 2467 1078 2502 virtutis
1119 2468 1215 2501 clara
1248 2466 1448 2501 victoribus
1481 2468 1610 2503 relicta

158 2521 247 2550 sunt
271 2522 526 2559 monumenta,
560 2528 606 2551 ex
640 2517 774 2562 quibus
804 2515 1048 2549 immortalem
1078 2514 1186 2548 nobis
1213 2514 1362 2560 gloriam
1388 2519 1426 2548 et
1448 2526 1547 2549 nunc
1570 2522 1608 2550 et

159 2563 330 2608 sequenti
357 2569 520 2609 tempore
545 2564 754 2598 duraturam
778 2563 998 2607 peperimus.
1048 2561 1138 2595 Cum
1163 2563 1259 2595 enim
1274 2572 1518 2606 praepropero
1538 2563 1609 2595 im-

158 2615 249 2655 petu
273 2610 320 2643 ad
341 2610 438 2655 ripas
464 2611 588 2645 furore
611 2610 829 2655 praecipites
853 2607 893 2641 in
918 2609 1115 2642 certamina
1141 2609 1318 2650 ruissent,
1344 2618 1468 2642 eorum
1494 2613 1610 2641 teme-

159 2656 292 2690 rariam
320 2660 357 2689 et
389 2657 633 2692 inconsultam
657 2657 705 2690 ad
728 2654 1009 2702 aggrediendum
1044 2656 1287 2700 irruptionem
1331 2655 1484 2688 celerior
1507 2654 1610 2688 brevi

159 2707 244 2748 post
269 2703 499 2748 poenitentia
529 2710 584 2738 est
608 2708 814 2739 consecuta.
861 2702 908 2735 Et
927 2712 1011 2736 vero
1035 2713 1101 2748 pro
1126 2701 1202 2743 his,
1227 2713 1320 2748 quae
1347 2702 1386 2734 in
1404 2712 1470 2733 nos
1490 2700 1609 2734 admi-

160 2750 259 2784 sistis
282 2754 320 2783 et
343 2751 630 2793 commeruistis,
656 2762 716 2785 eas
742 2759 834 2797 quas
859 2748 981 2784 luistis
1013 2759 1150 2796 poenas
1184 2749 1335 2783 minime
1361 2748 1526 2783 sufficere
1550 2747 1609 2783 iu·

205 2814 392 2861 Dexippus
405 2838 415 2856 ‚
431 2814 627 2862 Eunapius
646 2823 714 2851 etc.
1318 2822 1339 2845 2
