1924 3164
438 181 513 221 1Ns
533 148 781 222 EcLoGAs
824 177 1220 220 ommpionom.
1446 146 1558 233 573

224 283 325 338 Pag.
351 298 413 323 11.
445 285 496 324 D.
527 284 646 338 [463‚
686 283 772 338 ¹5.]
808 283 1008 323 Herodori
1036 283 1332 322 lucubrationes
1360 283 1459 322 dum
1485 248 1560 337 pro

115 353 228 379 more
254 340 466 393 diligenter
493 340 644 392 colligit
671 341 731 378 Io.
763 337 968 378 Gerardus
987 340 1152 378 Vossius
1178 353 1271 392 pag.
1290 352 1385 392 292.
1415 339 1466 378 de
1494 339 1559 378 hi-

111 395 268 434 storicis
294 396 473 445 Graecis,
508 396 674 433 miratus
701 408 789 433 sum
818 396 1140 446 praetermissam
1164 394 1286 432 fuisse
1301 396 1466 434 citatam
1481 393 1561 434 hoc

111 449 200 489 loco
229 450 281 488 ab
303 450 596 503 Olympiodoro
627 456 764 488 nostro
792 448 1000 488 historiam
1029 449 1080 487 de
1110 448 1277 501 Orpheo
1305 456 1346 488 et
1374 451 1559 499 Musaeo,

108 505 152 543 in
174 520 255 558 qua
271 506 486 544 Beatorum
507 504 679 543 insulam
696 501 937 549 ἐπιθετικῶς
956 504 1219 543 Phaeacz'dem
1243 504 1479 557 appellarat,
1507 505 1560 544 ad

111 560 430 610 similitudinem,
462 567 508 598 ut
524 562 683 612 opinor,
706 558 906 611 Corcyrae
917 559 1170 610 Homericae,
1192 573 1313 612 quam
1330 559 1560 600 incolebant

307 615 489 667 Φαίηκες
517 610 833 665 δολιχήρετμοι,
868 613 1136 652 ναυσίκλυτοι
1168 607 1333 666 ἄνδρες.

109 669 235 720 Quod
273 684 370 709 vero
408 669 460 708 ad
488 671 622 709 varios
661 669 784 721 ipsius
813 669 981 707 Homeri
1013 668 1165 707 natales
1192 676 1366 722 spectat,
1395 670 1561 710 consule

108 725 351 778 singularem
380 724 595 763 doctissimi
622 724 699 763 viri
727 724 873 762 Leonis
894 722 1036 762 Allatii
1064 723 1303 771 diatribam,
1335 726 1404 778 qui
1435 733 1560 766 totam

108 778 214 819 hanc
241 780 556 819 controversiam
583 780 627 817 in
656 779 835 817 favorem
860 779 1013 831 patriae
1032 792 1126 817 suae
1145 780 1348 832 ingeniose
1376 783 1558 823 extricat.

220 835 324 888 Pag.
355 834 484 873 12.A.
507 833 625 886 [464
655 832 716 886 6.]
747 833 952 872 Placidiae
981 833 1254 873 etConstantii
1283 837 1445 888 nuptias
1472 837 1559 875 Ho-

107 885 224 928 norio
265 891 371 943 Aug.
403 890 478 928 XI.
518 896 558 928 et
601 890 836 927 Constantio
875 890 1022 928 iterum
1061 889 1201 939 Coss.‚
1230 889 1306 928 hoc
1345 898 1405 929 est
1452 905 1559 931 anno

108 945 361 984 Christianae
387 943 707 998 Epochae417.‚
738 943 863 996 illigat
891 943 1235 997 Olympiodorus,
1277 958 1301 983 a
1329 959 1411 998 quo
1447 945 1560 986 haud

108 999 283 1038 multum
318 999 521 1039 abludunt
564 999 718 1038 Idatius
762 999 802 1037 in
849 999 1051 1038 Chronico
1090 1006 1130 1038 et
1171 1001 1272 1038 Tiro
1299 1000 1475 1054 Prosper
1517 1004 1559 1042 in

107 1053 254 1094 Fastis.
311 1055 460 1094 Natam
499 1054 641 1094 eodem
673 1061 839 1093 exeunte
867 1068 975 1093 anno
1018 1061 1088 1093 aut
1124 1055 1256 1108 potius
1292 1055 1369 1093 sub
1395 1057 1559 1097 initium

106 1111 307 1162 sequentis
330 1111 567 1160 Honoriam,
596 1109 812 1148 verisimile
840 1116 924 1158 est3
945 1109 1272 1148 Valentinianum
1301 1118 1450 1159 autem,
1475 1113 1560 1152 eius

107 1164 290 1215 fratrem,
331 1165 433 1204 Iulio
472 1165 667 1203 duntaxat
702 1178 839 1203 mense
875 1166 971 1203 anni
1011 1163 1108 1218 419.
1138 1167 1180 1203 in
1208 1165 1341 1204 lucem
1365 1167 1560 1219 prodiisse

107 1233 267 1259 necesse
304 1227 388 1271 est,
436 1226 481 1258 ut
523 1234 630 1258 anno
674 1219 770 1271 425.
789 1249 799 1267 ,
833 1234 927 1258 cum
971 1220 1194 1272 Imperator
1228 1221 1380 1260 Romae
1407 1236 1558 1261 renun—

105 1275 227 1314 tiatus
254 1276 352 1326 fuit,
389 1275 589 1327 septennis
619 1289 701 1313 esse
726 1276 926 1328 potuerit3
967 1275 1078 1328 quod
1114 1282 1250 1327 postea
1286 1282 1456 1315 testatur
1482 1291 1559 1316 no-

103 1337 184 1368 ster
227 1330 456 1369 historicus.
521 1330 729 1369 Consentit
771 1329 1028 1368 Marcellinus
1080 1329 1222 1369 Comes
1266 1331 1308 1369 in
1356 1331 1560 1372 Chronico

105 1385 323 1424 indictione
350 1386 427 1436 IL,
458 1386 647 1424 Monaxio
670 1393 709 1424 et
734 1385 900 1424 Plintha
913 1385 1051 1424 Coss.:
1087 1385 1390 1425 Valentinianus
1418 1388 1562 1428 Iunior

106 1441 218 1494 apud
253 1442 484 1479 Ravennam
515 1450 632 1496 patre
680 1441 905 1479 Constantio
939 1449 978 1478 et
1018 1439 1207 1479 Placidia
1244 1450 1370 1480 matre
1423 1444 1558 1496 quinto

104 1494 244 1534 Nonas
278 1496 406 1534 Iulias
438 1503 550 1534 natus
578 1504 646 1534 esc.
707 1496 880 1547 Prosper
898 1497 938 1533 in
958 1496 1090 1533 Fastis
1110 1495 1218 1534 diem
1245 1494 1355 1534 hunc
1382 1511 1556 1537 annum·-
1567 1498 1608 1533 V.
1624 1497 1696 1544 204

105 1564 184 1603 que
208 1550 384 1589 natalem
411 1564 494 1588 uno
521 1551 759 1597 antevertit,
810 1557 850 1588 et
869 1549 1078 1588 consulatu
1113 1550 1285 1589 Honorii
1316 1551 1557 1593 duodecimo

103 1619 150 1644 ac
169 1605 385 1644 Theodosii
409 1613 552 1645 octavo
573 1613 723 1644 temere
747 1607 979 1658 consignat,
1023 1619 1117 1643 cum
1145 1619 1168 1644 a
1192 1605 1380 1645 Calendis
1407 1608 1558 1648 Ianua-

102 1659 171 1699 riis
197 1663 293 1698 anni
324 1661 422 1714 417.
439 1689 451 1709 ,
486 1675 566 1713 quo
592 1661 658 1699 die
683 1659 937 1698 consulatum
970 1660 1060 1698 iniit
1079 1661 1351 1708 Constantius,
1381 1669 1432 1713 et,
1467 1664 1555 1703 Ho-

102 1716 220 1753 norio
241 1714 479 1753 conciliante
503 1718 677 1768 nuptias,
706 1714 910 1753 Placidiae
927 1715 1115 1753 convenit
1136 1716 1180 1753 in
1206 1729 1385 1766 manum,
1407 1717 1459 1756 ad
1479 1718 1557 1758 Ca-

102 1768 241 1808 lendas
269 1769 390 1808 Iulias
419 1771 514 1808 anni
550 1769 666 1821 418„
714 1769 933 1807 octodecim
966 1770 1249 1808 tantummodo
1288 1779 1557 1813 numerantur

102 1838 285 1875 menses,
309 1826 416 1863 intra
450 1838 552 1877 quos
591 1824 813 1862 Honoriam
845 1837 892 1861 ac
930 1823 1263 1862 Valentinianum
1293 1833 1408 1866 natos
1445 1827 1556 1867 affir-

105 1892 216 1918 mare
252 1894 336 1918 non
373 1880 525 1933 patitur
564 1878 756 1917 naturalis
777 1885 915 1931 partus
942 1878 1111 1916 humani
1135 1879 1328 1920 conditio.

216 1933 321 1987 Pag.
344 1948 406 1973 12.
422 1936 467 1973 B.
486 1933 605 1988 [464,
627 1932 712 1987 ¹7⁸]
734 1934 1013 1972 Constantium
1037 1933 1088 1972 ab
1112 1933 1293 1974 Honorio
1315 1937 1359 1974 in
1388 1950 1553 1976 consor-

101 1990 254 2028 tionem
298 1989 458 2042 imperii
494 1989 690 2027 adscitum
729 2002 811 2027 non
858 2003 896 2040 7.
932 1990 1109 2041 integros
1146 2003 1302 2030 menses
1336 1990 1554 2046 explevisse

103 2051 290 2083 constans
329 2052 388 2083 est
435 2043 718 2097 Olympiodori
764 2043 1015 2095 aliorumque
1053 2046 1250 2082 sententia
1272 2074 1283 2095 ,
1326 2046 1436 2085 fatali
1482 2047 1555 2087 illo

102 2101 258 2138 somnio
305 2099 500 2137 subnixa:
544 2099 687 2138 Sextus·
718 2099 832 2145 abiit,
870 2100 1052 2152 septimus
1078 2100 1296 2138 inchoatur.
1354 2102 1447 2152 Quo
1479 2101 1524 2140 fit
1539 2132 1552 2153 ,

103 2161 162 2192 ut.
182 2155 364 2193 assentiri
390 2168 589 2206 nequeam
610 2154 807 2206 Prospero
823 2182 834 2202 ,
863 2155 932 2205 qui
957 2155 998 2191 in
1034 2154 1164 2192 Fastis
1195 2153 1386 2207 Agricola
1411 2163 1450 2195 et
1465 2156 1552 2196 Eu-

102 2209 253 2249 stathio
289 2209 400 2248 Coss.
431 2209 656 2247 Constantii
690 2215 861 2246 mortem
890 2207 1060 2247 collocat
1076 2238 1086 2256 ,
1127 2222 1220 2246 cum
1250 2224 1358 2249 anno
1386 2226 1552 2264 praece-

102 2263 223 2302 dente
257 2263 452 2302 donatum
503 2264 759 2315 imperatoria
800 2263 993 2315 dignitate
1041 2263 1214 2312 scribat3
1250 2265 1379 2304 multo
1418 2262 1553 2307 minus

102 2318 232 2357 Idatio
275 2320 318 2357 in
353 2319 504 2357 Chron.
542 2319 819 2357 Constantium
852 2319 954 2370 Imp.
991 2318 1209 2357 Ravennae
1242 2328 1448 2360 mortuum
1478 2336 1552 2362 suo

102 2375 223 2412 tertio
255 2373 464 2412 consulatu
492 2372 730 2412 affirmanti:
767 2387 859 2411 cum
890 2380 1044 2411 certum
1075 2373 1127 2412 sit
1161 2387 1207 2412 ex
1237 2374 1343 2415 libro
1378 2377 1416 2415 3.
1452 2377 1552 2418 Cod.

103 2428 278 2477 Theod„
301 2429 434 2467 adhuc
465 2442 572 2466 anno
599 2427 881 2478 Chr-isti421„
906 2428 1018 2467 Coss.
1047 2427 1238 2481 Agricola
1259 2437 1298 2469 et
1317 2431 1549 2482 Eustathio‚

104 2484 359 2535 superstitem
400 2484 518 2522 fuisse
564 2496 656 2521 cum
697 2483 880 2521 Honorio
918 2490 958 2521 et
995 2483 1223 2523 Theodosio
1267 2485 1550 2526 Constantium

102 2537 235 2591 paulo-
259 2545 351 2576 ante
385 2537 578 2577 Calendas
602 2538 786 2591 Augusti.
844 2536 1024 2576 Aberrat
1064 2552 1224 2592 quoque
1266 2542 1308 2579 in
1347 2541 1548 2580 Chronico

105 2607 130 2631 a
167 2593 222 2631 V.
259 2593 305 2631 C.
340 2593 511 2632 Pithoeo
546 2592 654 2631 edito
707 2594 790 2631 sive
827 2592 957 2638 idem,
1003 2594 1087 2632 sivc
1124 2594 1306 2635 diversus
1340 2596 1515 2649 Prosper
1536 2626 1548 2646 ,

105 2647 204 2686 dum
228 2646 279 2686 ad
300 2661 451 2686 annum
476 2647 646 2686 Honorii
677 2660 742 2700 29.
779 2645 912 2685 differt
942 2647 1162 2687 Constantii
1191 2650 1348 2690 obitum
1374 2651 1436 2690 his
1456 2666 1549 2690 ver-

102 2702 190 2741 bis:
225 2702 448 2742 Constantio
471 2703 644 2754 dignitas
664 2703 823 2755 imperii
843 2702 899 2751 ab?
915 2702 1099 2754 Ηοηοηίο
1122 2706 1229 2756 (11011)
1256 2716 1389 2760 sponte
1418 2708 1549 2757 (excu-
1596 2748 1598 2751 ,

106 2758 158 2796 sis
182 2757 434 2811 negationem
453 2757 588 2798 deesse
610 2756 798 2808 arbitror)
829 2756 988 2807 delata‚-
1019 2773 1098 2814 qua
1127 2762 1205 2799 vulz-
1242 2770 1326 2800 octo
1359 2762 1548 2804 mensibus
