<?xml version="1.0" encoding="UTF-8"?>
<!DOCTYPE html PUBLIC "-//W3C//DTD XHTML 1.0 Transitional//EN"
    "http://www.w3.org/TR/xhtml1/DTD/xhtml1-transitional.dtd">
<html xmlns="http://www.w3.org/1999/xhtml" xml:lang="en" lang="en">
 <head>
  <title>
</title>
<meta http-equiv="Content-Type" content="text/html;charset=utf-8" />
  <meta name='ocr-system' content='tesseract 3.04.00' />
  <meta name='ocr-capabilities' content='ocr_page ocr_carea ocr_par ocr_line ocrx_word'/>
</head>
<body>
  <div class='ocr_page' id='page_1' title='image "./corpusscriptorum10niebuoft/corpusscriptorum10niebuoft_0291.png"; bbox 0 0 1924 3164; ppageno 0'>
   <div class='ocr_carea' id='block_1_1' title="bbox 581 164 1599 240">
    <p class='ocr_par' dir='ltr' id='par_1_1' title="bbox 581 164 1599 240">
     <span class='ocr_line' id='line_1_1' title="bbox 581 164 1599 240; baseline -0.012 -7"><span class='ocrx_word' id='word_1_1' title='bbox 581 191 614 232; x_wconf 82' lang='lat' dir='ltr'>E</span> <span class='ocrx_word' id='word_1_2' title='bbox 651 187 870 232; x_wconf 71' lang='lat' dir='ltr'><strong>meur</strong></span> <span class='ocrx_word' id='word_1_3' title='bbox 897 184 1173 231; x_wconf 57' lang='lat' dir='ltr'><strong>nmmum.</strong></span> <span class='ocrx_word' id='word_1_4' title='bbox 1487 164 1599 240; x_wconf 80' lang='lat'><strong>237</strong></span> 
     </span>
    </p>
   </div>
   <div class='ocr_carea' id='block_1_2' title="bbox 109 282 1787 1671">
    <p class='ocr_par' dir='ltr' id='par_1_2' title="bbox 132 282 1787 554">
     <span class='ocr_line' id='line_1_2' title="bbox 132 282 1785 350; baseline -0.011 -8"><span class='ocrx_word' id='word_1_5' title='bbox 132 339 137 342; x_wconf 74' lang='grc'>,</span> <span class='ocrx_word' id='word_1_6' title='bbox 155 300 240 343; x_wconf 71' lang='grc' dir='ltr'><em>κῶν</em></span> <span class='ocrx_word' id='word_1_7' title='bbox 267 295 319 340; x_wconf 73' lang='grc' dir='ltr'><strong>τὰ</strong></span> <span class='ocrx_word' id='word_1_8' title='bbox 348 297 508 339; x_wconf 78' lang='grc' dir='ltr'><em>ἐκείνου</em></span> <span class='ocrx_word' id='word_1_9' title='bbox 526 295 741 350; x_wconf 86' lang='grc' dir='ltr'><em>οἶκτείρων</em></span> <span class='ocrx_word' id='word_1_10' title='bbox 755 292 831 335; x_wconf 82' lang='grc' dir='ltr'><em>καί</em></span> <span class='ocrx_word' id='word_1_11' title='bbox 851 290 899 334; x_wconf 84' lang='grc' dir='ltr'><strong>τό</strong></span> <span class='ocrx_word' id='word_1_12' title='bbox 918 307 965 346; x_wconf 81' lang='grc' dir='ltr'><strong>γε</strong></span> <span class='ocrx_word' id='word_1_13' title='bbox 992 288 1130 332; x_wconf 76' lang='grc' dir='ltr'><em>κοινὸν</em></span> <span class='ocrx_word' id='word_1_14' title='bbox 1154 289 1235 344; x_wconf 77' lang='grc' dir='ltr'><em>τῆς</em></span> <span class='ocrx_word' id='word_1_15' title='bbox 1253 285 1386 342; x_wconf 63' lang='grc' dir='ltr'><em>τύχης</em></span> <span class='ocrx_word' id='word_1_16' title='bbox 1410 285 1476 334; x_wconf 68' lang='grc' dir='ltr'><strong>εἷς</strong></span> <span class='ocrx_word' id='word_1_17' title='bbox 1498 282 1698 330; x_wconf 48' lang='lat' dir='ltr'><strong>§mi-ke.</strong></span> <span class='ocrx_word' id='word_1_18' title='bbox 1714 289 1785 336; x_wconf 74' lang='lat'><strong>476</strong></span> 
     </span>
     <span class='ocr_line' id='line_1_3' title="bbox 155 337 1787 421; baseline -0.009 -14"><span class='ocrx_word' id='word_1_19' title='bbox 155 368 278 407; x_wconf 72' lang='grc' dir='ltr'><em>θεσιν</em></span> <span class='ocrx_word' id='word_1_20' title='bbox 304 361 415 417; x_wconf 79' lang='grc' dir='ltr'><em>ἔχων</em></span> <span class='ocrx_word' id='word_1_21' title='bbox 439 363 498 419; x_wconf 73' lang='grc' dir='ltr'><strong>τῷ</strong></span> <span class='ocrx_word' id='word_1_22' title='bbox 525 360 805 413; x_wconf 77' lang='grc' dir='ltr'><em>δυστυχοῦντι</em></span> <span class='ocrx_word' id='word_1_23' title='bbox 843 354 1141 411; x_wconf 72' lang='grc' dir='ltr'><em>συνάχθεσθαι</em></span> <span class='ocrx_word' id='word_1_24' title='bbox 1156 385 1170 398; x_wconf 88' lang='grc'><strong>.</strong></span> <span class='ocrx_word' id='word_1_25' title='bbox 1225 350 1318 408; x_wconf 77' lang='grc' dir='ltr'><strong>ἅμα</strong></span> <span class='ocrx_word' id='word_1_26' title='bbox 1345 354 1392 395; x_wconf 85' lang='grc' dir='ltr'><strong>δὲ</strong></span> <span class='ocrx_word' id='word_1_27' title='bbox 1419 354 1492 394; x_wconf 79' lang='grc' dir='ltr'>καί</span> <span class='ocrx_word' id='word_1_28' title='bbox 1517 356 1608 406; x_wconf 90' lang='grc' dir='ltr'><strong>Βη-</strong></span> <span class='ocrx_word' id='word_1_29' title='bbox 1617 337 1787 421; x_wconf 46' lang='grc' dir='ltr'><strong>ῙΖᾞΙξοζέῗ,</strong></span> 
     </span>
     <span class='ocr_line' id='line_1_4' title="bbox 155 409 1754 487; baseline -0.008 -15"><span class='ocrx_word' id='word_1_30' title='bbox 155 433 254 487; x_wconf 81' lang='grc' dir='ltr'><em>ρίνα</em></span> <span class='ocrx_word' id='word_1_31' title='bbox 280 426 572 483; x_wconf 82' lang='grc' dir='ltr'><em>συνεπώτρυνε</em></span> <span class='ocrx_word' id='word_1_32' title='bbox 597 427 768 478; x_wconf 81' lang='grc' dir='ltr'><em>τοῦτον,</em></span> <span class='ocrx_word' id='word_1_33' title='bbox 811 427 866 481; x_wconf 79' lang='grc' dir='ltr'><strong>τῇ</strong></span> <span class='ocrx_word' id='word_1_34' title='bbox 893 424 1097 471; x_wconf 85' lang='grc' dir='ltr'><em>Νέπωτος</em></span> <span class='ocrx_word' id='word_1_35' title='bbox 1121 422 1292 476; x_wconf 75' lang='grc' dir='ltr'><em>γυναικὶ</em></span> <span class='ocrx_word' id='word_1_36' title='bbox 1317 423 1512 475; x_wconf 75' lang='grc' dir='ltr'><em>συγγενεῖ</em></span> <span class='ocrx_word' id='word_1_37' title='bbox 1532 413 1607 460; x_wconf 64' lang='grc' dir='ltr'><strong>οὔ·</strong></span> <span class='ocrx_word' id='word_1_38' title='bbox 1745 409 1754 417; x_wconf 63' lang='grc'><strong><em>’</em></strong></span> 
     </span>
     <span class='ocr_line' id='line_1_5' title="bbox 157 492 550 554; baseline -0.015 -14"><span class='ocrx_word' id='word_1_39' title='bbox 157 513 211 554; x_wconf 80' lang='grc' dir='ltr'><em>σῃ</em></span> <span class='ocrx_word' id='word_1_40' title='bbox 239 492 550 539; x_wconf 78' lang='grc' dir='ltr'><em>συσπεύδουσα.</em></span> 
     </span>
    </p>

    <p class='ocr_par' dir='ltr' id='par_1_3' title="bbox 131 545 1787 815">
     <span class='ocr_line' id='line_1_6' title="bbox 131 545 1782 616; baseline -0.01 -12"><span class='ocrx_word' id='word_1_41' title='bbox 131 556 158 597; x_wconf 84' lang='grc'>5</span> <span class='ocrx_word' id='word_1_42' title='bbox 269 560 322 604; x_wconf 87' lang='grc' dir='ltr'><strong>δ’.</strong></span> <span class='ocrx_word' id='word_1_43' title='bbox 365 557 459 604; x_wconf 91' lang='grc' dir='ltr'><strong>Ὅτι</strong></span> <span class='ocrx_word' id='word_1_44' title='bbox 501 560 548 613; x_wconf 71' lang='grc' dir='ltr'><em>ἐν</em></span> <span class='ocrx_word' id='word_1_45' title='bbox 573 560 633 616; x_wconf 74' lang='grc' dir='ltr'><strong>τῷ</strong></span> <span class='ocrx_word' id='word_1_46' title='bbox 667 554 763 613; x_wconf 71' lang='grc' dir='ltr'><strong>ἑξῆς</strong></span> <span class='ocrx_word' id='word_1_47' title='bbox 791 557 879 599; x_wconf 82' lang='grc' dir='ltr'><em>ἔτει</em></span> <span class='ocrx_word' id='word_1_48' title='bbox 916 556 988 598; x_wconf 78' lang='grc' dir='ltr'><strong>ἐπὶ</strong></span> <span class='ocrx_word' id='word_1_49' title='bbox 1022 554 1221 610; x_wconf 77' lang='grc' dir='ltr'><em>Ζήνωνος</em></span> <span class='ocrx_word' id='word_1_50' title='bbox 1247 553 1444 611; x_wconf 83' lang='grc' dir='ltr'><em>πρέσβεις</em></span> <span class='ocrx_word' id='word_1_51' title='bbox 1468 545 1782 607; x_wconf 74' lang='grc' dir='ltr'><em>ἦλθονΑ.Ο.477</em></span> 
     </span>
     <span class='ocr_line' id='line_1_7' title="bbox 158 600 1787 692; baseline -0.009 -21"><span class='ocrx_word' id='word_1_52' title='bbox 158 630 206 671; x_wconf 77' lang='grc' dir='ltr'><strong>ἐκ</strong></span> <span class='ocrx_word' id='word_1_53' title='bbox 236 626 404 686; x_wconf 71' lang='grc' dir='ltr'><em>Θρᾴκης</em></span> <span class='ocrx_word' id='word_1_54' title='bbox 446 627 531 667; x_wconf 73' lang='grc' dir='ltr'><strong>τῶν</strong></span> <span class='ocrx_word' id='word_1_55' title='bbox 572 621 851 666; x_wconf 80' lang='grc' dir='ltr'><em>ὖποσπόνδων</em></span> <span class='ocrx_word' id='word_1_56' title='bbox 888 625 930 665; x_wconf 90' lang='grc' dir='ltr'><em>Γ</em></span> <span class='ocrx_word' id='word_1_57' title='bbox 928 622 1065 665; x_wconf 79' lang='grc' dir='ltr'><em>ότθων</em></span> <span class='ocrx_word' id='word_1_58' title='bbox 1075 654 1088 674; x_wconf 88' lang='grc'>,</span> <span class='ocrx_word' id='word_1_59' title='bbox 1118 618 1194 669; x_wconf 76' lang='grc' dir='ltr'><strong>οὓς</strong></span> <span class='ocrx_word' id='word_1_60' title='bbox 1222 618 1272 675; x_wconf 82' lang='grc' dir='ltr'><em>δὴ</em></span> <span class='ocrx_word' id='word_1_61' title='bbox 1304 618 1378 661; x_wconf 81' lang='grc' dir='ltr'><em>καί</em></span> <span class='ocrx_word' id='word_1_62' title='bbox 1404 600 1748 682; x_wconf 46' lang='grc' dir='ltr'><em>φοιδερά-ῙΖῖῒοζΞ</em></span> <span class='ocrx_word' id='word_1_63' title='bbox 1761 646 1787 692; x_wconf 68' lang='lat'><strong>4</strong></span> 
     </span>
     <span class='ocr_line' id='line_1_8' title="bbox 158 685 1648 745; baseline -0.008 -8"><span class='ocrx_word' id='word_1_64' title='bbox 158 710 260 743; x_wconf 87' lang='grc' dir='ltr'><em>τους</em></span> <span class='ocrx_word' id='word_1_65' title='bbox 289 691 345 735; x_wconf 78' lang='grc' dir='ltr'><strong>,οἱ</strong></span> <span class='ocrx_word' id='word_1_66' title='bbox 373 692 575 745; x_wconf 79' lang='grc' dir='ltr'><em>Ῥωμαῖοι</em></span> <span class='ocrx_word' id='word_1_67' title='bbox 611 692 835 743; x_wconf 80' lang='grc' dir='ltr'><em>καλοῦσιν,</em></span> <span class='ocrx_word' id='word_1_68' title='bbox 875 689 1084 738; x_wconf 79' lang='grc' dir='ltr'><em>α’ξιοῦντες</em></span> <span class='ocrx_word' id='word_1_69' title='bbox 1130 686 1311 741; x_wconf 87' lang='grc' dir='ltr'><em>Ζήνωνα</em></span> <span class='ocrx_word' id='word_1_70' title='bbox 1364 685 1648 742; x_wconf 74' lang='grc' dir='ltr'><em>Θευδερίχῳα</em></span> 
     </span>
     <span class='ocr_line' id='line_1_9' title="bbox 159 751 1610 815; baseline -0.007 -12"><span class='ocrx_word' id='word_1_71' title='bbox 159 758 421 803; x_wconf 73' lang='grc' dir='ltr'><em>σπείσασθαι</em></span> <span class='ocrx_word' id='word_1_72' title='bbox 459 758 517 815; x_wconf 76' lang='grc' dir='ltr'><strong>τῷ</strong></span> <span class='ocrx_word' id='word_1_73' title='bbox 549 755 676 797; x_wconf 74' lang='grc' dir='ltr'><em>παιδὶ</em></span> <span class='ocrx_word' id='word_1_74' title='bbox 719 756 922 812; x_wconf 77' lang='grc' dir='ltr'><strong><em>Τριαρίου</em></strong></span> <span class='ocrx_word' id='word_1_75' title='bbox 939 785 951 808; x_wconf 87' lang='grc'><em>,</em></span> <span class='ocrx_word' id='word_1_76' title='bbox 982 751 1145 809; x_wconf 73' lang='grc' dir='ltr'><em>ἥσυχον</em></span> <span class='ocrx_word' id='word_1_77' title='bbox 1183 753 1375 794; x_wconf 76' lang='grc' dir='ltr'><em>ἐθέλοντι</em></span> <span class='ocrx_word' id='word_1_78' title='bbox 1405 752 1610 804; x_wconf 77' lang='grc' dir='ltr'><em>διεξάγειν</em></span> 
     </span>
    </p>

    <p class='ocr_par' dir='ltr' id='par_1_4' title="bbox 115 813 1615 880">
     <span class='ocr_line' id='line_1_10' title="bbox 115 813 1615 880; baseline -0.007 -12"><span class='ocrx_word' id='word_1_79' title='bbox 115 873 119 877; x_wconf 90' lang='lat'>.</span> <span class='ocrx_word' id='word_1_80' title='bbox 159 824 233 867; x_wconf 77' lang='grc' dir='ltr'><strong>τὸν</strong></span> <span class='ocrx_word' id='word_1_81' title='bbox 258 826 352 880; x_wconf 82' lang='grc' dir='ltr'><em>βίον</em></span> <span class='ocrx_word' id='word_1_82' title='bbox 378 824 453 865; x_wconf 83' lang='grc' dir='ltr'><em>καί</em></span> <span class='ocrx_word' id='word_1_83' title='bbox 476 824 639 878; x_wconf 85' lang='grc' dir='ltr'><em>μηδένα</em></span> <span class='ocrx_word' id='word_1_84' title='bbox 667 821 851 874; x_wconf 86' lang='grc' dir='ltr'><em>πόλεμον</em></span> <span class='ocrx_word' id='word_1_85' title='bbox 876 825 965 870; x_wconf 80' lang='grc' dir='ltr'><em>τοῖς</em></span> <span class='ocrx_word' id='word_1_86' title='bbox 1010 823 1164 869; x_wconf 82' lang='grc' dir='ltr'><em>κοινοῖς</em></span> <span class='ocrx_word' id='word_1_87' title='bbox 1191 817 1402 874; x_wconf 74' lang='grc' dir='ltr'><em>αἴρεσθαι,</em></span> <span class='ocrx_word' id='word_1_88' title='bbox 1417 813 1615 872; x_wconf 79' lang='grc' dir='ltr'><em>πράγμα-</em></span> 
     </span>
    </p>

    <p class='ocr_par' dir='ltr' id='par_1_5' title="bbox 109 879 1616 1209">
     <span class='ocr_line' id='line_1_11' title="bbox 109 879 1616 944; baseline -0.008 -8"><span class='ocrx_word' id='word_1_89' title='bbox 109 907 242 936; x_wconf 77' lang='grc' dir='ltr'><em>ιοσιν.</em></span> <span class='ocrx_word' id='word_1_90' title='bbox 296 886 440 944; x_wconf 81' lang='grc' dir='ltr'><em>ἧξίουν</em></span> <span class='ocrx_word' id='word_1_91' title='bbox 467 889 515 930; x_wconf 85' lang='grc' dir='ltr'><strong>δὲ</strong></span> <span class='ocrx_word' id='word_1_92' title='bbox 541 890 616 931; x_wconf 82' lang='grc' dir='ltr'>καί</span> <span class='ocrx_word' id='word_1_93' title='bbox 642 894 824 942; x_wconf 80' lang='grc' dir='ltr'><em>σκοπεῖν,</em></span> <span class='ocrx_word' id='word_1_94' title='bbox 851 883 929 930; x_wconf 78' lang='grc' dir='ltr'><em>ὅσα</em></span> <span class='ocrx_word' id='word_1_95' title='bbox 952 888 1151 938; x_wconf 86' lang='grc' dir='ltr'><em>πολέμιος</em></span> <span class='ocrx_word' id='word_1_96' title='bbox 1179 879 1238 926; x_wconf 69' lang='grc' dir='ltr'><em>ὢν</em></span> <span class='ocrx_word' id='word_1_97' title='bbox 1263 884 1503 937; x_wconf 86' lang='grc' dir='ltr'><em>κατέβλαψε</em></span> <span class='ocrx_word' id='word_1_98' title='bbox 1514 883 1616 925; x_wconf 81' lang='grc' dir='ltr'><strong>Ῥω-</strong></span> 
     </span>
     <span class='ocr_line' id='line_1_12' title="bbox 160 950 1616 1013; baseline -0.006 -15"><span class='ocrx_word' id='word_1_99' title='bbox 160 958 339 1013; x_wconf 88' lang='grc' dir='ltr'><em>μαίους,</em></span> <span class='ocrx_word' id='word_1_100' title='bbox 378 955 453 997; x_wconf 75' lang='grc' dir='ltr'><strong>καὶ</strong></span> <span class='ocrx_word' id='word_1_101' title='bbox 488 951 569 996; x_wconf 72' lang='grc' dir='ltr'><em>ὅσα</em></span> <span class='ocrx_word' id='word_1_102' title='bbox 610 955 868 1011; x_wconf 84' lang='grc' dir='ltr'><em>Θευδέριχος</em></span> <span class='ocrx_word' id='word_1_103' title='bbox 910 951 933 994; x_wconf 83' lang='grc' dir='ltr'>ὅ</span> <span class='ocrx_word' id='word_1_104' title='bbox 960 954 1038 995; x_wconf 81' lang='grc' dir='ltr'><strong>τοῦ</strong></span> <span class='ocrx_word' id='word_1_105' title='bbox 1063 950 1328 1006; x_wconf 85' lang='grc' dir='ltr'><em>Βαλαμήρου</em></span> <span class='ocrx_word' id='word_1_106' title='bbox 1360 954 1462 998; x_wconf 85' lang='grc' dir='ltr'><em>παῖς</em></span> <span class='ocrx_word' id='word_1_107' title='bbox 1487 965 1616 1005; x_wconf 84' lang='grc' dir='ltr'><em>στρα-</em></span> 
     </span>
     <span class='ocr_line' id='line_1_13' title="bbox 161 1013 1614 1079; baseline -0.006 -15"><span class='ocrx_word' id='word_1_108' title='bbox 161 1022 285 1079; x_wconf 72' lang='grc' dir='ltr'><em>τηγὸς</em></span> <span class='ocrx_word' id='word_1_109' title='bbox 312 1016 373 1064; x_wconf 68' lang='grc' dir='ltr'><em>ὢν</em></span> <span class='ocrx_word' id='word_1_110' title='bbox 409 1022 484 1063; x_wconf 81' lang='grc' dir='ltr'>καί</span> <span class='ocrx_word' id='word_1_111' title='bbox 510 1019 632 1077; x_wconf 83' lang='grc' dir='ltr'><em>φίλος</em></span> <span class='ocrx_word' id='word_1_112' title='bbox 666 1027 762 1070; x_wconf 84' lang='grc' dir='ltr'><em>ταῖς</em></span> <span class='ocrx_word' id='word_1_113' title='bbox 787 1020 956 1062; x_wconf 82' lang='grc' dir='ltr'><em>πόλεσιν</em></span> <span class='ocrx_word' id='word_1_114' title='bbox 984 1016 1248 1074; x_wconf 79' lang='grc' dir='ltr'><em>ἐλυμήνατο,</em></span> <span class='ocrx_word' id='word_1_115' title='bbox 1274 1014 1348 1057; x_wconf 74' lang='grc' dir='ltr'><strong>καὶ</strong></span> <span class='ocrx_word' id='word_1_116' title='bbox 1368 1013 1428 1069; x_wconf 79' lang='grc' dir='ltr'><strong>μὴ</strong></span> <span class='ocrx_word' id='word_1_117' title='bbox 1457 1018 1533 1058; x_wconf 83' lang='grc' dir='ltr'><strong>νῦν</strong></span> <span class='ocrx_word' id='word_1_118' title='bbox 1562 1015 1614 1056; x_wconf 69' lang='lat' dir='ltr'><strong>d-</strong></span> 
     </span>
     <span class='ocr_line' id='line_1_14' title="bbox 161 1081 1615 1144; baseline -0.007 -12"><span class='ocrx_word' id='word_1_119' title='bbox 161 1087 368 1144; x_wconf 73' lang='grc' dir='ltr'><em>πεχθείας</em></span> <span class='ocrx_word' id='word_1_120' title='bbox 382 1085 567 1136; x_wconf 76' lang='grc' dir='ltr'><em>παλαιὰς</em></span> <span class='ocrx_word' id='word_1_121' title='bbox 588 1083 691 1143; x_wconf 80' lang='grc' dir='ltr'><em>ὅρᾷν</em></span> <span class='ocrx_word' id='word_1_122' title='bbox 716 1089 900 1139; x_wconf 82' lang='grc' dir='ltr'><em>μᾶλλον,</em></span> <span class='ocrx_word' id='word_1_123' title='bbox 928 1081 957 1140; x_wconf 76' lang='grc' dir='ltr'><strong><em>ἢ</em></strong></span> <span class='ocrx_word' id='word_1_124' title='bbox 989 1082 1104 1136; x_wconf 77' lang='grc' dir='ltr'><em>ὅπως</em></span> <span class='ocrx_word' id='word_1_125' title='bbox 1130 1103 1173 1128; x_wconf 91' lang='grc' dir='ltr'><strong>τι</strong></span> <span class='ocrx_word' id='word_1_126' title='bbox 1198 1086 1260 1143; x_wconf 73' lang='grc' dir='ltr'><strong>τῷ</strong></span> <span class='ocrx_word' id='word_1_127' title='bbox 1299 1086 1421 1141; x_wconf 77' lang='grc' dir='ltr'><em>κοινῷ</em></span> <span class='ocrx_word' id='word_1_128' title='bbox 1457 1084 1615 1137; x_wconf 80' lang='grc' dir='ltr'><em>γένοιτο</em></span> 
     </span>
     <span class='ocr_line' id='line_1_15' title="bbox 163 1147 1616 1209; baseline -0.007 -11"><span class='ocrx_word' id='word_1_129' title='bbox 163 1156 372 1202; x_wconf 77' lang='grc' dir='ltr'><em>παντελῶς</em></span> <span class='ocrx_word' id='word_1_130' title='bbox 383 1153 611 1209; x_wconf 75' lang='grc' dir='ltr'><em>ὠφέλιμον.</em></span> <span class='ocrx_word' id='word_1_131' title='bbox 641 1150 775 1202; x_wconf 63' lang='grc' dir='ltr'><em>εὐθυς</em></span> <span class='ocrx_word' id='word_1_132' title='bbox 799 1147 877 1194; x_wconf 78' lang='grc' dir='ltr'><em>οὖν</em></span> <span class='ocrx_word' id='word_1_133' title='bbox 905 1151 928 1193; x_wconf 80' lang='grc' dir='ltr'>ὅ</span> <span class='ocrx_word' id='word_1_134' title='bbox 956 1150 1157 1206; x_wconf 72' lang='grc' dir='ltr'><em>βασιλευς</em></span> <span class='ocrx_word' id='word_1_135' title='bbox 1180 1149 1257 1206; x_wconf 78' lang='grc' dir='ltr'><em>τήν</em></span> <span class='ocrx_word' id='word_1_136' title='bbox 1281 1148 1440 1205; x_wconf 81' lang='grc' dir='ltr'><em>βουλὴν</em></span> <span class='ocrx_word' id='word_1_137' title='bbox 1458 1163 1616 1202; x_wconf 65' lang='grc' dir='ltr'><em>συγκω-</em></span> 
     </span>
    </p>

    <p class='ocr_par' dir='ltr' id='par_1_6' title="bbox 113 1211 1656 1540">
     <span class='ocr_line' id='line_1_16' title="bbox 113 1211 1656 1274; baseline -0.005 -10"><span class='ocrx_word' id='word_1_138' title='bbox 113 1222 290 1269; x_wconf 74' lang='grc' dir='ltr'><em>ιόλέσας</em></span> <span class='ocrx_word' id='word_1_139' title='bbox 317 1217 484 1274; x_wconf 77' lang='grc' dir='ltr'><em>γνώμην</em></span> <span class='ocrx_word' id='word_1_140' title='bbox 521 1214 667 1268; x_wconf 80' lang='grc' dir='ltr'><em>αὖτοῖς</em></span> <span class='ocrx_word' id='word_1_141' title='bbox 703 1211 939 1274; x_wconf 69' lang='grc' dir='ltr'><em>προῦθηκεν</em></span> <span class='ocrx_word' id='word_1_142' title='bbox 990 1213 1076 1271; x_wconf 78' lang='grc' dir='ltr'><em>δ’,τι</em></span> <span class='ocrx_word' id='word_1_143' title='bbox 1113 1217 1203 1259; x_wconf 87' lang='grc' dir='ltr'><em>δέοι</em></span> <span class='ocrx_word' id='word_1_144' title='bbox 1238 1218 1433 1271; x_wconf 83' lang='grc' dir='ltr'><em>ποιῆσαι.</em></span> <span class='ocrx_word' id='word_1_145' title='bbox 1487 1212 1528 1255; x_wconf 83' lang='grc' dir='ltr'><strong>οἷ</strong></span> <span class='ocrx_word' id='word_1_146' title='bbox 1564 1214 1656 1257; x_wconf 81' lang='grc' dir='ltr'><strong>δὲῙ)</strong></span> 
     </span>
     <span class='ocr_line' id='line_1_17' title="bbox 167 1278 1623 1342; baseline -0.004 -15"><span class='ocrx_word' id='word_1_147' title='bbox 167 1283 423 1342; x_wconf 73' lang='grc' dir='ltr'><em>ἀμφοτέροις</em></span> <span class='ocrx_word' id='word_1_148' title='bbox 444 1285 524 1338; x_wconf 82' lang='grc' dir='ltr'><em>μὲν</em></span> <span class='ocrx_word' id='word_1_149' title='bbox 551 1279 629 1324; x_wconf 69' lang='grc' dir='ltr'><strong>οὐκ</strong></span> <span class='ocrx_word' id='word_1_150' title='bbox 657 1282 822 1339; x_wconf 83' lang='grc' dir='ltr'><em>ἔφασαν</em></span> <span class='ocrx_word' id='word_1_151' title='bbox 848 1282 990 1325; x_wconf 80' lang='grc' dir='ltr'><em>ἱκανὸν</em></span> <span class='ocrx_word' id='word_1_152' title='bbox 1016 1281 1063 1325; x_wconf 86' lang='grc' dir='ltr'>τὸ</span> <span class='ocrx_word' id='word_1_153' title='bbox 1092 1282 1295 1338; x_wconf 88' lang='grc' dir='ltr'><em>δημόσιον</em></span> <span class='ocrx_word' id='word_1_154' title='bbox 1322 1278 1430 1323; x_wconf 83' lang='grc' dir='ltr'><em>εἶναι</em></span> <span class='ocrx_word' id='word_1_155' title='bbox 1468 1278 1623 1322; x_wconf 80' lang='grc' dir='ltr'><em>συντά-</em></span> 
     </span>
     <span class='ocr_line' id='line_1_18' title="bbox 167 1344 1620 1406; baseline -0.004 -13"><span class='ocrx_word' id='word_1_156' title='bbox 167 1355 252 1402; x_wconf 81' lang='grc' dir='ltr'><em>ξεις</em></span> <span class='ocrx_word' id='word_1_157' title='bbox 278 1367 326 1394; x_wconf 88' lang='grc' dir='ltr'><strong>τε</strong></span> <span class='ocrx_word' id='word_1_158' title='bbox 347 1350 421 1393; x_wconf 82' lang='grc' dir='ltr'>καί</span> <span class='ocrx_word' id='word_1_159' title='bbox 446 1347 604 1405; x_wconf 76' lang='grc' dir='ltr'><em>μισθὸν</em></span> <span class='ocrx_word' id='word_1_160' title='bbox 631 1351 862 1406; x_wconf 75' lang='grc' dir='ltr'><em>ἐπαρκέσαι</em></span> <span class='ocrx_word' id='word_1_161' title='bbox 888 1347 1146 1405; x_wconf 78' lang='grc' dir='ltr'><em>προχείρως,</em></span> <span class='ocrx_word' id='word_1_162' title='bbox 1178 1344 1304 1389; x_wconf 76' lang='grc' dir='ltr'><em>ὁπότε</em></span> <span class='ocrx_word' id='word_1_163' title='bbox 1330 1363 1378 1402; x_wconf 78' lang='grc' dir='ltr'><strong>γε</strong></span> <span class='ocrx_word' id='word_1_164' title='bbox 1403 1348 1512 1402; x_wconf 81' lang='grc' dir='ltr'><em>μηδὲ</em></span> <span class='ocrx_word' id='word_1_165' title='bbox 1540 1346 1620 1387; x_wconf 76' lang='grc' dir='ltr'><strong>αὖ·</strong></span> 
     </span>
     <span class='ocr_line' id='line_1_19' title="bbox 167 1411 1619 1471; baseline -0.004 -12"><span class='ocrx_word' id='word_1_166' title='bbox 167 1423 254 1468; x_wconf 79' lang='grc' dir='ltr'><em>τοῖς</em></span> <span class='ocrx_word' id='word_1_167' title='bbox 283 1416 423 1471; x_wconf 84' lang='grc' dir='ltr'><em>μόνοις</em></span> <span class='ocrx_word' id='word_1_168' title='bbox 449 1421 539 1465; x_wconf 82' lang='grc' dir='ltr'><em>τοῖς</em></span> <span class='ocrx_word' id='word_1_169' title='bbox 563 1416 844 1471; x_wconf 79' lang='grc' dir='ltr'><em>στρατιώταις</em></span> <span class='ocrx_word' id='word_1_170' title='bbox 870 1412 1116 1469; x_wconf 80' lang='grc' dir='ltr'><em>ἀμέμπτους</em></span> <span class='ocrx_word' id='word_1_171' title='bbox 1142 1414 1358 1456; x_wconf 75' lang='grc' dir='ltr'><em>ὑποτελεῖν</em></span> <span class='ocrx_word' id='word_1_172' title='bbox 1384 1411 1463 1461; x_wconf 75' lang='grc' dir='ltr'><strong>τὰς</strong></span> <span class='ocrx_word' id='word_1_173' title='bbox 1487 1427 1619 1467; x_wconf 82' lang='grc' dir='ltr'><em>χορη-</em></span> 
     </span>
     <span class='ocr_line' id='line_1_20' title="bbox 167 1478 1622 1540; baseline -0.005 -14"><span class='ocrx_word' id='word_1_174' title='bbox 167 1483 263 1540; x_wconf 76' lang='grc' dir='ltr'><em>γίας</em></span> <span class='ocrx_word' id='word_1_175' title='bbox 289 1481 538 1536; x_wconf 78' lang='grc' dir='ltr'><em>δυνάμεθα.</em></span> <span class='ocrx_word' id='word_1_176' title='bbox 613 1479 815 1538; x_wconf 76' lang='grc' dir='ltr'><em>ὁπότερον</em></span> <span class='ocrx_word' id='word_1_177' title='bbox 854 1483 902 1523; x_wconf 83' lang='grc' dir='ltr'><strong>δὲ</strong></span> <span class='ocrx_word' id='word_1_178' title='bbox 929 1478 1066 1524; x_wconf 81' lang='grc' dir='ltr'><em>αὖτῶν</em></span> <span class='ocrx_word' id='word_1_179' title='bbox 1094 1483 1166 1522; x_wconf 87' lang='grc' dir='ltr'><strong>δεῖ</strong></span> <span class='ocrx_word' id='word_1_180' title='bbox 1188 1479 1313 1536; x_wconf 84' lang='grc' dir='ltr'><em>φίλον</em></span> <span class='ocrx_word' id='word_1_181' title='bbox 1341 1480 1622 1534; x_wconf 74' lang='grc' dir='ltr'><em>προελέσθαι,</em></span> 
     </span>
    </p>

    <p class='ocr_par' dir='ltr' id='par_1_7' title="bbox 112 1542 1622 1671">
     <span class='ocr_line' id='line_1_21' title="bbox 112 1542 1622 1604; baseline -0.007 -8"><span class='ocrx_word' id='word_1_182' title='bbox 112 1547 320 1600; x_wconf 59' lang='grc' dir='ltr'><em>αοτούτου</em></span> <span class='ocrx_word' id='word_1_183' title='bbox 339 1550 484 1604; x_wconf 78' lang='grc' dir='ltr'><em>κύριον</em></span> <span class='ocrx_word' id='word_1_184' title='bbox 499 1547 629 1592; x_wconf 76' lang='grc' dir='ltr'><em>αὖτὸν</em></span> <span class='ocrx_word' id='word_1_185' title='bbox 646 1550 825 1602; x_wconf 81' lang='grc' dir='ltr'><em>βασιλέα</em></span> <span class='ocrx_word' id='word_1_186' title='bbox 843 1550 1132 1590; x_wconf 76' lang='grc' dir='ltr'><em>καθίστασθαι</em></span> <span class='ocrx_word' id='word_1_187' title='bbox 1143 1577 1153 1588; x_wconf 90' lang='grc'><strong>.</strong></span> <span class='ocrx_word' id='word_1_188' title='bbox 1170 1545 1194 1587; x_wconf 80' lang='grc' dir='ltr'>ὅ</span> <span class='ocrx_word' id='word_1_189' title='bbox 1237 1547 1286 1588; x_wconf 84' lang='grc' dir='ltr'><strong>δὲ</strong></span> <span class='ocrx_word' id='word_1_190' title='bbox 1304 1543 1376 1587; x_wconf 76' lang='grc' dir='ltr'><strong>ἐπὶ</strong></span> <span class='ocrx_word' id='word_1_191' title='bbox 1392 1542 1468 1599; x_wconf 79' lang='grc' dir='ltr'><strong>τήν</strong></span> <span class='ocrx_word' id='word_1_192' title='bbox 1487 1542 1622 1598; x_wconf 73' lang='grc' dir='ltr'><em>αὐλὴν</em></span> 
     </span>
     <span class='ocr_line' id='line_1_22' title="bbox 170 1609 1622 1671; baseline -0.006 -12"><span class='ocrx_word' id='word_1_193' title='bbox 170 1612 270 1666; x_wconf 78' lang='grc' dir='ltr'><em>τούς</em></span> <span class='ocrx_word' id='word_1_194' title='bbox 288 1631 334 1658; x_wconf 84' lang='grc' dir='ltr'><strong>τε</strong></span> <span class='ocrx_word' id='word_1_195' title='bbox 371 1614 477 1658; x_wconf 81' lang='grc' dir='ltr'><em>κατὰ</em></span> <span class='ocrx_word' id='word_1_196' title='bbox 495 1615 573 1671; x_wconf 79' lang='grc' dir='ltr'><strong>τὴν</strong></span> <span class='ocrx_word' id='word_1_197' title='bbox 599 1613 722 1657; x_wconf 89' lang='grc' dir='ltr'><em>πόλιν</em></span> <span class='ocrx_word' id='word_1_198' title='bbox 739 1615 1003 1671; x_wconf 78' lang='grc' dir='ltr'><em>στρατιώτας</em></span> <span class='ocrx_word' id='word_1_199' title='bbox 1029 1612 1231 1661; x_wconf 74' lang='grc' dir='ltr'><em>κελεύσας</em></span> <span class='ocrx_word' id='word_1_200' title='bbox 1257 1613 1330 1653; x_wconf 82' lang='grc' dir='ltr'><em>καί</em></span> <span class='ocrx_word' id='word_1_201' title='bbox 1354 1609 1429 1660; x_wconf 80' lang='grc' dir='ltr'><strong>τὰς</strong></span> <span class='ocrx_word' id='word_1_202' title='bbox 1461 1609 1622 1664; x_wconf 76' lang='grc' dir='ltr'><em>σχολὰς</em></span> 
     </span>
    </p>
   </div>
   <div class='ocr_carea' id='block_1_3' title="bbox 262 1688 1622 1834">
    <p class='ocr_par' dir='ltr' id='par_1_8' title="bbox 262 1688 1622 1834">
     <span class='ocr_line' id='line_1_23' title="bbox 268 1688 1619 1741; baseline -0.005 -12"><span class='ocrx_word' id='word_1_203' title='bbox 268 1708 297 1730; x_wconf 82' lang='grc' dir='ltr'><strong>ι.</strong></span> <span class='ocrx_word' id='word_1_204' title='bbox 323 1694 366 1728; x_wconf 84' lang='grc' dir='ltr'><strong>τό</strong></span> <span class='ocrx_word' id='word_1_205' title='bbox 390 1704 435 1741; x_wconf 78' lang='grc' dir='ltr'><strong>γε</strong></span> <span class='ocrx_word' id='word_1_206' title='bbox 457 1694 516 1736; x_wconf 88' lang='grc' dir='ltr'><strong>Ν.,</strong></span> <span class='ocrx_word' id='word_1_207' title='bbox 544 1696 608 1729; x_wconf 77' lang='grc' dir='ltr'><strong>καὶ</strong></span> <span class='ocrx_word' id='word_1_208' title='bbox 639 1693 680 1729; x_wconf 81' lang='grc' dir='ltr'><em>τὰ</em></span> <span class='ocrx_word' id='word_1_209' title='bbox 719 1696 799 1731; x_wconf 82' lang='lat' dir='ltr'><strong>Val.</strong></span> <span class='ocrx_word' id='word_1_210' title='bbox 815 1720 825 1736; x_wconf 92' lang='lat'>‚</span> <span class='ocrx_word' id='word_1_211' title='bbox 867 1694 935 1731; x_wconf 78' lang='grc' dir='ltr'><strong>τόν</strong></span> <span class='ocrx_word' id='word_1_212' title='bbox 961 1703 1000 1728; x_wconf 86' lang='grc' dir='ltr'><strong>τε</strong></span> <span class='ocrx_word' id='word_1_213' title='bbox 1026 1693 1121 1738; x_wconf 87' lang='lat' dir='ltr'><strong>vulg.</strong></span> <span class='ocrx_word' id='word_1_214' title='bbox 1262 1693 1294 1726; x_wconf 90' lang='lat'><strong>8.</strong></span> <span class='ocrx_word' id='word_1_215' title='bbox 1323 1691 1502 1735; x_wconf 82' lang='grc' dir='ltr'><em>Τριβρίου</em></span> <span class='ocrx_word' id='word_1_216' title='bbox 1522 1688 1619 1733; x_wconf 83' lang='lat' dir='ltr'><strong>vulg.</strong></span> 
     </span>
     <span class='ocr_line' id='line_1_24' title="bbox 264 1738 1622 1788; baseline -0.005 -13"><span class='ocrx_word' id='word_1_217' title='bbox 264 1741 459 1788; x_wconf 74' lang='grc' dir='ltr'><em>διεξάγειν</em></span> <span class='ocrx_word' id='word_1_218' title='bbox 484 1743 520 1775; x_wconf 89' lang='grc' dir='ltr'><strong>Β.</strong></span> <span class='ocrx_word' id='word_1_219' title='bbox 536 1767 547 1784; x_wconf 90' lang='grc'><strong>,</strong></span> <span class='ocrx_word' id='word_1_220' title='bbox 567 1741 768 1787; x_wconf 80' lang='grc' dir='ltr'><em>διεποίγειν</em></span> <span class='ocrx_word' id='word_1_221' title='bbox 797 1741 892 1787; x_wconf 88' lang='lat' dir='ltr'>vulg.</span> <span class='ocrx_word' id='word_1_222' title='bbox 997 1741 1258 1774; x_wconf 76' lang='grc' dir='ltr'><em>καθίστασθαι</em></span> <span class='ocrx_word' id='word_1_223' title='bbox 1287 1738 1352 1779; x_wconf 86' lang='grc' dir='ltr'><strong>Η,,</strong></span> <span class='ocrx_word' id='word_1_224' title='bbox 1387 1739 1622 1770; x_wconf 50' lang='lat' dir='ltr'><strong>maiomam</strong></span> 
     </span>
     <span class='ocr_line' id='line_1_25' title="bbox 262 1789 754 1834; baseline 0 -11"><span class='ocrx_word' id='word_1_225' title='bbox 262 1789 358 1834; x_wconf 86' lang='lat' dir='ltr'>vulg.</span> <span class='ocrx_word' id='word_1_226' title='bbox 431 1799 486 1823; x_wconf 84' lang='lat'><strong>21.</strong></span> <span class='ocrx_word' id='word_1_227' title='bbox 506 1790 663 1827; x_wconf 76' lang='grc' dir='ltr'><em>καλέσας</em></span> <span class='ocrx_word' id='word_1_228' title='bbox 675 1790 754 1823; x_wconf 78' lang='lat' dir='ltr'><strong>val.</strong></span> 
     </span>
    </p>
   </div>
   <div class='ocr_carea' id='block_1_4' title="bbox 171 1844 1640 2783">
    <p class='ocr_par' dir='ltr' id='par_1_9' title="bbox 171 1844 1640 2031">
     <span class='ocr_line' id='line_1_26' title="bbox 171 1844 1624 1892; baseline -0.005 -11"><span class='ocrx_word' id='word_1_229' title='bbox 171 1846 324 1892; x_wconf 77' lang='lat' dir='ltr'>Nepotis</span> <span class='ocrx_word' id='word_1_230' title='bbox 342 1856 455 1891; x_wconf 30' lang='lat' dir='ltr'><strong>&#39;causa</strong></span> <span class='ocrx_word' id='word_1_231' title='bbox 480 1846 668 1888; x_wconf 82' lang='lat' dir='ltr'><strong>instituit,</strong></span> <span class='ocrx_word' id='word_1_232' title='bbox 706 1851 855 1891; x_wconf 85' lang='lat' dir='ltr'><strong>propter</strong></span> <span class='ocrx_word' id='word_1_233' title='bbox 880 1857 943 1879; x_wconf 86' lang='lat' dir='ltr'><strong>sua</strong></span> <span class='ocrx_word' id='word_1_234' title='bbox 968 1845 1120 1890; x_wconf 80' lang='lat' dir='ltr'><strong>Nepotis</strong></span> <span class='ocrx_word' id='word_1_235' title='bbox 1145 1846 1322 1879; x_wconf 83' lang='lat' dir='ltr'><strong>malorum</strong></span> <span class='ocrx_word' id='word_1_236' title='bbox 1346 1844 1550 1882; x_wconf 79' lang='lat' dir='ltr'><strong>miseritus,</strong></span> <span class='ocrx_word' id='word_1_237' title='bbox 1585 1845 1624 1875; x_wconf 83' lang='lat' dir='ltr'><strong>et</strong></span> 
     </span>
     <span class='ocr_line' id='line_1_27' title="bbox 173 1890 1623 1936; baseline -0.006 -8"><span class='ocrx_word' id='word_1_238' title='bbox 173 1903 402 1928; x_wconf 87' lang='lat' dir='ltr'><strong>communem</strong></span> <span class='ocrx_word' id='word_1_239' title='bbox 424 1892 615 1927; x_wconf 86' lang='lat' dir='ltr'><strong>hominum</strong></span> <span class='ocrx_word' id='word_1_240' title='bbox 639 1899 771 1927; x_wconf 87' lang='lat' dir='ltr'><strong>sortem</strong></span> <span class='ocrx_word' id='word_1_241' title='bbox 796 1898 967 1936; x_wconf 89' lang='lat' dir='ltr'><strong>reputans</strong></span> <span class='ocrx_word' id='word_1_242' title='bbox 1006 1892 1052 1924; x_wconf 83' lang='lat' dir='ltr'><strong>ad</strong></span> <span class='ocrx_word' id='word_1_243' title='bbox 1085 1893 1239 1926; x_wconf 87' lang='lat' dir='ltr'><strong>aliorum</strong></span> <span class='ocrx_word' id='word_1_244' title='bbox 1270 1890 1623 1924; x_wconf 85' lang='lat' dir='ltr'><strong>commiserationem</strong></span> 
     </span>
     <span class='ocr_line' id='line_1_28' title="bbox 172 1935 1640 1985; baseline -0.007 -9"><span class='ocrx_word' id='word_1_245' title='bbox 172 1941 363 1976; x_wconf 82' lang='lat' dir='ltr'><strong>adductus.</strong></span> <span class='ocrx_word' id='word_1_246' title='bbox 410 1940 463 1973; x_wconf 86' lang='lat' dir='ltr'><strong>Eo</strong></span> <span class='ocrx_word' id='word_1_247' title='bbox 500 1950 646 1985; x_wconf 85' lang='lat' dir='ltr'><strong>quoque</strong></span> <span class='ocrx_word' id='word_1_248' title='bbox 678 1940 782 1973; x_wconf 89' lang='lat' dir='ltr'><strong>illum</strong></span> <span class='ocrx_word' id='word_1_249' title='bbox 818 1940 967 1984; x_wconf 88' lang='lat' dir='ltr'><strong>impulit</strong></span> <span class='ocrx_word' id='word_1_250' title='bbox 991 1939 1146 1980; x_wconf 83' lang='lat' dir='ltr'><strong>verina,</strong></span> <span class='ocrx_word' id='word_1_251' title='bbox 1185 1949 1278 1984; x_wconf 87' lang='lat' dir='ltr'><strong>quae</strong></span> <span class='ocrx_word' id='word_1_252' title='bbox 1311 1937 1464 1982; x_wconf 79' lang='lat' dir='ltr'><strong>Nepotis</strong></span> <span class='ocrx_word' id='word_1_253' title='bbox 1497 1935 1640 1975; x_wconf 65' lang='lat' dir='ltr'><strong>uxori,</strong></span> 
     </span>
     <span class='ocr_line' id='line_1_29' title="bbox 172 1986 874 2031; baseline -0.003 -10"><span class='ocrx_word' id='word_1_254' title='bbox 172 1989 278 2022; x_wconf 77' lang='lat' dir='ltr'><strong>cuius</strong></span> <span class='ocrx_word' id='word_1_255' title='bbox 304 1992 382 2020; x_wconf 85' lang='lat' dir='ltr'><strong>erat</strong></span> <span class='ocrx_word' id='word_1_256' title='bbox 407 1987 693 2031; x_wconf 80' lang='lat' dir='ltr'><strong>consanguinea,</strong></span> <span class='ocrx_word' id='word_1_257' title='bbox 716 1986 874 2019; x_wconf 84' lang='lat' dir='ltr'><strong>favebat.</strong></span> 
     </span>
    </p>

    <p class='ocr_par' dir='ltr' id='par_1_10' title="bbox 173 2027 1626 2783">
     <span class='ocr_line' id='line_1_30' title="bbox 269 2027 1623 2078; baseline -0.004 -11"><span class='ocrx_word' id='word_1_258' title='bbox 269 2034 301 2078; x_wconf 73' lang='grc'><strong>4.</strong></span> <span class='ocrx_word' id='word_1_259' title='bbox 348 2034 560 2078; x_wconf 86' lang='lat' dir='ltr'><strong>Insequenti</strong></span> <span class='ocrx_word' id='word_1_260' title='bbox 593 2044 687 2067; x_wconf 88' lang='lat' dir='ltr'><strong>anno</strong></span> <span class='ocrx_word' id='word_1_261' title='bbox 713 2034 892 2066; x_wconf 89' lang='lat' dir='ltr'><strong>Zenonem</strong></span> <span class='ocrx_word' id='word_1_262' title='bbox 922 2032 1033 2076; x_wconf 87' lang='lat' dir='ltr'><strong>legati</strong></span> <span class='ocrx_word' id='word_1_263' title='bbox 1065 2042 1084 2063; x_wconf 86' lang='lat' dir='ltr'><strong>a</strong></span> <span class='ocrx_word' id='word_1_264' title='bbox 1111 2031 1244 2066; x_wconf 84' lang='lat' dir='ltr'><strong>Gothis</strong></span> <span class='ocrx_word' id='word_1_265' title='bbox 1267 2029 1455 2069; x_wconf 86' lang='lat' dir='ltr'><strong>adierunt,</strong></span> <span class='ocrx_word' id='word_1_266' title='bbox 1493 2027 1558 2074; x_wconf 91' lang='lat' dir='ltr'><strong>qui</strong></span> <span class='ocrx_word' id='word_1_267' title='bbox 1582 2028 1623 2061; x_wconf 87' lang='lat' dir='ltr'><strong>in</strong></span> 
     </span>
     <span class='ocr_line' id='line_1_31' title="bbox 177 2074 1623 2115; baseline -0.006 0"><span class='ocrx_word' id='word_1_268' title='bbox 177 2080 334 2115; x_wconf 87' lang='lat' dir='ltr'><strong>Thracia</strong></span> <span class='ocrx_word' id='word_1_269' title='bbox 359 2079 600 2113; x_wconf 86' lang='lat' dir='ltr'><strong>consederant</strong></span> <span class='ocrx_word' id='word_1_270' title='bbox 640 2086 678 2114; x_wconf 86' lang='lat' dir='ltr'><strong>et</strong></span> <span class='ocrx_word' id='word_1_271' title='bbox 714 2079 862 2114; x_wconf 73' lang='lat' dir='ltr'><strong>foedere</strong></span> <span class='ocrx_word' id='word_1_272' title='bbox 888 2089 968 2111; x_wconf 89' lang='lat' dir='ltr'><strong>cum</strong></span> <span class='ocrx_word' id='word_1_273' title='bbox 992 2077 1160 2111; x_wconf 82' lang='lat' dir='ltr'><strong>Romanis</strong></span> <span class='ocrx_word' id='word_1_274' title='bbox 1188 2077 1374 2110; x_wconf 89' lang='lat' dir='ltr'><strong>coniuncti</strong></span> <span class='ocrx_word' id='word_1_275' title='bbox 1398 2079 1519 2109; x_wconf 83' lang='lat' dir='ltr'><strong>erant:</strong></span> <span class='ocrx_word' id='word_1_276' title='bbox 1554 2074 1623 2108; x_wconf 74' lang='lat' dir='ltr'><strong>hos</strong></span> 
     </span>
     <span class='ocr_line' id='line_1_32' title="bbox 173 2120 1623 2166; baseline -0.007 -3"><span class='ocrx_word' id='word_1_277' title='bbox 173 2128 382 2163; x_wconf 82' lang='lat' dir='ltr'><strong>foederatos</strong></span> <span class='ocrx_word' id='word_1_278' title='bbox 406 2127 559 2160; x_wconf 84' lang='lat' dir='ltr'><strong>Romani</strong></span> <span class='ocrx_word' id='word_1_279' title='bbox 590 2131 732 2162; x_wconf 78' lang='lat' dir='ltr'><strong>vocant.</strong></span> <span class='ocrx_word' id='word_1_280' title='bbox 781 2125 958 2166; x_wconf 81' lang='lat' dir='ltr'><strong>orabant,</strong></span> <span class='ocrx_word' id='word_1_281' title='bbox 982 2130 1024 2158; x_wconf 91' lang='lat' dir='ltr'><strong>ut</strong></span> <span class='ocrx_word' id='word_1_282' title='bbox 1059 2123 1287 2157; x_wconf 81' lang='lat' dir='ltr'><strong>reconciliari</strong></span> <span class='ocrx_word' id='word_1_283' title='bbox 1310 2124 1423 2157; x_wconf 85' lang='lat' dir='ltr'><strong>vellet</strong></span> <span class='ocrx_word' id='word_1_284' title='bbox 1446 2120 1623 2155; x_wconf 84' lang='lat' dir='ltr'><strong>Theude-</strong></span> 
     </span>
     <span class='ocr_line' id='line_1_33' title="bbox 175 2167 1623 2217; baseline -0.006 -7"><span class='ocrx_word' id='word_1_285' title='bbox 175 2175 291 2215; x_wconf 80' lang='lat' dir='ltr'><strong>richo,</strong></span> <span class='ocrx_word' id='word_1_286' title='bbox 302 2173 436 2208; x_wconf 86' lang='lat' dir='ltr'><strong>Triarii</strong></span> <span class='ocrx_word' id='word_1_287' title='bbox 461 2174 551 2214; x_wconf 83' lang='lat' dir='ltr'><strong>filio,</strong></span> <span class='ocrx_word' id='word_1_288' title='bbox 577 2174 635 2206; x_wconf 90' lang='lat' dir='ltr'><strong>cui</strong></span> <span class='ocrx_word' id='word_1_289' title='bbox 654 2173 751 2207; x_wconf 88' lang='lat' dir='ltr'><strong>nihil</strong></span> <span class='ocrx_word' id='word_1_290' title='bbox 765 2178 860 2206; x_wconf 89' lang='lat' dir='ltr'><strong>esset</strong></span> <span class='ocrx_word' id='word_1_291' title='bbox 878 2173 1051 2216; x_wconf 85' lang='lat' dir='ltr'><strong>optatius,</strong></span> <span class='ocrx_word' id='word_1_292' title='bbox 1081 2182 1191 2217; x_wconf 90' lang='lat' dir='ltr'><strong>quam</strong></span> <span class='ocrx_word' id='word_1_293' title='bbox 1209 2170 1446 2216; x_wconf 83' lang='lat' dir='ltr'><strong>tranquillam</strong></span> <span class='ocrx_word' id='word_1_294' title='bbox 1465 2173 1503 2200; x_wconf 93' lang='lat' dir='ltr'><strong>et</strong></span> <span class='ocrx_word' id='word_1_295' title='bbox 1517 2167 1623 2213; x_wconf 82' lang='lat' dir='ltr'><strong>quie-</strong></span> 
     </span>
     <span class='ocr_line' id='line_1_34' title="bbox 176 2214 1623 2266; baseline -0.006 -11"><span class='ocrx_word' id='word_1_296' title='bbox 176 2227 252 2255; x_wconf 81' lang='lat' dir='ltr'><strong>tam</strong></span> <span class='ocrx_word' id='word_1_297' title='bbox 286 2221 397 2254; x_wconf 79' lang='lat' dir='ltr'><strong>vitam</strong></span> <span class='ocrx_word' id='word_1_298' title='bbox 432 2219 564 2254; x_wconf 89' lang='lat' dir='ltr'><strong>ducere</strong></span> <span class='ocrx_word' id='word_1_299' title='bbox 600 2231 722 2266; x_wconf 89' lang='lat' dir='ltr'><strong>neque</strong></span> <span class='ocrx_word' id='word_1_300' title='bbox 757 2220 865 2253; x_wconf 86' lang='lat' dir='ltr'><strong>armis</strong></span> <span class='ocrx_word' id='word_1_301' title='bbox 902 2218 1164 2262; x_wconf 87' lang='lat' dir='ltr'><strong>rempublicam</strong></span> <span class='ocrx_word' id='word_1_302' title='bbox 1193 2227 1334 2251; x_wconf 84' lang='lat' dir='ltr'><strong>vexare.</strong></span> <span class='ocrx_word' id='word_1_303' title='bbox 1381 2214 1479 2249; x_wconf 89' lang='lat' dir='ltr'><strong>Illud</strong></span> <span class='ocrx_word' id='word_1_304' title='bbox 1514 2215 1623 2249; x_wconf 84' lang='lat' dir='ltr'><strong>etiam</strong></span> 
     </span>
     <span class='ocr_line' id='line_1_35' title="bbox 177 2261 1623 2313; baseline -0.003 -13"><span class='ocrx_word' id='word_1_305' title='bbox 177 2279 262 2302; x_wconf 86' lang='lat' dir='ltr'><strong>eum</strong></span> <span class='ocrx_word' id='word_1_306' title='bbox 287 2266 514 2301; x_wconf 87' lang='lat' dir='ltr'><strong>considerare</strong></span> <span class='ocrx_word' id='word_1_307' title='bbox 537 2267 733 2308; x_wconf 88' lang='lat' dir='ltr'><strong>iusserunt,</strong></span> <span class='ocrx_word' id='word_1_308' title='bbox 759 2271 895 2313; x_wconf 83' lang='lat' dir='ltr'><strong>quanta</strong></span> <span class='ocrx_word' id='word_1_309' title='bbox 917 2266 1014 2298; x_wconf 88' lang='lat' dir='ltr'><strong>mala</strong></span> <span class='ocrx_word' id='word_1_310' title='bbox 1048 2265 1139 2309; x_wconf 89' lang='lat' dir='ltr'><strong>ipse,</strong></span> <span class='ocrx_word' id='word_1_311' title='bbox 1159 2275 1239 2296; x_wconf 91' lang='lat' dir='ltr'><strong>cum</strong></span> <span class='ocrx_word' id='word_1_312' title='bbox 1262 2262 1379 2296; x_wconf 86' lang='lat' dir='ltr'><strong>hostis</strong></span> <span class='ocrx_word' id='word_1_313' title='bbox 1402 2261 1623 2301; x_wconf 79' lang='lat' dir='ltr'><strong>exstitisset,</strong></span> 
     </span>
     <span class='ocr_line' id='line_1_36' title="bbox 179 2307 1623 2357; baseline -0.006 -10"><span class='ocrx_word' id='word_1_314' title='bbox 179 2316 418 2349; x_wconf 87' lang='lat' dir='ltr'><strong>Romanorum</strong></span> <span class='ocrx_word' id='word_1_315' title='bbox 442 2313 551 2348; x_wconf 88' lang='lat' dir='ltr'><strong>rebus</strong></span> <span class='ocrx_word' id='word_1_316' title='bbox 577 2314 782 2354; x_wconf 83' lang='lat' dir='ltr'><strong>attulisset,</strong></span> <span class='ocrx_word' id='word_1_317' title='bbox 810 2318 847 2346; x_wconf 90' lang='lat' dir='ltr'><strong>et</strong></span> <span class='ocrx_word' id='word_1_318' title='bbox 877 2316 970 2357; x_wconf 86' lang='lat' dir='ltr'><strong>quot</strong></span> <span class='ocrx_word' id='word_1_319' title='bbox 993 2310 1102 2344; x_wconf 89' lang='lat' dir='ltr'><strong>urbes</strong></span> <span class='ocrx_word' id='word_1_320' title='bbox 1130 2308 1418 2350; x_wconf 82' lang='lat' dir='ltr'><strong>Theuderichus,</strong></span> <span class='ocrx_word' id='word_1_321' title='bbox 1443 2307 1623 2343; x_wconf 85' lang='lat' dir='ltr'><strong>Balameri</strong></span> 
     </span>
     <span class='ocr_line' id='line_1_37' title="bbox 181 2357 1624 2407; baseline -0.006 -12"><span class='ocrx_word' id='word_1_322' title='bbox 181 2362 299 2403; x_wconf 86' lang='lat' dir='ltr'><strong>filius,</strong></span> <span class='ocrx_word' id='word_1_323' title='bbox 334 2361 399 2407; x_wconf 91' lang='lat' dir='ltr'><strong>qui</strong></span> <span class='ocrx_word' id='word_1_324' title='bbox 423 2360 499 2394; x_wconf 79' lang='lat' dir='ltr'><strong>dux</strong></span> <span class='ocrx_word' id='word_1_325' title='bbox 522 2366 558 2394; x_wconf 88' lang='lat' dir='ltr'><strong>et</strong></span> <span class='ocrx_word' id='word_1_326' title='bbox 593 2362 729 2394; x_wconf 86' lang='lat' dir='ltr'><strong>amicus</strong></span> <span class='ocrx_word' id='word_1_327' title='bbox 762 2360 965 2404; x_wconf 85' lang='lat' dir='ltr'><strong>appellatus</strong></span> <span class='ocrx_word' id='word_1_328' title='bbox 999 2362 1114 2399; x_wconf 82' lang='lat' dir='ltr'><strong>esset,</strong></span> <span class='ocrx_word' id='word_1_329' title='bbox 1151 2357 1361 2399; x_wconf 78' lang='lat' dir='ltr'><strong>evertisset3</strong></span> <span class='ocrx_word' id='word_1_330' title='bbox 1393 2365 1514 2401; x_wconf 90' lang='lat' dir='ltr'><strong>neque</strong></span> <span class='ocrx_word' id='word_1_331' title='bbox 1547 2359 1624 2387; x_wconf 83' lang='lat' dir='ltr'><strong>tam</strong></span> 
     </span>
     <span class='ocr_line' id='line_1_38' title="bbox 179 2402 1626 2452; baseline -0.008 -8"><span class='ocrx_word' id='word_1_332' title='bbox 179 2413 340 2444; x_wconf 82' lang='lat' dir='ltr'><strong>veterem</strong></span> <span class='ocrx_word' id='word_1_333' title='bbox 373 2407 605 2442; x_wconf 90' lang='lat' dir='ltr'><strong>inimicitiam</strong></span> <span class='ocrx_word' id='word_1_334' title='bbox 642 2406 907 2452; x_wconf 85' lang='lat' dir='ltr'><strong>respiciendam</strong></span> <span class='ocrx_word' id='word_1_335' title='bbox 940 2415 1041 2445; x_wconf 85' lang='lat' dir='ltr'><strong>esse,</strong></span> <span class='ocrx_word' id='word_1_336' title='bbox 1073 2416 1181 2451; x_wconf 87' lang='lat' dir='ltr'><strong>quam</strong></span> <span class='ocrx_word' id='word_1_337' title='bbox 1211 2413 1435 2437; x_wconf 89' lang='lat' dir='ltr'><strong>communem</strong></span> <span class='ocrx_word' id='word_1_338' title='bbox 1460 2402 1626 2433; x_wconf 86' lang='lat' dir='ltr'><strong>omnium</strong></span> 
     </span>
     <span class='ocr_line' id='line_1_39' title="bbox 182 2446 1626 2498; baseline -0.006 -10"><span class='ocrx_word' id='word_1_339' title='bbox 182 2455 390 2492; x_wconf 80' lang='lat' dir='ltr'><strong>utilitatem,</strong></span> <span class='ocrx_word' id='word_1_340' title='bbox 439 2454 640 2488; x_wconf 84' lang='lat' dir='ltr'><strong>Confestim</strong></span> <span class='ocrx_word' id='word_1_341' title='bbox 664 2454 776 2498; x_wconf 85' lang='lat' dir='ltr'><strong>igitur</strong></span> <span class='ocrx_word' id='word_1_342' title='bbox 800 2454 999 2497; x_wconf 87' lang='lat' dir='ltr'><strong>Imperator</strong></span> <span class='ocrx_word' id='word_1_343' title='bbox 1021 2455 1184 2484; x_wconf 84' lang='lat' dir='ltr'><strong>senatum</strong></span> <span class='ocrx_word' id='word_1_344' title='bbox 1207 2448 1440 2489; x_wconf 80' lang='lat' dir='ltr'><strong>convocavit,</strong></span> <span class='ocrx_word' id='word_1_345' title='bbox 1473 2453 1510 2480; x_wconf 86' lang='lat' dir='ltr'><strong>et</strong></span> <span class='ocrx_word' id='word_1_346' title='bbox 1534 2446 1626 2480; x_wconf 83' lang='lat' dir='ltr'><strong>haec</strong></span> 
     </span>
     <span class='ocr_line' id='line_1_40' title="bbox 183 2494 1625 2546; baseline -0.005 -13"><span class='ocrx_word' id='word_1_347' title='bbox 183 2502 259 2536; x_wconf 88' lang='lat' dir='ltr'><strong>illis</strong></span> <span class='ocrx_word' id='word_1_348' title='bbox 283 2502 487 2546; x_wconf 79' lang='lat' dir='ltr'><strong>proposuit,</strong></span> <span class='ocrx_word' id='word_1_349' title='bbox 508 2507 550 2535; x_wconf 91' lang='lat' dir='ltr'><strong>ut</strong></span> <span class='ocrx_word' id='word_1_350' title='bbox 560 2501 632 2534; x_wconf 87' lang='lat' dir='ltr'><strong>sibi</strong></span> <span class='ocrx_word' id='word_1_351' title='bbox 658 2498 849 2533; x_wconf 87' lang='lat' dir='ltr'><strong>consilium</strong></span> <span class='ocrx_word' id='word_1_352' title='bbox 874 2499 1014 2540; x_wconf 83' lang='lat' dir='ltr'><strong>darent,</strong></span> <span class='ocrx_word' id='word_1_353' title='bbox 1040 2496 1130 2543; x_wconf 83' lang='lat' dir='ltr'><strong>quid</strong></span> <span class='ocrx_word' id='word_1_354' title='bbox 1153 2498 1245 2531; x_wconf 78' lang='lat' dir='ltr'><strong>facto</strong></span> <span class='ocrx_word' id='word_1_355' title='bbox 1270 2507 1362 2541; x_wconf 88' lang='lat' dir='ltr'><strong>opus</strong></span> <span class='ocrx_word' id='word_1_356' title='bbox 1378 2499 1483 2529; x_wconf 87' lang='lat' dir='ltr'><strong>esset.</strong></span> <span class='ocrx_word' id='word_1_357' title='bbox 1514 2494 1625 2527; x_wconf 85' lang='lat' dir='ltr'><strong>Sena-</strong></span> 
     </span>
     <span class='ocr_line' id='line_1_41' title="bbox 184 2540 1626 2590; baseline -0.006 -10"><span class='ocrx_word' id='word_1_358' title='bbox 184 2553 281 2581; x_wconf 84' lang='lat' dir='ltr'><strong>tores</strong></span> <span class='ocrx_word' id='word_1_359' title='bbox 305 2558 389 2581; x_wconf 84' lang='lat' dir='ltr'><strong>vero</strong></span> <span class='ocrx_word' id='word_1_360' title='bbox 413 2548 608 2589; x_wconf 71' lang='lat' dir='ltr'><strong>dixerunt,</strong></span> <span class='ocrx_word' id='word_1_361' title='bbox 644 2547 781 2581; x_wconf 81' lang='lat' dir='ltr'><strong>reditus</strong></span> <span class='ocrx_word' id='word_1_362' title='bbox 806 2546 972 2590; x_wconf 87' lang='lat' dir='ltr'><strong>publicos</strong></span> <span class='ocrx_word' id='word_1_363' title='bbox 1006 2545 1157 2578; x_wconf 87' lang='lat' dir='ltr'><strong>minime</strong></span> <span class='ocrx_word' id='word_1_364' title='bbox 1190 2543 1347 2578; x_wconf 84' lang='lat' dir='ltr'><strong>sufficere</strong></span> <span class='ocrx_word' id='word_1_365' title='bbox 1371 2542 1417 2575; x_wconf 90' lang='lat' dir='ltr'><strong>ad</strong></span> <span class='ocrx_word' id='word_1_366' title='bbox 1439 2540 1626 2586; x_wconf 85' lang='lat' dir='ltr'><strong>stipendia</strong></span> 
     </span>
     <span class='ocr_line' id='line_1_42' title="bbox 183 2588 1625 2642; baseline -0.004 -16"><span class='ocrx_word' id='word_1_367' title='bbox 183 2599 352 2640; x_wconf 89' lang='lat' dir='ltr'><strong>prompte</strong></span> <span class='ocrx_word' id='word_1_368' title='bbox 375 2596 538 2642; x_wconf 88' lang='lat' dir='ltr'><strong>utrisque</strong></span> <span class='ocrx_word' id='word_1_369' title='bbox 568 2593 857 2639; x_wconf 83' lang='lat' dir='ltr'><strong>suppeditanda,</strong></span> <span class='ocrx_word' id='word_1_370' title='bbox 882 2603 995 2637; x_wconf 89' lang='lat' dir='ltr'><strong>quum</strong></span> <span class='ocrx_word' id='word_1_371' title='bbox 1017 2602 1064 2624; x_wconf 87' lang='lat' dir='ltr'><strong>ne</strong></span> <span class='ocrx_word' id='word_1_372' title='bbox 1089 2596 1167 2624; x_wconf 86' lang='lat' dir='ltr'><strong>tum</strong></span> <span class='ocrx_word' id='word_1_373' title='bbox 1190 2590 1340 2636; x_wconf 84' lang='lat' dir='ltr'><strong>quidem</strong></span> <span class='ocrx_word' id='word_1_374' title='bbox 1363 2588 1543 2622; x_wconf 86' lang='lat' dir='ltr'><strong>militibus</strong></span> <span class='ocrx_word' id='word_1_375' title='bbox 1567 2588 1625 2621; x_wconf 88' lang='lat' dir='ltr'><strong>vi-</strong></span> 
     </span>
     <span class='ocr_line' id='line_1_43' title="bbox 185 2634 1626 2686; baseline -0.006 -12"><span class='ocrx_word' id='word_1_376' title='bbox 185 2647 263 2674; x_wconf 88' lang='lat' dir='ltr'><strong>ctus</strong></span> <span class='ocrx_word' id='word_1_377' title='bbox 286 2641 470 2674; x_wconf 83' lang='lat' dir='ltr'><strong>commode</strong></span> <span class='ocrx_word' id='word_1_378' title='bbox 494 2641 670 2686; x_wconf 85' lang='lat' dir='ltr'><strong>praestari</strong></span> <span class='ocrx_word' id='word_1_379' title='bbox 694 2645 827 2685; x_wconf 82' lang='lat' dir='ltr'><strong>posset.</strong></span> <span class='ocrx_word' id='word_1_380' title='bbox 874 2640 966 2673; x_wconf 90' lang='lat' dir='ltr'><strong>Cum</strong></span> <span class='ocrx_word' id='word_1_381' title='bbox 991 2649 1063 2683; x_wconf 88' lang='lat' dir='ltr'><strong>quo</strong></span> <span class='ocrx_word' id='word_1_382' title='bbox 1086 2649 1171 2672; x_wconf 87' lang='lat' dir='ltr'><strong>vero</strong></span> <span class='ocrx_word' id='word_1_383' title='bbox 1196 2649 1240 2671; x_wconf 80' lang='lat' dir='ltr'><strong>ex</strong></span> <span class='ocrx_word' id='word_1_384' title='bbox 1264 2635 1406 2670; x_wconf 80' lang='lat' dir='ltr'><strong>(luobus</strong></span> <span class='ocrx_word' id='word_1_385' title='bbox 1431 2634 1626 2668; x_wconf 85' lang='lat' dir='ltr'><strong>amicitiam</strong></span> 
     </span>
     <span class='ocr_line' id='line_1_44' title="bbox 185 2681 1625 2733; baseline -0.007 -11"><span class='ocrx_word' id='word_1_386' title='bbox 185 2689 376 2723; x_wconf 87' lang='lat' dir='ltr'><strong>instituere</strong></span> <span class='ocrx_word' id='word_1_387' title='bbox 400 2694 617 2733; x_wconf 79' lang='lat' dir='ltr'><strong>praestaret,</strong></span> <span class='ocrx_word' id='word_1_388' title='bbox 641 2687 679 2720; x_wconf 87' lang='lat' dir='ltr'><strong>id</strong></span> <span class='ocrx_word' id='word_1_389' title='bbox 706 2689 743 2719; x_wconf 88' lang='lat' dir='ltr'><strong>in</strong></span> <span class='ocrx_word' id='word_1_390' title='bbox 769 2687 880 2719; x_wconf 88' lang='lat' dir='ltr'><strong>solius</strong></span> <span class='ocrx_word' id='word_1_391' title='bbox 905 2686 1134 2729; x_wconf 86' lang='lat' dir='ltr'><strong>Imperatoris</strong></span> <span class='ocrx_word' id='word_1_392' title='bbox 1159 2684 1312 2718; x_wconf 88' lang='lat' dir='ltr'><strong>arbitrio</strong></span> <span class='ocrx_word' id='word_1_393' title='bbox 1336 2682 1545 2716; x_wconf 84' lang='lat' dir='ltr'><strong>consistere.</strong></span> <span class='ocrx_word' id='word_1_394' title='bbox 1581 2681 1625 2713; x_wconf 92' lang='lat' dir='ltr'><strong>In</strong></span> 
     </span>
     <span class='ocr_line' id='line_1_45' title="bbox 186 2729 1624 2783; baseline -0.008 -13"><span class='ocrx_word' id='word_1_395' title='bbox 186 2737 306 2771; x_wconf 86' lang='lat' dir='ltr'><strong>aulam</strong></span> <span class='ocrx_word' id='word_1_396' title='bbox 333 2748 480 2783; x_wconf 82' lang='lat' dir='ltr'><strong>quoque</strong></span> <span class='ocrx_word' id='word_1_397' title='bbox 502 2735 707 2772; x_wconf 86' lang='lat' dir='ltr'><strong>convocatis</strong></span> <span class='ocrx_word' id='word_1_398' title='bbox 732 2732 910 2768; x_wconf 86' lang='lat' dir='ltr'><strong>militibus</strong></span> <span class='ocrx_word' id='word_1_399' title='bbox 937 2736 974 2766; x_wconf 88' lang='lat' dir='ltr'><strong>et</strong></span> <span class='ocrx_word' id='word_1_400' title='bbox 990 2731 1166 2778; x_wconf 18' lang='lat' dir='ltr'><strong>‘omnibus</strong></span> <span class='ocrx_word' id='word_1_401' title='bbox 1188 2729 1342 2772; x_wconf 82' lang='lat' dir='ltr'><strong>scholis,</strong></span> <span class='ocrx_word' id='word_1_402' title='bbox 1370 2738 1515 2764; x_wconf 86' lang='lat' dir='ltr'><strong>ascenso</strong></span> <span class='ocrx_word' id='word_1_403' title='bbox 1541 2738 1624 2772; x_wconf 86' lang='lat' dir='ltr'><strong>sug-</strong></span> 
     </span>
    </p>
   </div>
  </div>
 </body>
</html>
