1838 3210
207 184 276 251 14
644 198 923 244 ExcEnPTA
962 199 997 241 E
1033 200 1265 243 DElePO

11 319 104 358 A.C.
120 331 240 365 27ozs
267 313 471 372 ὑμέτερον
497 315 602 371 πρὸς
628 313 766 356 πάντα
810 314 999 356 κίνδυνον
1025 315 1071 355 ἐκ
1095 312 1247 356 τούτου
1276 314 1517 371 ἀδεέστερον
1545 316 1640 368 ἕξει,

8 366 271 423 Au¹e¹·¹·¹2cou¹
293 383 376 423 τῶν
401 383 608 436 μεγίστων
635 380 927 435 στρατοπέδων
955 378 1239 422 συνελθόντων
1279 379 1374 421 οὔδ’
1398 380 1571 435 ἧτισοῦν
1597 376 1642 422 ἓ-

199 447 301 502 τέρα
325 444 422 502 χεὶρ
452 445 685 499 ἀξιόμαχος
713 444 814 499 ἡμῖν
841 443 1159 499 νομισθήσεται.
1216 446 1256 487 εἰ
1281 445 1328 486 δέ
1354 460 1419 494 τις
1443 446 1495 501 τῇ
1521 441 1643 487 εὔτυ-

197 511 273 568 χίᾳ
302 513 380 553 τοῦ
406 512 588 563 πολέμου
619 509 894 566 ἐπαιρόμενος
931 507 1130 566 ὀλίγωρός
1169 511 1260 552 ἔστι
1299 508 1404 566 πρὸς
1430 507 1507 564 τὴν
1533 507 1643 562 σύμ-
1663 518 1688 549 ’.

196 581 347 632 βασιν,
397 575 538 630 γνώτω
577 571 626 616 οὗ
654 574 811 633 βεβαίῳ
839 573 1055 632 πράγματι
1091 576 1429 632 θρασυνόμενος,
1477 576 1551 617 καί
1576 570 1669 619 ὅτιὸ

195 644 269 685 ε’πί
303 641 431 689 παντί
467 640 598 697 φέρον
641 642 715 696 τῆς
758 639 961 696 δοκούσης
1004 643 1235 697 εὐπραγίας
1283 641 1537 697 ἡττηθέντας
1573 638 1648 682 καὶ

193 706 299 764 πρὸς
324 704 399 761 τὴν
426 706 646 760 παροῦσαν
672 709 748 762 τῆς
766 705 899 761 τύχης
923 705 1062 762 οἷκμὴν
1081 704 1384 756 ἀποκλίναντας
1411 707 1496 748 τῶν
1523 701 1644 759 ἇμει-

128 771 324 815 ·Βνόνων
350 772 606 827 ἐξηρτῆσθαι
631 768 773 825 μόνων
809 773 1014 826 ἐλπίδων,
1067 770 1141 813 καὶ
1175 770 1258 813 ὖπὸ
1300 769 1518 820 τοιαύταις
1546 767 1643 812 οἶνο-

191 838 313 892 μίαις
341 838 415 891 τῆς
443 851 489 878 τε
517 835 623 892 πρὸς
651 836 832 893 θάτερον
858 838 1095 892 μεταβολῆς
1122 837 1340 892 ὑπεριδεῖν
1369 837 1443 892 καί
1469 851 1641 888 συμμαα

188 903 291 956 χιάν
328 897 524 957 εὔκαιρον
561 902 782 957 διδομένην
831 903 1201 958 παραιτήσασθαι.
1256 898 1477 957 πεφύκασί
1508 916 1554 942 τε
1597 897 1698 945 atro

188 969 361 1021 μείζους
389 966 613 1023 στρατιαὶ,
653 966 771 1022 παρὰ
800 969 877 1020 μὲν
904 965 980 1022 τήν
1009 966 1177 1022 πριότην
1203 965 1359 1022 θάρσει
1388 967 1543 1016 οἰκείας
1567 967 1644 1007 δυ-

188 1034 351 1086 νάμεως
378 1031 656 1089 ἐπαιρόμεναι
683 1034 756 1074 καί
783 1034 983 1090 ἐλαχίστῃ
1011 1028 1249 1090 προμηθείᾳ
1273 1031 1509 1087 χρώμεναι,
1563 1030 1644 1074 σύν

188 1096 498 1156 καταφρονήσει
539 1100 621 1140 τῶν
667 1096 1054 1151 ἀντιπολεμούντων
1091 1098 1164 1139 ἐπὶ
1187 1095 1265 1146 τὰς
1299 1096 1443 1151 μάχας
1469 1095 1645 1152 πορεύεα

189 1167 296 1207 σθαι
322 1165 396 1205 καί
421 1161 524 1205 κατὰ
557 1161 602 1205 τὸ
646 1162 888 1220 ἀφύλακτον
930 1162 989 1212 ὥς
1028 1161 1100 1204 ἐπὶ
1138 1160 1244 1205 πολύ
1287 1160 1334 1204 τὸ
1366 1157 1488 1217 ἦττον
1515 1160 1642 1216 ἔχειν,

190 1228 237 1271 αἱ
265 1231 312 1270 δὲ
349 1230 409 1285 τῷ
437 1229 635 1286 αἰφνιδιῖῃ
663 1228 736 1269 καί
775 1231 879 1284 παρ’
906 1229 1058 1270 ἐλπίδα
1096 1225 1341 1283 χωρήσαντι
1382 1229 1567 1285 λογισμῷ
1593 1233 1697 1275 τει5

191 1292 381 1351 ἇσφάλεῖ
414 1294 488 1335 καί
524 1294 746 1350 περιουσίᾳ
785 1291 1002 1347 δυνάμεως
1029 1294 1213 1347 βεβαίως
1247 1289 1514 1348 χρησάμεναι
1541 1294 1644 1334 δυσ-

192 1357 439 1413 μαχώτατοι
466 1363 552 1407 τοῖς
580 1354 823 1407 ἀντιπάλοις
849 1360 1055 1412 γίνεσθαι.
1112 1355 1190 1400 σύν
1221 1356 1270 1413 δὴ
1301 1356 1473 1415 τοιαύτῃ
1505 1358 1644 1401 ἐλπίδι

158 1425 269 1471 cum*
293 1424 414 1478 ἡμεῖς
443 1424 544 1480 διχῇ
570 1421 647 1478 τήν
688 1420 868 1476 δύναμιν
912 1420 1121 1472 διελόντες
1163 1421 1211 1464 ‘cd
1255 1426 1446 1478 πρῶτον,
1501 1421 1574 1463 καὶ
1598 1423 1643 1464 ἒν

189 1492 249 1547 τῷ
275 1490 450 1546 ποταμῷ
476 1486 529 1530 τοὶ
558 1486 690 1529 πολλοὶ
717 1487 826 1546 τύχῃ
853 1490 1012 1542 μᾶλλον
1039 1483 1066 1539 ἢ
1094 1489 1225 1545 οἷρετῇ
1254 1486 1438 1545 ὑμετέρᾳ
1466 1488 1643 1543 σφαλέν·
1679 1494 1685 1498 “

188 1571 278 1608 τες,
308 1550 396 1612 ιούκ
422 1551 733 1610 ἀπροσδόκητοί
755 1556 881 1608 ἐσμεν
910 1551 1018 1596 ἆλλά
1051 1557 1142 1609 νῦν,
1173 1553 1262 1607 ἅμα
1282 1556 1340 1612 τῷ
1367 1554 1443 1596 τοῦ
1469 1555 1694 1606 μέλλονοςο

189 1636 264 1671 τος
306 1622 526 1675 προμηθεῖ,
570 1620 649 1673 οὐχ
677 1617 898 1662 ὗπόστατοι
938 1619 1041 1673 ὑμῖν
1067 1620 1284 1674 γενέσθαι.
1341 1616 1560 1673 κράτιστον
1588 1609 1641 1672 δὴ

284 1704 314 1726 2.
343 1690 424 1725 οὐδ’
450 1690 608 1732 ἡτισοῦν
620 1690 674 1723 ed.
686 1691 777 1732 Pan,
801 1688 889 1724 οὔθ’
907 1692 946 1724 εἴ
964 1702 1022 1729 τις
1046 1686 1116 1725 οὖν
1129 1690 1184 1725 ed.
1199 1691 1242 1723 H.
1289 1691 1324 1726 6.
1338 1690 1476 1735 φέρον]
1502 1690 1644 1736 σφαλε-

284 1731 356 1784 ρὸν
377 1737 421 1771 Ν.
516 1740 548 1773 8.
574 1738 671 1771 Fort.
697 1736 855 1775 οἷνοίαις.
884 1739 921 1771 Β.
987 1739 1038 1773 15.
1065 1739 1106 1774 F.
1124 1736 1262 1771 excidit
1284 1736 1531 1781 διδαχθεῖσαι
1559 1741 1645 1782 post

283 1783 510 1831 χωρῆσαντι.
522 1783 564 1818 Ν.
664 1785 714 1818 18.
741 1785 818 1832 καὶ]
846 1786 911 1817 καὶ
935 1783 977 1819 ἐν
1000 1786 1047 1830 γῇ
1072 1786 1135 1818 καὶ
1158 1782 1203 1821 Ν,

195 1844 321 1878 hostes
346 1842 457 1876 vestri
481 1843 520 1875 in
543 1851 606 1874 vos
633 1843 838 1883 irruerunt,
863 1847 988 1875 contra
1018 1842 1114 1886 ipsos
1146 1852 1219 1873 una
1239 1850 1319 1874 cum
1337 1844 1456 1873 vestro
1481 1841 1642 1875 exercitu

195 1891 236 1923 in
265 1889 343 1922 acie
369 1889 544 1922 stetimus.
594 1887 705 1933 Quod
734 1894 772 1922 et
790 1888 908 1922 adhuc
932 1899 1030 1921 nunc
1059 1889 1176 1922 facere
1198 1886 1315 1932 parati
1337 1897 1481 1927 sumus,
1515 1891 1556 1919 ut
1576 1898 1642 1920 ve-

193 1941 307 1970 strum
332 1935 535 1980 periculum
558 1934 717 1968 levemus
743 1941 890 1976 nostro,
929 1939 966 1968 et
990 1935 1105 1968 tutius
1129 1933 1234 1968 vobis
1266 1933 1322 1966 sit.
1371 1932 1462 1965 Nam
1487 1933 1643 1966 coniun-

194 1983 264 2021 ctis,
286 1983 452 2015 maximis
475 1982 609 2014 nostris
637 1982 870 2022 exercitibus,
895 1981 997 2014 nulla
1021 1981 1092 2014 alia
1115 1991 1242 2013 manus
1263 1991 1327 2024 par
1350 1977 1458 2012 nobis
1494 1979 1533 2012 in
1547 1989 1638 2012 con-

193 2027 346 2062 serenda
370 2039 489 2073 pugna
522 2027 739 2061 censebitur.
790 2028 855 2061 Sin
882 2033 1003 2061 autem
1031 2028 1111 2073 quis
1139 2037 1312 2071 prospero
1340 2036 1459 2058 rerum
1478 2025 1518 2057 in
1538 2025 1638 2059 bello

194 2075 500 2108 successuelatus
533 2076 736 2108 contemnit
760 2079 795 2108 et
819 2075 960 2108 alienus
989 2078 1043 2107 est
1066 2084 1086 2105 a
1111 2083 1218 2117 pace:
1246 2072 1346 2111 sciat,
1371 2082 1408 2104 se
1433 2070 1531 2104 haud
1550 2073 1638 2106 satis

193 2121 297 2154 firma
324 2125 359 2153 et
384 2121 508 2154 stabili
535 2131 573 2153 re
599 2121 732 2161 inniti,
759 2120 822 2154 sed
846 2122 884 2154 in
910 2131 1086 2154 summum
1100 2120 1292 2152 discrimen
1306 2117 1460 2158 adduci,
1484 2117 1639 2162 quicun-

196 2178 267 2213 que
293 2167 471 2200 secundae
497 2167 662 2200 fortunae
690 2168 809 2213 specie
839 2168 954 2201 victus
991 2172 1028 2200 et
1061 2166 1242 2211 praesenti
1278 2164 1447 2197 felicitati
1482 2165 1638 2198 confisus

195 2213 272 2246 sola
297 2212 488 2246 meliorum
512 2222 740 2246 successuum
761 2225 824 2258 spe
847 2214 1003 2254 nitatur,
1029 2213 1164 2258 quique
1188 2212 1227 2244 in
1252 2220 1293 2244 ea
1318 2210 1429 2243 animi
1456 2209 1640 2245 immode—

196 2264 273 2292 rata
297 2259 455 2292 elatione
477 2258 523 2291 ad
547 2259 786 2294 mutationem
811 2272 932 2294 rerum
955 2271 1028 2293 non
1049 2258 1210 2292 advertat
1234 2262 1271 2290 et
1294 2257 1479 2301 suppetias
1505 2267 1638 2301 oppor-

195 2310 286 2339 tune
303 2305 375 2338 sibi
397 2304 538 2338 oblatas
570 2312 726 2349 respuat.
775 2307 827 2339 Ex
857 2318 928 2352 quo
950 2306 1024 2339 fere
1047 2307 1099 2339 ita
1125 2308 1369 2348 comparatum
1397 2307 1463 2344 est,
1482 2307 1525 2335 ut
1549 2314 1637 2347 pro-

194 2353 357 2398 priarum
388 2351 522 2384 virium
557 2351 707 2392 fiducia,
740 2355 934 2397 praecipue
966 2351 1118 2386 maiores
1152 2351 1277 2395 copiae
1312 2350 1446 2390 fretae,
1485 2350 1637 2383 minima

196 2397 429 2444 providentia
454 2398 493 2430 in
516 2397 624 2430 rebus
650 2399 722 2431 suis
747 2405 890 2433 utentes
907 2425 916 2440 ,
942 2398 988 2432 ad
1009 2397 1239 2443 pugnandum
1263 2395 1437 2429 accedant
1455 2399 1493 2428 et
1511 2394 1635 2429 hostes

198 2443 426 2489 contemptui
449 2442 622 2483 habeant,
647 2444 810 2490 aquibus
828 2446 977 2479 minime
994 2445 1064 2479 sibi
1081 2448 1244 2477 caventes
1258 2447 1483 2486 superantur.
1532 2441 1636 2487 Quae

197 2501 283 2524 vero
311 2491 349 2523 in
377 2490 577 2534 repentinis
604 2495 640 2523 et
664 2491 855 2536 insperatis
883 2492 1023 2525 casibus
1039 2490 1190 2524 consilio
1206 2493 1286 2522 tuto
1322 2493 1359 2521 et
1385 2488 1515 2522 virium
1532 2499 1638 2532 prae-

190 2537 335 2578 „stantia
357 2547 438 2569 cum
462 2535 684 2570 firmitudine
708 2543 877 2580 utuntur,
902 2550 1030 2583 magna
1054 2547 1133 2570 cum
1157 2535 1372 2569 difficultate
1397 2533 1442 2568 ab
1467 2533 1635 2568 hostibus

201 2583 400 2628 expugnari
430 2587 591 2626 possunt.
647 2583 763 2616 Huius
798 2586 852 2617 rei
886 2583 1039 2625 fiducia,
1072 2582 1247 2628 quamvis,
1279 2581 1357 2614 acie
1388 2580 1561 2625 bipartita
1588 2580 1636 2614 ad

199 2629 367 2670 fluvium,
394 2628 538 2662 fortuna
555 2630 699 2673 potius,
727 2641 833 2676 quam
857 2636 975 2664 vestra
997 2632 1130 2664 virtute
1159 2628 1265 2661 nobis
1303 2627 1440 2661 cladem
1464 2626 1637 2662 intuleri-

200 2677 270 2716 tis,
296 2675 393 2709 baud
412 2686 476 2720 spe
500 2674 664 2708 destituti
685 2688 820 2717 sumus,
845 2677 1074 2722 diligentiore
1098 2674 1248 2721 posthac
1271 2674 1404 2707 nostris
1423 2671 1530 2707 rebus
1547 2684 1636 2708 cau·-

199 2723 301 2755 tione
320 2720 504 2761 adhibita,
529 2721 618 2761 fore,
632 2727 674 2756 ut
694 2734 761 2761 nos
780 2724 957 2757 sustinere
985 2722 1134 2756 minime
1153 2720 1312 2754 valeatis.
1362 2721 1487 2765 Itaque
1511 2721 1634 2765 potius

202 2774 277 2809 eet,
304 2773 345 2802 ut
363 2779 426 2803 vos
449 2767 642 2809 commoda,
666 2779 758 2814 quae
783 2780 827 2803 ex
852 2780 938 2814 pace
957 2769 1187 2815 proveniunt,
1201 2767 1426 2812 percipiatis,
1453 2771 1490 2800 et
1502 2765 1634 2799 iunctis
