1924 3164
370 139 391 178 1
410 143 429 178 1
444 141 472 177 2
938 139 1153 180 EUNAPII

360 239 610 289 Βοιόδωνος·
665 233 800 285 ἄλλως
836 252 881 277 τε
921 230 972 290 ἦν
1003 238 1077 278 καί
1099 234 1204 291 πρὸς
1229 237 1506 293 σωφροσύνην
1528 240 1717 295 πεπηγώς
1742 256 1787 283 τε

359 307 433 348 καί
471 301 808 362 διηρθρωμένος,
853 300 927 344 καί
967 300 1073 357 πρὸς
1097 300 1292 358 χρήματα
1319 299 1499 355 πόλεμον
1526 308 1711 358 πολεμῶν
1740 300 1787 347 ἄ·

358 373 556 414 σπονδον·
584 372 753 425 διέφερε
784 369 888 422 γοῦν
923 368 1006 410 τῶν
1033 364 1208 410 εὐτελῶν
1242 371 1508 424 στρατιωτῶν
1535 365 1633 411 ὅσον
1658 388 1702 424 γε
1730 372 1790 420 εἷς

355 439 529 478 πλοῦτον
566 435 711 476 οῦδὲν·
765 433 840 474 καὶ
876 431 948 474 διὰ
983 434 1100 474 τοῦτο
1138 432 1270 475 ἐδόκει
1307 434 1365 490 τῷ
1390 436 1560 487 βασιλεῖ’
1575 435 1788 494 »Θεοδοσίῳ

351 501 585 558 χρήσιμος,
629 496 675 548 ὅς
711 513 755 540 τε
797 496 902 554 πρὸς
941 496 1016 540 τὸν
1051 500 1399 541 Οὕαλεντινιανοῧ
1423 497 1574 554 τρόπον
1604 500 1817 556 duginna-5

351 566 430 609 πὸν
467 562 563 609 ὄντα
603 566 675 607 καί
709 564 899 617 δίκαιον,
931 565 1005 606 καί
1038 562 1083 606 τὸ
1130 566 1227 620 παρ’
1259 560 1416 606 ἑαυτοῦ
1450 563 1582 621 βάρος
1608 567 1791 609 {nautia

351 634 542 690 καθάπερ
586 631 715 689 ὄρθὸν
753 630 826 674 καί
876 633 1069 688 ἀστραβῆ
1102 631 1193 673 τινα
1227 630 1377 673 κανόνα
1415 636 1502 680 τοῖς
1538 633 1791 685 βασιλείοις,

349 699 452 756 πρὸς
473 698 519 742 τὸ
541 700 671 755 μηδὲν
699 692 784 740 τῶν
814 696 912 754 περὶ
939 695 1014 753 τὴν
1043 693 1177 753 αὐλὴν
1205 696 1585 753 παραβλάπτεσθαι
1603 692 1632 752 ἢ
1652 694 1792 753 ἁμαρ-

348 765 564 809 τάνεσθαι.
594 771 645 807 In
666 779 758 807 voc.

460 829 529 887 ιη’.
588 824 720 880 Οὗτος
751 830 1005 887 (Ῥουφῖνος)
1033 827 1105 871 ἐπὶ
1133 829 1362 871 Θεοδοσίου
1391 823 1444 884 ἦν
1461 860 1474 883 ,
1502 826 1847 882 βαθυγνώμωνιο

350 892 570 953 ἅνθρωπος
610 898 685 938 καί
721 890 976 950 κρυψίνους·
1029 889 1138 949 ἦσαν
1166 896 1213 936 δὲ
1253 889 1374 943 οὗτὸς
1405 910 1450 936 τε
1486 893 1559 936 καὶ
1581 892 1792 948 Στελίχων

349 964 562 1019 ἐπίτροποι
590 963 674 1003 τῶν
706 961 931 1003 Θεοδοσίου
960 960 1134 1002 παίδων.
1172 955 1304 1015 ἄμφω
1339 958 1391 1001 τὰ
1417 959 1551 1000 πάντα
1578 956 1791 1014 συνήρπα-

348 1030 431 1081 ζον,
460 1029 504 1070 ἐν
531 1028 591 1085 τῷ
619 1024 782 1084 πλούτῳ
809 1023 857 1066 τὸ
887 1025 1039 1081 κράτος
1065 1024 1288 1078 τιθέμενοι,
1319 1026 1392 1067 καί
1419 1020 1555 1074 οὐδεὶς
1575 1021 1687 1079 εἶχεν
1714 1022 1792 1066 ἴδι·

347 1108 394 1135 ον
423 1094 574 1146 οῦδὲν,
616 1094 656 1134 εἰ
680 1090 738 1146 μὴ
767 1088 928 1139 τούτοις
956 1089 1071 1141 ἔδοξε
1088 1107 1100 1119 ·
1158 1091 1272 1132 δίκαι
1299 1105 1344 1132 τε
1377 1086 1538 1131 ἅπασαι
1563 1087 1665 1146 πρὸς
1693 1088 1792 1132 τού-

344 1174 427 1200 των
455 1157 715 1210 ἐδικάζοντο,
744 1156 816 1198 καὶ
842 1154 972 1205 πολύς
999 1151 1052 1211 ἦν
1079 1150 1201 1210 ὅχλος
1227 1156 1311 1197 ταῖν
1338 1152 1641 1211 περιθεόντων.
1671 1153 1843 1204 εἴπουχᾶ

344 1222 432 1266 τινὶ
453 1223 611 1279 χωρίον
638 1219 825 1277 ὑπάρχοι
852 1224 1099 1276 παντομιγές
1126 1237 1172 1263 τε
1199 1220 1275 1262 καὶ
1302 1215 1536 1276 εὔκαρπον,
1582 1223 1655 1263 καί
1676 1220 1700 1262 ὁ
1721 1221 1790 1261 δε·-

226 1285 503 1343 Β,3,3σπότης
528 1286 660 1335 εὐθύς
689 1283 980 1341 συνήρπαστο,
1009 1285 1257 1341 κατηγορίας
1283 1286 1574 1341 πεπλασμένης
1600 1283 1790 1340 εὐλόγου,

347 1352 421 1397 διά
447 1369 571 1396 τινων
599 1352 838 1408 ὖφειμένων
865 1352 1185 1406 ἐνηδρευμένος,
1228 1350 1302 1393 καί
1339 1348 1361 1392 ὃ
1399 1347 1669 1405 ἀδικούμενος
1696 1352 1791 1406 η’δο-

347 1425 476 1472 κεΐτο,
524 1419 599 1460 τοῦ
642 1418 885 1465 ἀδικοῦντος
923 1417 1159 1472 κρίνοντος·
1215 1419 1259 1467 ἐς
1286 1419 1408 1459 τοῦτο
1436 1418 1483 1459 δὲ
1514 1416 1536 1459 ὁ
1567 1415 1791 1474 Ῥουφῖνος

347 1485 560 1541 ἐχώρησεν
589 1479 872 1539 οἷμετροκάκου
900 1481 1163 1535 πλεονεξίας,
1204 1479 1310 1524 ὥστε
1346 1481 1419 1524 καὶ
1444 1480 1688 1539 ἀνδράποδα
1716 1483 1842 1538 ‹iq-20

345 1552 475 1605 μόσια
514 1546 768 1604 οἷπημπὸλει,
811 1546 884 1590 καὶ
921 1544 1002 1590 ὅσα
1043 1546 1226 1604 δημόσια
1265 1548 1537 1604 δικαστήρια,
1578 1546 1788 1606 Ῥουφίνῳ

347 1617 501 1664 πάντες
528 1615 741 1664 ἐδίκαζον·
798 1612 873 1654 καί
908 1612 930 1653 ὅ
970 1611 1156 1655 κολάκων
1195 1608 1318 1668 ὄχλος
1352 1613 1454 1668 περὶ
1479 1611 1610 1656 αὐτόν
1636 1609 1687 1669 ἦν
1713 1629 1789 1656 πο·-

346 1679 436 1730 2254--
498 1678 537 1721 οἱ
567 1680 613 1720 δὲ
640 1676 810 1728 κόλακες
836 1680 942 1733 χθὲς
968 1679 1046 1732 μὲν
1075 1678 1149 1721 καί
1172 1676 1315 1736 πρώην
1344 1679 1587 1735 δεδρακότες
1612 1679 1688 1720 τοῦ
1710 1695 1790 1721 κα-

347 1805 467 1839 locum
491 1815 512 1836 a
538 1803 710 1838 Baudone
747 1802 948 1837 obtinebat.
996 1802 1145 1848 Alioqui
1176 1805 1340 1837 constans
1372 1809 1409 1837 et
1433 1807 1618 1838 accuratus
1647 1807 1724 1838 erat
1746 1803 1790 1837 in

349 1851 522 1886 servanda
552 1850 755 1891 modestia,
788 1855 825 1883 et
866 1850 1005 1883 bellum
1049 1850 1351 1884 irreconciliabile
1387 1862 1466 1884 cu1n
1501 1850 1656 1895 pecunia
1686 1861 1788 1895 gere-

346 1898 422 1931 bat.
479 1896 724 1943 Quamobrem
757 1897 866 1929 etiam
906 1908 926 1929 a
950 1895 1084 1929 vilibus
1118 1897 1321 1938 militibus,
1355 1897 1483 1931 saltem
1523 1897 1623 1942 quod
1656 1897 1703 1931 ad
1729 1896 1791 1930 di..

349 1945 456 1980 vitias
482 1944 635 1984 attinet,
676 1942 774 1976 nihil
815 1941 1015 1976 differebat.
1085 1943 1317 1988 Quapropter
1353 1945 1462 1977 etiam
1503 1943 1648 1978 Caesari
1687 1942 1787 1976 The-

352 1991 478 2024 odosio
513 1989 704 2024 videbatur
736 1989 857 2030 utilis,
893 1989 1028 2035 quippe
1047 1990 1110 2034 qui
1146 1989 1191 2022 ad
1226 1990 1475 2024 Valentiniani
1508 2000 1626 2023 mores
1662 1989 1786 2023 viriles

351 2043 389 2071 et
421 2038 534 2070 iustos
576 2047 674 2068 suam
712 2047 857 2082 quoque
899 2037 1108 2081 gravitatem
1156 2035 1396 2081 adiungebat,
1437 2041 1609 2082 tanquam
1651 2042 1788 2070 rectam

352 2088 390 2117 et
419 2085 602 2116 immotam
635 2081 814 2127 quandam
853 2083 1054 2116 columnam
1101 2083 1218 2127 regiae
1264 2082 1520 2116 sustentandae
1557 2086 1694 2126 aptam,
1738 2089 1786 2114 ne

352 2129 442 2175 quid
475 2129 684 2173 detrimenti
721 2140 776 2162 res
813 2129 953 2163 aulicae
981 2126 1186 2174 caperent,‘
1207 2133 1270 2162 aut
1305 2129 1454 2174 nequid
1490 2129 1530 2162 in
1556 2129 1602 2162 iis
1627 2127 1786 2162 admini-

352 2176 507 2209 strandis
530 2181 748 2220 peccaretur.

450 2223 500 2256 18.
549 2222 616 2255 Hic
640 2221 837 2267 (Rufinus)
869 2222 936 2255 sub
957 2220 1166 2256 Theodosio
1190 2220 1273 2254 fuit.
1321 2221 1436 2255 Homo
1460 2220 1641 2267 profundo
1666 2219 1786 2255 consi-

352 2267 404 2301 lio
429 2268 634 2312 praeditus,
671 2272 708 2300 et
732 2268 1086 2302 occultator‘animi.
1146 2268 1214 2301 Hic
1257 2272 1378 2301 autem
1405 2273 1440 2302 et
1478 2267 1637 2302 Stelicho
1683 2271 1786 2300 erant

352 2319 490 2348 tutores
517 2315 673 2347 filiorum
699 2313 909 2348 Theodosii.
957 2314 1073 2348 Ambo
1113 2314 1232 2348 omnia
1256 2313 1468 2358 rapiebant,
1494 2314 1533 2348 in
1559 2314 1696 2347 divitiis
1719 2323 1787 2358 po·

352 2361 506 2395 tentiam
534 2371 633 2392 suam
660 2360 887 2394 collocantes.
936 2361 1012 2394 Nec
1046 2362 1238 2407 quisquam
1273 2360 1471 2406 quidquam
1506 2360 1665 2394 habebat
1698 2370 1785 2404 pro-

352 2407 493 2452 prium,
525 2407 596 2439 nisi
627 2406 684 2439 his
717 2407 921 2450 placuisset.
973 2408 1180 2454 Omnesque
1217 2417 1343 2440 causae
1366 2407 1462 2451 apud
1485 2406 1550 2440 hos
1575 2405 1784 2440 iudicaban—

352 2459 437 2493 tur,
458 2463 655 2497 magnaque
680 2454 875 2487 multitudo
900 2453 1254 2488 circumcursantium
1267 2457 1356 2494 erat,
1381 2454 1409 2486 si
1437 2454 1530 2487 forte
1556 2452 1663 2486 alicui
1677 2462 1785 2495 prae-

354 2499 455 2533 <lium
487 2498 639 2543 aliquod
670 2499 799 2532 fuisset
832 2500 993 2545 locuples
1030 2506 1067 2535 et
1097 2500 1230 2534 fertile.
1277 2499 1367 2533 Nam
1391 2499 1556 2533 dominus
1592 2497 1788 2540 confestim

354 2544 638 2589 corripiebatur,
675 2545 904 2579 accusatione
939 2548 1101 2591 speciosa
1130 2547 1298 2580 adversus
1326 2557 1407 2579 eum
1432 2548 1579 2580 conficta
1602 2555 1667 2588 per
1690 2554 1782 2590 quo-

354 2590 507 2625 rundam
534 2591 796 2624 emissariorum
831 2592 1104 2627 subornatorum
1126 2591 1285 2627 insidias.
1333 2593 1379 2626 Et
1403 2593 1477 2630 ille,
1507 2591 1566 2623 cui
1590 2589 1702 2624 fiebat
1723 2590 1782 2623 in-

356 2638 471 2679 iuria,
496 2637 666 2671 iniuriam
693 2637 918 2682 patiebatur,
944 2639 1022 2684 ipso
1049 2640 1203 2673 iniuriae
1227 2644 1372 2672 auctore
1396 2637 1587 2671 iudicante.
1636 2636 1782 2670 Rufinus

356 2688 479 2720 autem
504 2693 546 2718 eo
571 2683 762 2718 immensae
788 2689 824 2718 et
848 2685 1033 2731 improbae
1055 2687 1226 2720 avaritiae
1247 2686 1441 2731 processit,
1468 2687 1510 2716 ut
1531 2683 1588 2718 vel
1611 2683 1693 2729 ipsa
1713 2692 1784 2729 pu-
