1838 3210
410 204 482 244 DE
518 200 800 245 PROCOPIO
845 197 1118 245 ORATORE.
1315 205 1479 247 XXXIII

51 310 159 345 mata
187 317 426 361 componere
452 307 636 346 tentavit.
697 307 813 357 Quae
854 321 976 361 supra
1002 300 1162 353 deeius
1189 300 1342 361 origine
1369 310 1490 362 atque

51 372 259 410 iuventute
285 371 390 418 dixi,
426 385 472 410 ea
499 373 634 411 omnia
663 373 749 425 ipse
766 373 808 410 in
825 374 1031 425 prooemio
1048 373 1236 412 historiae
1251 374 1490 425 tradiderat,

51 435 160 489 quod
178 465 189 486 ,
233 437 339 490 apud
386 437 551 475 Suidam
588 444 791 477 servatum
810 466 822 490 ‚
861 441 977 492 posui
1004 441 1134 493 primo
1161 437 1249 478 loco
1277 441 1382 479 inter
1409 440 1490 479 fra-

52 508 239 555 gmenta,
268 517 310 556 p.
342 501 438 554 458.
468 502 534 541 ed.
564 502 613 542 B.

14 664 18 667 ¹
133 612 196 650 De
223 611 649 660 OLYMPIODORO‚
681 612 953 664 CANDIDO,
974 612 1233 654 NONNOSO
1253 621 1294 654 et
1309 613 1491 661 THEQ-

52 677 242 717 PHANE
269 676 370 715 nihil
397 692 560 730 prorsus
588 678 640 717 ad
667 693 740 717 nos
769 680 951 731 pervenit
987 687 1145 732 praeter
1171 695 1218 720 ea
1252 695 1356 734 quae
1382 681 1490 734 apud

52 742 248 781 Photium
273 741 462 796 leguntur
479 772 490 794 ‚
521 745 564 782 in
582 751 720 783 nostra
739 745 913 784 editione
930 760 972 798 p.
993 745 1090 797 447.
1105 761 1208 799 seq.,
1230 754 1270 786 et
1288 747 1492 800 fragmen-

52 814 142 846 tum
171 807 279 861 apud
307 809 471 847 Suidam
498 823 530 848 s.
561 823 602 848 v.
631 807 806 863 χειριζω
835 818 1038 850 servatum
1068 813 1122 864 (p.
1154 811 1250 866 477.
1268 813 1331 851 ed.
1350 814 1413 864 B.)
1441 812 1492 854 de

52 874 275 927 sumptibus
303 874 563 927 expeditionis
590 876 778 916 adversus
808 876 1013 916 vandalos
1028 906 1039 927 ‚
1061 878 1170 930 quod
1191 886 1325 917 tamen
1358 880 1492 932 ipsum

51 952 182 993 neque
210 953 255 978 ex
283 940 436 993 integro
464 940 600 980 codice
624 942 820 989 Candidi,
851 956 981 995 neque
1009 957 1053 982 ex
1087 942 1230 996 eclogis
1258 944 1350 982 inde
1389 944 1492 998 peti-

53 1004 104 1043 tis
146 1019 170 1043 a
198 1004 320 1064 Suida
348 1014 598 1059 assumptum
626 1014 685 1045 est
701 1037 712 1054 ‚
756 1007 826 1046 sed
852 1022 898 1046 ex
926 1007 1032 1057 alio,
1083 1010 1214 1048 nescio
1244 1023 1352 1063 quo,
1392 1010 1492 1049 scri-

53 1077 182 1123 ptore.
221 1071 383 1109 Etenim
416 1071 551 1110 nullus
578 1072 722 1110 horum
742 1071 1024 1112 historicorum
1050 1074 1102 1121 ad
1119 1075 1273 1129 eclogas
1296 1076 1494 1116 Constan-

41 1135 224 1186 ¹tinianas
239 1136 442 1176 adhibitus
472 1137 550 1176 fuit
565 1167 576 1186 ‚
607 1138 715 1176 unde
741 1139 877 1177 omnia
901 1139 943 1177 in
972 1139 1048 1178 hoc
1077 1152 1220 1193 genere
1246 1139 1315 1179 ille
1341 1141 1488 1180 hausit.

161 1267 476 1307 PROCOPIUS
506 1266 683 1322 sophista
699 1299 711 1319 ‚
740 1271 852 1309 cuius
878 1270 1126 1320 orationem,
1157 1285 1180 1310 a
1197 1269 1420 1311 Villoisone
1447 1273 1489 1311 in

51 1338 162 1372 tomo
182 1333 307 1373 altero
334 1333 636 1373 Anecdotorum
658 1335 907 1375 Graecorum
935 1350 980 1375 ex
1009 1336 1145 1375 codice
1172 1338 1378 1376 Marciano
1406 1338 1490 1377 Ve-

52 1406 146 1438 neto
173 1399 320 1438 editam
339 1401 389 1451 ⁵¹)
420 1399 514 1438 huic
543 1399 765 1439 collectioni
787 1401 932 1453 intuli,
962 1401 1104 1441 affecto
1135 1402 1293 1441 saeculo
1322 1417 1362 1455 p.
1387 1403 1486 1442 Chr.

51 1465 105 1504 V.
130 1465 259 1504 Gazae
286 1473 403 1505 natus
430 1473 514 1516 est,
542 1466 652 1520 quod
672 1468 864 1520 oppidum
881 1497 892 1517 ‚
917 1467 1010 1507 lieet
1037 1468 1079 1506 in
1100 1470 1260 1506 remotis
1280 1468 1491 1508 barbariae

52 1531 198 1570 finibus
221 1533 396 1584 positum
415 1561 427 1582 ,
477 1531 546 1570 illo
577 1547 675 1571 aevo
704 1533 945 1587 elegantium
974 1535 1222 1587 ingeniorum
1253 1536 1354 1573 mire
1381 1535 1490 1574 ferax

55 1597 131 1636 fuit
149 1627 161 1648 ‚
191 1612 316 1651 quum
343 1605 499 1651 praeter
536 1596 644 1637 hunc
673 1599 942 1652 Procopium,
971 1599 1148 1638 Aeneam
1175 1599 1321 1650 ferret,
1352 1608 1391 1639 et
1424 1601 1490 1639 Io·

54 1656 554 1716 hannem⁷(qui5'·aecppa‹nv
581 1663 656 1703 τοῦ
682 1665 884 1715 κοσμικοῦ
909 1664 1082 1711 πίνακος
1106 1665 1284 1704 versibus
1313 1668 1489 1705 conseri--

55 1730 147 1782 psit)
163 1759 174 1780 ,
191 1743 237 1768 ac
249 1729 508 1768 Timotheum
528 1730 728 1783 quendam
743 1761 754 1779 ‚
776 1731 990 1784 variosque
1002 1731 1387 1770 Anacreonticorum
1402 1746 1490 1770 car-

55 1795 210 1834 minum
228 1803 365 1848 poetas
386 1796 434 1847 ⁵²)
452 1825 463 1845 ‚
486 1796 631 1849 quibus
662 1796 826 1835 fortasse
843 1810 925 1835 non
955 1798 1093 1849 exigua
1112 1809 1204 1849 pars
1227 1796 1387 1836 illorum
1415 1799 1490 1836 tri·

56 1860 218 1899 buenda
245 1868 303 1900 est
329 1875 430 1914 quae
466 1874 538 1913 per
574 1868 636 1900 tot
662 1869 808 1900 aetates
834 1876 907 1914 pro
927 1863 1016 1900 Teii
1043 1865 1146 1901 vatis
1167 1864 1330 1901 canticis
1358 1864 1492 1902 mirati

57 1934 149 1966 sunt
165 1926 348 1966 homines
367 1927 530 1965 minime
551 1925 661 1965 mali.
698 1927 878 1980 Speciem
906 1935 1038 1966 autem
1066 1941 1168 1980 quae
1179 1928 1411 1966 Fabricium
1426 1929 1491 1966 in-

55 1992 191 2043 duxit,
220 1999 266 2031 ut
292 1992 400 2031 hunc
431 1993 672 2045 Procopium
715 1993 873 2045 gemino
901 1994 1062 2031 nomine
1090 1993 1307 2031 Iohannem
1341 1992 1494 2032 Proco-

56 2061 170 2112 pium
194 2058 344 2097 dictum
354 2089 367 2109 ‚
395 2066 677 2111 auctoremque
698 2053 938 2111 ἐκφράσεως
951 2057 1056 2096 illius
1072 2086 1084 2108 ,
1101 2071 1266 2096 amoena
1277 2072 1378 2097 vena
1393 2073 1492 2098 con·

58 2125 165 2163 ditae
182 2154 195 2175 ‚
225 2124 345 2164 fuisse
358 2154 369 2171 ‚
389 2124 463 2163 sibi
480 2123 734 2177 persuaderet
749 2151 760 2171 ‚
791 2137 936 2161 vanam
956 2136 1040 2162 esse
1053 2152 1065 2175 ‚
1087 2124 1294 2176 positaque
1312 2126 1355 2162 in
1365 2123 1491 2163 Scho-

0 2188 6 2190 ’
53 2189 110 2230 1ἰο
140 2191 286 2230 codicis
327 2189 501 2230 Palatini
537 2191 642 2228 inter
675 2196 891 2242 utrumque
937 2202 1082 2227 nomen
1112 2189 1365 2228 distinctione
1407 2190 1490 2229 dis-

0 2264 4 2292 ?
59 2256 291 2296 solvendam
307 2286 319 2306 ‚
344 2256 444 2295 mihi
471 2269 597 2309 paene
612 2254 860 2307 exploratum
878 2261 951 2293 est.
980 2254 1240 2308 Fungebatur
1254 2254 1337 2305 ille,
1364 2268 1491 2308 quum

59 2321 315 2361 Anastasium
343 2322 446 2375 Imp.
466 2320 625 2374 publice
644 2320 856 2370 laudabat,
887 2320 1055 2359 oratoris
1083 2333 1247 2359 munere
1274 2321 1316 2359 in
1344 2321 1490 2374 oppido

57 2388 128 2427 ubi
155 2395 273 2426 natus
301 2394 402 2438 erat,
430 2388 626 2440 stipendio
645 2387 863 2426 conductus
880 2386 931 2437 ⁵³)
950 2400 961 2424 ε
992 2399 1072 2438 quo
1091 2393 1270 2438 tempore
1290 2399 1490 2439 paganum

61 2453 192 2492 adhuc
221 2453 408 2506 religione
436 2453 579 2501 fuisse,
610 2466 727 2491 nemo
755 2450 953 2490 dubitabit
981 2452 1050 2503 qui
1079 2465 1202 2505 genus
1221 2450 1421 2490 Anastasii
1439 2452 1491 2490 ab

59 2517 130 2557 illo
159 2518 209 2557 ad
239 2520 374 2558 Iovem
401 2519 539 2557 referri
581 2518 794 2557 attenderit
822 2518 900 2566 ⁵³⁸);
929 2530 1009 2569 quo
1041 2516 1140 2555 nihil
1179 2519 1304 2570 magis
1332 2517 1490 2555 abomi—

0 2625 1 2637 ¹
61 2584 241 2623 nandum
266 2584 402 2623 fixisset
429 2586 512 2623 eius
535 2586 622 2622 aevi
649 2585 736 2624 viro
758 2582 998 2622 Christiano.
1056 2582 1201 2622 Postea
1219 2590 1352 2621 autem
1371 2582 1491 2621 fidem

15 2727 17 2729 ,
86 2693 146 2739 5.)
169 2693 211 2726 v.
235 2693 311 2726 eius
335 2697 509 2726 annotatt.
535 2703 558 2737 p
593 2694 674 2728 σοι.
700 2691 754 2725 ed.
781 2693 817 2725 B.
903 2691 973 2745 ,52)
996 2690 1154 2724 Fabricii
1181 2689 1272 2724 nihl.
1299 2677 1359 2726 Gi.
1376 2690 1417 2743 '13
1431 2688 1491 2742 ¹³5·

14 2749 17 2757 ¹
155 2750 190 2784 p.
216 2741 292 2784 760.
320 2738 376 2776 ed',
400 2740 443 2773 H.
547 2740 606 2785 53)
632 2739 724 2772 Hinc
751 2747 935 2783 σοφιστης
958 2738 1069 2780 Γάζης
1093 2737 1227 2772 dicitur
1249 2738 1289 2771 in
1317 2742 1493 2771 orationis

156 2786 401 2830 inscriptione.
496 2785 555 2831 54)
578 2796 612 2829 p.
642 2785 733 2831 492,
762 2786 812 2830 ¹4·

108 2853 314 2900 DexippuS,
337 2854 532 2900 Eunapius
564 2862 628 2887 etc.
1217 2860 1235 2885 c
