1924 3164
610 185 645 227 E
681 182 888 226 MALcffl
929 176 1203 223 ms‘romA.
1514 156 1628 230 249

184 290 338 346 ταύτην
365 283 582 345 ὥρμηται,
621 287 696 328 καί
732 282 795 329 ὅτι
833 286 890 342 τῷ
915 286 1087 338 βασιλεῖ’
1119 280 1256 323 ταῦτα
1283 277 1485 320 δοκοῦντά
1513 278 1816 332 ἒστι,Α.(ἔ-479

186 358 261 398 καί
286 353 344 404 ὥς
365 352 646 407 ’Ἀδαμάντιος
673 353 744 394 ἐπὶ
767 353 903 394 ταῦτα
930 349 1146 405 πεμφθείη
1165 363 1178 375 ·
1206 349 1392 402 κρεῖττον
1418 338 1494 385 οὖν
1519 327 1798 411 ειἻναιΞέἓὲπἸ.6

187 418 334 471 αὖτοΐς
349 454 362 474 ,
401 422 480 470 ἕως
507 418 572 461 ἔτι
599 413 771 460 ἄπεστιν
784 450 798 470 ,
837 414 940 457 κατὰ
966 416 1136 456 πλείονα
1163 410 1321 467 σχολὴν
1344 409 1398 452 τοὶ
1431 411 1518 452 κατ’
1548 406 1626 450 αὖ-
1781 409 1786 414 ’

185 485 284 535 τοῦς
323 483 635 541 διοικήσασθαι.
698 484 834 525 ταῦτα
877 481 950 523 καί
988 486 1076 529 τοῖς
1117 475 1391 534 στρατιώταις
1425 481 1516 524 τοῖς
1543 476 1635 516 ἐκεῖ

162 552 490 609 ὅφυλάττυυσιν,
519 546 639 592 οὖσιν
667 548 726 597 ὥς
755 549 989 602 δισχιλίοις,
1019 547 1062 588 οἳ
1085 544 1159 587 καὶ
1184 543 1431 598 ἀμύνασθαι
1459 540 1633 583 ἐπιόντα

188 616 294 674 πρός
320 633 367 672 γε
392 615 438 659 τὸ
468 616 728 671 παραχρῆμα
756 612 914 671 ῥᾳδίως
941 610 1151 667 ἠδύναντο
1161 644 1174 664 ,
1205 609 1368 652 ἔπεισεν
1395 607 1505 662 ὅμοῦ
1530 605 1733 653 miv-R&

188 700 267 733 τας
294 686 476 726 ἐκλιπεῖν
496 682 757 734 Ἐπίδαμνον,
785 678 858 721 καὶ
882 680 1014 733 λέγων
1043 679 1117 719 καί
1141 675 1369 733 ταράττων,
1390 676 1464 717 καί
1491 671 1637 730 φήμην
1753 676 1756 680 ’

191 746 263 792 ἆεί
291 746 440 803 καινήν
466 744 722 803 πειρώμενος
749 745 994 800 ἐμβάλλειν,
1039 745 1112 786 καὶ
1150 739 1215 786 ὅτι
1252 746 1425 797 βασιλεῖ’
1447 737 1639 794 ἀπεχθή-

190 829 333 857 σονται
358 815 518 867 μᾶλλον
546 813 787 867 ἀντιστῆναι
814 812 1020 865 θέλοντες,
1076 808 1151 852 καί
1186 807 1292 865 πρὸς
1320 806 1394 850 τὸν
1430 802 1639 860 Βαλαμή-

142 895 271 938 ιορου
312 877 472 930 εὐθέως
507 881 770 932 ἐπέστελλεν,
799 877 864 931 aig}
890 875 1020 932 τάχος
1059 878 1310 931 ἐπείγεσθαι.
1363 871 1383 916 ὃ
1415 876 1463 916 δὲ
1488 872 1534 916 τὰ
1563 875 1642 915 τοῦ

189 945 470 1000 Σιδιμούνδου
499 945 670 998 ἐπέμενε
700 941 902 999 δήλωμα,
942 944 1017 985 καί
1042 942 1118 998 τὴν
1146 940 1282 984 mito&
1310 937 1501 996 ἀδελφὴν
1531 938 1687 996 νόσῳν,
1701 950 1745 986 55

191 1013 494 1067 κατεχομένην,
522 1012 567 1062 ἐξ
593 1006 643 1066 ἧς
675 1010 931 1066 ἐτελεύτησε.
989 1007 1181 1066 φανερὰν
1207 1009 1353 1062 μέντοι
1391 1008 1469 1061 τῆς
1505 1005 1636 1046 καθέ-

193 1079 302 1134 δρας
338 1075 556 1133 πρόφασιν
595 1077 774 1118 ἐποιεῖτο
811 1074 884 1131 τὴν
909 1078 986 1118 τοῦ
1011 1075 1272 1131 πρεσβευτοῦ
1297 1070 1413 1128 παρὰ
1441 1068 1638 1126 Ζήνωνος

193 1139 340 1201 ἄφιξιν
384 1145 458 1185 καί
492 1142 540 1185 τὸ
570 1139 805 1197 βούλεσθαι
843 1145 999 1195 μαθεῖν
1029 1137 1154 1190 ὅπως
1169 1138 1273 1196 πρὸς
1309 1136 1438 1180 αὕτὸν
1464 1133 1636 1191 ἔχει-τοὶ

145 1210 244 1255 ι5ἐκ
268 1210 343 1252 τοῦ
369 1208 589 1263 βασιλέως.
619 1206 712 1251 ἐπεὶ
737 1210 785 1250 δὲ
811 1206 885 1262 τὴν
911 1205 1100 1263 ἀδελφὴν
1118 1208 1196 1261 μὲν
1213 1202 1513 1247 ἀποθανοῦσαν
1532 1201 1639 1244 ἔθα-

194 1287 290 1330 ψεν,
311 1272 366 1316 τοὶ
397 1275 444 1316 δὲ
470 1272 588 1330 παρὰ
618 1275 898 1326 Σιδιμούνδου
928 1272 1137 1327 ἀπήντησε
1164 1273 1383 1324 καλοῦντα,
1409 1267 1513 1323 πρὸς
1538 1266 1667 1317 τούςΒ

188 1337 500 1396 Ἡρακλειώτας
522 1337 766 1394 ἐκλιπόντας
787 1341 866 1392 μὲν
887 1337 962 1393 τήν
979 1335 1113 1392 πόλιν,
1142 1338 1186 1386 ἐς
1214 1336 1420 1393 φρούριον
1447 1337 1494 1377 δὲ
1518 1335 1641 1388 ἴσχυ-

197 1404 276 1462 ρὸν
302 1405 737 1457 ἄνασκευασαμένους,
765 1406 939 1457 πέμψας
966 1399 1115 1461 ἀπῄτει
1144 1407 1259 1445 σῖτον
1287 1399 1418 1444 πολύν
1445 1416 1541 1442 τινα
1569 1398 1644 1440 καὶ

198 1468 338 1524 οἶνον,
379 1466 494 1519 ὅπως
531 1471 591 1528 τῷ
630 1471 792 1527 στρατῷ
830 1468 923 1525 ἔχοι
967 1467 1104 1512 α’πιών
1141 1468 1311 1526 ἐφόδια.
1366 1464 1405 1509 οἱ
1444 1467 1490 1509 δὲ
1520 1460 1646 1508 οὗδὲν

146 1535 365 1594 αοέφασαν
392 1534 508 1594 αὐτῷ
536 1533 750 1579 δύνασθαι
770 1566 783 1578 .
807 1566 822 1578 .
849 1565 863 1579 .
889 1566 902 1579 .
919 1536 964 1578 ἐν
989 1532 1214 1585 τοσαύταις
1240 1534 1418 1590 ἡμέραις
1446 1533 1678 1590 λέγοντες-ιι

199 1604 298 1645 ὅσον
341 1597 455 1656 εἶχον
492 1602 563 1643 ἐπὶ
590 1602 781 1659 φρουρίῳ
809 1617 855 1656 γε
881 1603 1020 1659 μικρῷ
1048 1602 1383 1655 δεδαπανῆσθαι.
1411 1597 1435 1641 ὅ
1465 1599 1512 1642 δὲ
1538 1595 1646 1652 πρὸς

198 1664 326 1725 ὄργῆν
350 1665 404 1710 τὰ
433 1671 609 1709 πλεῖστα
635 1669 712 1723 τῆς
738 1666 899 1716 πόλεως
927 1665 1167 1723 ἐμπρήσας,
1197 1662 1364 1723 ἀνδρῶν
1390 1659 1520 1720 οὔσης
1546 1660 1646 1720 ἐρή-

294 1760 327 1793 3.
353 1757 422 1796 ἕως
434 1758 526 1799 Val„
546 1753 589 1791 εὖ
611 1757 705 1804 vulg.
778 1759 809 1803 4.
836 1765 962 1804 στρατ.
989 1758 1115 1804 λέγων
1138 1762 1220 1796 τοῖς
1232 1758 1326 1792 coni.
1338 1756 1382 1790 N.

204 1827 405 1864 conferret:
429 1825 623 1860 barbarum
648 1827 746 1860 enim
770 1837 877 1871 quam
894 1828 1048 1871 primum
1072 1826 1311 1871 Epidamnum
1339 1826 1568 1860 invasurum:
1594 1822 1646 1856 sic

205 1874 303 1908 enim
328 1875 585 1918 Imperatorem
610 1872 821 1915 decrevisse,
850 1871 913 1918 qui
928 1873 975 1906 ad
990 1885 1066 1907 eam
1086 1885 1161 1907 rem
1182 1873 1451 1918 exsequendam
1463 1871 1650 1908 Adaman-⁸

204 1922 299 1954 tium
321 1920 469 1954 miserit.
518 1921 647 1964 Itaque
671 1920 800 1952 melius
825 1930 901 1953 esse
925 1931 991 1964 per
1016 1921 1155 1960 otium,
1192 1919 1278 1952 dum
1303 1919 1463 1952 nondum
1490 1918 1645 1958 adesset,

205 1966 315 2001 rebus
340 1967 414 2000 suis
439 1966 658 2011 prospicere.
705 1967 819 1999 Erant
841 1977 988 2012 quoque
1011 1967 1050 1999 i'n
1080 1977 1122 1998 ea
1152 1965 1242 1999 urbe
1266 1967 1307 1999 in
1330 1964 1521 2009 praesidiis
1545 1964 1648 1997 mili-

203 2019 284 2047 tum
310 2013 382 2047 duo
417 2012 546 2052 millia,
571 2012 635 2058 qui
660 2010 804 2045 barbari
830 2013 986 2057 primum
1019 2013 1195 2056 impetum
1227 2011 1404 2056 repellere
1427 2011 1645 2057 potuissent.

205 2061 272 2094 His
297 2069 444 2106 quoque
469 2060 623 2092 multum
649 2058 802 2092 dicendo
831 2064 868 2091 et
898 2064 1072 2100 terrorem
1096 2058 1296 2092 iniiciendo
1325 2063 1363 2092 et
1386 2057 1551 2104 quotidie
1576 2067 1646 2091 no-

206 2118 271 2142 vos
304 2116 463 2140 rumores
497 2104 698 2150 spargendo
734 2105 934 2149 persuasit,
971 2110 1012 2138 ut
1042 2105 1168 2138 urbem
1193 2105 1431 2148 Epidamnum
1466 2104 1648 2138 desertam

207 2154 469 2199 relinquerent.
517 2152 649 2185 Aiebat
676 2153 792 2192 enim,
818 2163 900 2192 eos,
926 2153 957 2184 si
981 2152 1148 2186 resistere
1170 2152 1366 2192 auderent,
1390 2153 1501 2196 magis
1525 2152 1648 2195 Impe-

209 2201 340 2234 ratoris
366 2200 549 2234 voluntati
578 2199 834 2232 adversaturos.
884 2198 970 2233 Mox
1006 2209 1077 2245 quo
1103 2199 1256 2232 celerius
1282 2197 1558 2232 Theuderichus
1585 2208 1648 2230 ac-

210 2247 381 2287 cederet,
406 2246 452 2279 ad
479 2257 562 2280 eum
584 2246 700 2279 misit:
738 2245 768 2277 is
789 2245 883 2279 circa
907 2245 1114 2278 Heracleam
1141 2244 1370 2285 consederat,
1399 2251 1436 2278 et
1460 2244 1551 2290 quid
1574 2243 1649 2277 sibi

210 2293 333 2327 nuntii
351 2303 372 2325 a
386 2291 601 2326 Sidimundo
622 2292 782 2332 veniret,
808 2297 845 2324 et
864 2297 1013 2337 propter
1035 2290 1199 2325 morbum
1224 2293 1356 2325 sororis
1370 2316 1380 2332 ,
1406 2303 1499 2338 quae
1522 2292 1647 2337 paullo

210 2345 296 2389 post
324 2339 500 2380 decessit,
537 2339 778 2383 exspectabat.
828 2339 922 2372 Suae
947 2343 1068 2371 autem
1093 2349 1211 2372 morae
1236 2349 1379 2371 causam
1405 2339 1524 2383 palam
1549 2338 1650 2383 lega-

211 2391 291 2419 tum
316 2397 393 2420 esse
419 2385 624 2425 simulavit,
651 2396 758 2430 quem
787 2385 833 2417 ad
857 2396 940 2418 eum
966 2387 1059 2420 Zeno
1084 2385 1252 2425 miserat,
1317 2387 1377 2419 uia
1402 2397 1446 2419 ex
1471 2396 1536 2425 eo,
1573 2395 1648 2431 quo

212 2433 335 2465 animo
359 2432 460 2466 inse
486 2437 580 2466 esset
603 2433 822 2476 Imperator,
857 2431 1063 2477 intelligere
1099 2435 1256 2476 cuperet.
1291 2397 1382 2465 quc
1408 2433 1522 2466 multo
1545 2438 1650 2477 post,

213 2489 294 2511 cum
320 2489 477 2512 sororem
502 2489 603 2512 suam
630 2476 807 2512 mortuam
833 2478 1001 2519 efferret,
1026 2489 1046 2510 a
1067 2476 1281 2512 Sidimundo
1305 2480 1454 2512 nuntius
1481 2479 1652 2519 occurrit,

213 2526 278 2570 qui
305 2535 386 2559 eum
411 2531 614 2558 arcesseret.
665 2522 756 2558 Tum
780 2524 827 2557 ad
852 2525 1098 2564 Heracleoten,
1124 2525 1187 2570 qui
1213 2523 1339 2558 urbem
1364 2526 1591 2572 reliquerant
1611 2529 1649 2558 et

213 2583 252 2605 sc
275 2571 314 2604 in
339 2582 456 2604 arcem
483 2571 762 2605 munitissimam
786 2577 1020 2615 receperant,
1056 2571 1156 2606 misit
1193 2572 1259 2617 qui
1294 2577 1462 2617 peterent
1483 2583 1649 2615 magnam

212 2618 387 2656 frumenti
410 2619 482 2651 vim
508 2623 544 2651 et
569 2619 664 2658 vini,
691 2623 732 2651 ut
760 2618 950 2652 discedens
975 2618 1166 2659 viaticum,
1192 2618 1292 2663 quod
1315 2618 1445 2652 alendo
1471 2618 1649 2652 exercitui

213 2663 409 2706 sufficeret,
433 2663 595 2698 haberet.
644 2665 704 2698 llli
730 2671 850 2698 autem
874 2665 1162 2710 responderunt,
1186 2665 1282 2698 nihil
1300 2665 1372 2699 sibi
1392 2670 1526 2699 restare
1551 2675 1650 2697 com-

213 2715 418 2752 meatuum,
443 2721 533 2756 quos
556 2711 680 2755 largiri
703 2717 873 2756 possent,
899 2712 1034 2745 etenim
1061 2722 1151 2758 quos
1173 2711 1389 2746 habuissent
1423 2718 1480 2746 tot
1521 2710 1651 2744 diebus

213 2759 255 2797 in
278 2768 388 2803 parvo
417 2758 562 2796 castello
588 2760 861 2807 consumpsisse.
910 2759 977 2795 Ille
1010 2758 1064 2795 ira
1092 2760 1247 2802 exarsit,
1270 2764 1307 2795 et
1330 2758 1451 2800 urbis,
1486 2769 1579 2805 quae
1603 2757 1648 2793 ab
