1924 3164
314 173 425 230 288
688 212 691 214 -
879 184 1157 227 EXCERPTA

122 295 162 336 A.
177 305 215 339 C.
229 306 297 340 566
311 292 571 348 ἧφανίσαμεν
598 284 766 343 ἀθρόον,
787 287 859 327 καί
884 287 1021 335 ου’ὃείς
1047 284 1237 328 ὁστισοῦν
1266 280 1406 327 αὖτῶν
1430 287 1731 342 περιλέλειπται

166 351 358 406 ῙΠΕῙ·ξ4τὰ
387 357 562 414 Θρᾳκῶν
588 352 792 408 ὁρίσματα
819 349 1238 406 καταδραμούμενος·
1268 352 1430 393 &sertum
1451 350 1530 407 γὰρ
1557 354 1640 394 τῶν
1660 353 1735 396 'A-

138 398 450 478 Ιιιὲὓιωηβοὶρων
476 419 549 475 τὴν
578 417 751 470 δύναμιν
778 417 927 473 φιλίως
954 415 1136 471 ἔχουσαν
1163 414 1266 471 πρὸς
1292 413 1369 470 τήν
1402 416 1733 473 “Ρωμαι’ων“οἷρ-

302 487 400 544 χήν.
453 484 710 535 πεπειομεθα
748 481 800 537 δὴ
839 477 924 535 οὖν,
956 482 1013 531 (ὃς
1049 484 1094 524 ἐν
1121 483 1256 539 τούτῳ
1283 483 1396 540 μόνῳ
1426 482 1734 537 καινοτομήσεις

304 551 415 609 ἡμᾶς
439 550 497 606 τῷ
539 549 659 589 πλέον
684 549 886 604 παρέχειν
915 547 1028 602 ἡμῖν,
1058 543 1086 602 ἢ
1113 547 1136 588 ὅ
1166 546 1240 597 σὸς
1270 549 1413 590 ἐδίδου
1442 545 1578 604 πατήρ
1599 564 1611 576 ·
1641 548 1762 591 ἆνθ’5

305 612 364 659 ὧν
400 613 472 655 καί
505 613 625 668 ἡμεῖς
660 607 764 669 ἥπερ
804 614 944 671 ἐκείνῳ
980 612 1239 668 γενησόμεθα
1277 612 1347 655 σοι’
1384 613 1490 655 κατὰ
1527 612 1573 655 τὸ
1610 615 1734 655 πλέον

303 679 564 732 ὑπεύθυνοι,
593 681 661 720 καί
684 679 879 732 μείζονας
907 677 1197 735 ἐποφλήσομέν
1226 694 1293 722 σοι
1320 677 1397 729 τὰς
1420 676 1614 734 χάριτας.
1651 695 1735 720 πα·-

306 746 457 802 ρέσμεν
497 739 573 787 οὖν
611 742 835 800 ληψόμενοι
868 742 917 787 τοὶ
963 738 1069 787 κατὰ
1096 743 1141 786 τὸ
1174 743 1338 794 εἰωθός.
1391 747 1524 799 γνῶθι
1551 743 1645 801 γὰρ,
1677 743 1736 793 ὥς

305 808 440 861 ἄλλως
477 807 551 852 οὖκ
588 808 676 852 ἔστι
711 808 888 853 δυνατὸν
926 808 999 852 τόν
1033 813 1127 852 καθ’
1157 808 1268 866 ἡμᾶς
1294 810 1473 865 ἡγεμόνα
1501 812 1573 852 σοι’
1592 825 1635 852 τε
1664 808 1738 851 καὶ

266 881 357 936 1)τῇ
379 877 608 930 Ῥωμαίων
636 874 908 918 εὐνούστατον
937 874 1111 918 ἔσεσθαι
1137 877 1344 934 πολιτείᾳ,
1374 876 1417 917 εἴ
1437 882 1484 931 γε’
1509 875 1567 931 μὴ
1599 877 1789 929 ἔγχει-,ιο

304 942 471 1000 ρισθείη
500 939 696 998 πρότερον
726 941 839 999 αὐτῷ
864 941 915 984 τὰ
946 943 1012 998 ἐφ’
1042 938 1104 991 οἷς
1133 941 1184 982 οὕ
1214 946 1340 983 κινεῖν
1368 937 1476 983 ὅπλα
1502 941 1606 984 κατὰ
1621 939 1734 983 ‘Poo-

300 1012 437 1065 μαίων
464 1007 606 1063 ἔγνω.”
661 1006 697 1049 οἵ
722 1008 798 1060 μὲν
822 1008 902 1050 τῶν
926 1004 1122 1064 Ἀβάρων
1149 1008 1344 1063 πρέσβεις
1370 1009 1544 1049 τοιαῦτα
1573 1009 1734 1061 διεξῆλ-

300 1079 398 1127 θον,
437 1075 827 1131 ἑπαμφοτερίζοντες
862 1075 914 1130 τῇ
955 1072 1098 1131 γνώμῃ
1121 1086 1131 1097 ·
1177 1075 1300 1115 τοῦτο
1342 1075 1419 1126 μὲν
1446 1071 1527 1128 γὰρ
1561 1071 1734 1115 ἐδόκουν

300 1138 518 1195 ἱκετεύειν,
554 1142 674 1183 τοῦτο
703 1141 747 1182 δὲ
774 1141 969 1181 οἷπειλεῖν.
998 1134 1122 1197 ᾤοντο
1149 1138 1228 1195 γὰρ
1246 1172 1258 1194 ,
1289 1137 1345 1188 ὥς
1382 1138 1513 1196 ταύτῃ
1553 1138 1735 1189 deuteguar-

299 1211 375 1250 ταί
393 1223 439 1250 τε
465 1205 539 1248 καί
561 1203 837 1262 ἑκφοβήσουσι
864 1205 938 1246 τὸν
964 1204 1158 1259 βασιλέα,
1180 1206 1253 1247 καί
1279 1204 1336 1254 ὥς
1359 1206 1405 1246 ἐκ
1428 1202 1578 1245 τούτου
1605 1201 1790 1258 ‹hay-¹5

296 1270 576 1328 κασθήσονται
598 1272 802 1327 “Ρωμαῑόι
830 1266 967 1326 ὥσπερ
997 1269 1212 1327 ὑπόφοροι
1240 1266 1353 1312 εἶναι
1375 1267 1584 1324 Ἀβάρων.
1635 1265 1656 1310 ὅ
1687 1270 1735 1311 δὲ

295 1336 496 1393 βασιλεύς
521 1337 640 1378 οὐδὲν
676 1337 809 1391 ἕτερον
833 1333 860 1390 ἢ
887 1335 1029 1391 ψόφον
1053 1334 1317 1390 ἡγησάμενοςΥ
1339 1336 1423 1377 τῶν
1435 1335 1628 1391 Ἀβάρων
1657 1334 1737 1391 ῥή-

296 1420 428 1458 ματα,
468 1403 673 1453 ἀπέλεξεν
716 1397 848 1442 οὕτω·
896 1403 1276 1456 ,,προβαλλομε’νων
1316 1400 1433 1453 ὑμῶν
1472 1400 1552 1442 σὺν
1586 1399 1736 1458 ἱκετείᾳ

297 1467 374 1525 τ-ἡν
399 1467 720 1523 μεγαληγορίαν,
750 1467 948 1520 οἰομένων
973 1482 1016 1508 τε
1048 1468 1101 1523 τῇ
1128 1466 1353 1521 συγκράσει
1390 1466 1519 1524 ταύτῃ
1555 1467 1638 1508 τῶν
1664 1465 1736 1508 λό-

178 1543 384 1590 Ρ.103γων
422 1533 469 1576 τὸ
511 1532 844 1585 σπουδαζόμενον
870 1531 971 1585 ὑμῖν
1000 1530 1167 1574 ἀνύσειν
1176 1565 1189 1584 ,
1220 1532 1474 1587 ἀμφοτέρας,
1508 1529 1564 1580 ὦς
1591 1533 1788 1585 εἶπεῖν,20

293 1597 579 1644 ἐκπεπτώκατε
607 1601 680 1654 τῆς
706 1597 890 1646 ἐλπίδος·
929 1598 1027 1639 ου’δὲ
1053 1596 1133 1652 γὰρ
1162 1597 1504 1649 ὑποθωπεύοντες
1531 1596 1642 1653 ἡμᾶς
1684 1597 1736 1639 α’-

295 1665 521 1722 πατήσετε,
551 1664 648 1706 οὐδὲ
674 1662 757 1719 μὴν
784 1663 1049 1713 α’πειλοῦντες
1071 1662 1335 1719 ἐκφοβήσετε.
1365 1661 1534 1704 πλείονα
1561 1663 1607 1704 δὲ
1631 1661 1735 1716 ὖμῖν

387 1756 418 1789 8.
443 1753 494 1790 ὥς
518 1752 655 1790 ἄλλους
676 1753 743 1794 IL,
775 1752 813 1791 ἐς
839 1752 954 1790 ἄλλως
978 1753 1070 1798 vulg.
1193 1751 1243 1795 ¹4-
1268 1749 1479 1791 ὃεδίξονται
1503 1751 1574 1791 Η.,
1614 1748 1733 1783 δεδεί-

388 1803 518 1841 ξονῑιιι
543 1801 637 1845 vulg.
713 1811 763 1845 ¹7·
786 1799 921 1845 ψόφον
947 1800 1007 1841 Β.,
1031 1798 1158 1844 ψόγον
1189 1799 1282 1844 vulg.
1383 1800 1434 1833 18.
1461 1797 1568 1843 ἡμῶν
1587 1797 1681 1842 vulg.
1714 1807 1720 1813 ·

298 1882 372 1904 uno
398 1872 534 1915 impetu
560 1869 774 1910 delevimus,
798 1879 916 1914 neque
954 1870 1143 1915 quisquam
1176 1879 1299 1901 eorum
1323 1871 1447 1911 postea
1474 1871 1528 1899 est
1548 1867 1737 1906 inventus,

299 1920 364 1963 qui
389 1917 563 1951 Thraciae
589 1917 676 1950 fines
702 1916 1000 1961 populationibus
1023 1919 1178 1949 vexaret.
1227 1914 1439 1947 Metuebant
1464 1913 1560 1946 enim
1582 1913 1735 1946 Avarum

327 1965 517 2005 otentiam,
541 1963 601 2010 qui
641 1963 834 1996 amicitiam
861 1961 1030 1996 colebant
1065 1974 1144 1995 cum
1169 1961 1348 1996 Romanis.
1397 1960 1602 1992 Persuasum
1625 1958 1735 2002 igitur

298 1977 496 2051 babemus,
518 2016 555 2044 te
580 2010 680 2043 nulla
709 2009 779 2042 alia
805 2010 843 2043 in
870 2021 908 2042 rc
932 2009 976 2040 ab
1003 2010 1069 2050 iis,
1096 2020 1188 2054 quae
1214 2020 1234 2041 a
1257 2012 1359 2052 patre
1382 2011 1514 2040 statuta
1538 2010 1632 2046 sunt,
1657 2005 1736 2038 dis-

301 2069 504 2098 cessurum,
532 2058 604 2090 nisi
628 2057 667 2089 in
693 2067 755 2095 eo,
780 2056 878 2101 quod
901 2056 1007 2089 nobis
1031 2056 1167 2089 maiora
1192 2055 1384 2099 largiturus
1410 2053 1476 2093 sis,
1500 2062 1606 2098 quam
1630 2056 1733 2095 pater

300 2105 450 2148 largitus
476 2108 539 2137 est.
587 2105 651 2137 Pro
677 2103 809 2148 quibus
838 2108 875 2136 et
905 2114 969 2136 nos
995 2103 1108 2135 multo
1146 2102 1239 2142 tibi,
1265 2111 1372 2146 quam
1394 2100 1511 2144 patri,
1534 2098 1735 2132 devinctio-

304 2162 360 2184 res
386 2151 538 2191 erimus,
564 2154 600 2183 et
623 2150 692 2183 tibi
720 2150 834 2184 multo
860 2159 1004 2195 quoque
1030 2149 1181 2182 maiores
1208 2148 1338 2193 gratias
1362 2146 1611 2179 retribuemus.
1659 2143 1734 2178 Ad-

305 2208 426 2229 sumus
439 2198 556 2241 igitur,
578 2198 640 2242 qui
653 2202 819 2230 consueta
831 2208 978 2229 munera
995 2196 1219 2240 accipiamus.
1247 2193 1317 2227 Sed
1331 2194 1433 2232 scito,
1446 2203 1520 2225 non
1538 2191 1644 2224 aliter
1656 2190 1734 2223 fieri

304 2253 423 2289 posse,
443 2247 484 2273 ut
497 2248 618 2275 noster
640 2244 710 2276 dux
724 2243 793 2276 tibi
812 2248 848 2276 et
866 2243 1104 2276 Romanorum
1128 2242 1180 2275 rei
1198 2240 1366 2285 publicae
1386 2239 1433 2272 sit
1455 2237 1600 2278 amicus,
1625 2247 1735 2283 quam

306 2290 338 2322 si
363 2300 404 2322 ea
421 2290 609 2331 acceperit,
631 2290 761 2333 quibus
790 2289 942 2334 receptis
957 2294 1080 2322 contra
1094 2289 1268 2323 Romanos
1284 2297 1378 2319 arma
1391 2296 1463 2318 non
1475 2295 1616 2318 movere
1642 2295 1732 2317 con-

306 2335 458 2369 stituit.”
492 2335 588 2367 Haec
607 2335 758 2367 Avarum
793 2335 903 2379 legati
936 2335 1194 2374 disseruerunt,
1222 2339 1259 2367 et
1280 2333 1386 2366 modo
1412 2342 1449 2364 se
1473 2332 1510 2363 in
1527 2330 1633 2370 hanc,
1658 2341 1737 2365 mo-

307 2382 354 2415 do
379 2382 418 2413 in
442 2381 550 2413 aliam
571 2387 708 2425 partem
732 2381 942 2414 vertebant:
967 2381 1074 2415 modo
1100 2380 1268 2427 precibus
1294 2379 1464 2424 agebant,
1490 2377 1596 2410 modo
1621 2376 1737 2410 minas

303 2426 527 2472 ingerebant.
577 2427 840 2460 Existimabam
865 2427 974 2468 enim,
999 2439 1035 2461 se
1060 2430 1313 2474 Imperatorem
1337 2423 1675 2470 perterrefacturOS‚
1700 2427 1739 2456 et

308 2485 353 2507 ex
378 2483 420 2507 eo
435 2477 605 2506 -coactum
631 2474 674 2505 iri
691 2473 864 2507 Romanos
890 2474 963 2507 illis
988 2475 1090 2520 quasi
1114 2472 1324 2507 tributarios
1350 2481 1437 2505 esse.
1461 2470 1592 2503 Verum
1616 2470 1737 2514 Impe-

307 2517 406 2554 rator
438 2530 548 2564 quum
583 2518 676 2551 nihil
700 2518 822 2560 aliud,
855 2531 962 2565 quam
995 2531 1103 2555 vanos
1134 2520 1325 2558 clamores,
1357 2518 1510 2551 Avarum
1536 2517 1737 2550 orationem
1767 2551 1774 2559 ,

306 2578 383 2601 esse
408 2565 650 2606 existimaret,
676 2565 726 2597 sic
749 2565 954 2610 respondit:
1003 2567 1099 2609 „Vos
1124 2565 1269 2612 quidem
1293 2563 1447 2596 humiles
1472 2574 1594 2607 preces
1610 2573 1738 2608 magna

306 2623 386 2647 eum
403 2612 602 2656 arrogantia
614 2610 652 2643 in
675 2612 832 2644 medium
851 2613 1018 2656 profertis
1034 2618 1070 2647 et
1087 2613 1126 2645 in
1149 2623 1248 2658 spem
1265 2610 1497 2651 adducimini,
1521 2610 1586 2643 hac
1601 2620 1737 2644 sermo-

305 2661 364 2694 nis
390 2658 637 2693 commistione
663 2657 804 2691 facilius
829 2659 927 2703 quod
954 2661 1084 2705 cupitis
1109 2658 1289 2704 consequi.
1314 2658 1384 2691 Sed
1408 2669 1452 2690 ex
1477 2663 1630 2704 utraque
1658 2667 1735 2702 spe,

306 2711 349 2739 ut
370 2716 495 2738 verum
521 2709 641 2749 aperte
666 2704 782 2737 dicam
798 2729 807 2745 ,
832 2704 1025 2739 excidistis.
1051 2705 1141 2738 Nam
1164 2714 1282 2750 neque
1306 2704 1563 2739 blandimentis
1591 2718 1648 2740 me
1671 2706 1746 2740 de'-=

306 2751 475 2798 cipietis‚
497 2760 617 2797 neque
653 2750 761 2784 minis
795 2751 987 2785 terrebitis.
1036 2753 1155 2798 Atque
1181 2762 1246 2796 ego
1269 2751 1384 2786 multo
1412 2753 1520 2799 plura
1543 2754 1647 2792 vobis
1669 2753 1736 2788 tri-
