1924 3164
297 156 300 158 ’
312 167 328 201 1
348 169 373 203 2
385 169 412 202 2
886 166 1162 208 EXCERPTA

143 272 182 326 ᾼ.
195 273 230 306 C.
244 274 287 308 35
299 273 383 316 τοῖς
414 269 612 324 Φραάτην
640 267 712 309 τὸν
740 268 812 308 τοῦ
859 268 1056 322 Φραάτου
1086 265 1206 309 υἱόν.
1263 268 1417 310 ἐκείνου
1458 269 1504 311 δὲ
1532 269 1639 311 κατὰ
1667 269 1740 324 τῆς

115 319 403 375 T¹b⁶¹²²²5c5013
429 332 761 388 τελευτήσαντος,
787 330 1007 388 Τιριδάτην
1034 333 1078 375 ἐκ
1105 335 1182 374 τοῦ
1209 335 1430 386 βασιλικοῦ
1449 334 1590 389 γένους
1615 333 1742 387 ἔπεμ-

301 409 382 452 ψε,
425 400 498 440 καί
525 394 635 445 ὅπως
665 397 768 454 ῥᾷον
794 395 870 452 τήν
905 399 1124 451 βασιλείαν
1151 398 1418 454 παραλάβοι,
1458 397 1618 454 ἔγραψε
1648 401 1741 441 Μι-

297 465 474 522 θριδάτῃ
503 465 560 520 τῷ
581 460 753 518 Ἰβήρων
779 467 953 517 βασιλεῖ’
973 466 1032 514 εἰς
1060 463 1137 519 τήν
1159 461 1388 520 Ἀρμενίαν
1417 467 1640 520 εἰσβαλεῖν,
1672 465 1740 507 ἵνα

298 528 320 570 ὅ
362 526 611 583 Ἀρτάβανος
655 530 711 585 τῷ
748 528 828 587 υἱῷ
863 531 1032 584 βοηθῶν
1070 527 1151 571 ἀπὸ
1188 532 1260 585 τῆς
1291 529 1444 580 οἰκείας
1472 531 1613 586 παρῇ.
1671 530 1768 572 καὶὸ

299 591 498 636 εἰσελθών
532 592 553 633 ὁ
598 593 824 649 Τιριδάτης
865 593 942 650 τήν
978 597 1197 649 βασιλείαν
1233 597 1458 649 κατέσχεν.
1515 591 1566 635 οὗ
1588 593 1741 648 ’μέντοι

262 662 373 700 Βκαί
396 660 467 700 ἐπὶ
496 657 602 700 πολὺ
629 660 922 713 ἐβασίλευσεν·
965 661 990 702 o‘
1017 661 1096 717 γὰρ
1119 658 1380 717 Ἀρτάβανος
1411 658 1583 710 Σκύθας
1611 675 1741 715 προσ-

297 723 438 778 λαβών
465 725 516 766 οὗ
541 726 737 780 χαλεπῶς
763 725 892 769 αὐτὸν
921 725 1138 782 ἐξήλασε..
1177 729 1251 768 καί
1276 727 1409 769 ταῦτα
1448 728 1526 780 μὲν
1553 724 1606 768 τὰ
1634 724 1740 768 κατὰ

301 788 526 846 Πάρθους.

138 863 177 897 Α.
196 862 287 907 047
407 853 457 910 β’.
502 852 596 900 Ὅτι
622 858 896 915 Μιθριδάτης
937 859 961 900 ὅ
989 861 1072 901 τῶν
1093 859 1269 916 Ἰβήρων
1303 857 1504 912 βασιλευς
1532 858 1800 914 ἑνεωτέρι-ιο

132 909 254 944 Claud.
267 912 359 974 8σε,
377 920 452 963 καί
474 922 804 979 παρεσκευάζετο
820 926 878 973 εἰς
901 922 969 966 τὸν
981 923 1085 967 κατά
1110 928 1195 967 τῶν
1214 922 1435 976 Ῥωμαίων
1455 920 1644 976 πόλεμον.
1673 923 1746 977 τῆς

297 988 345 1029 δὲ
370 986 530 1043 μητρὸς
560 988 872 1045 άντιλεγούσης,
903 992 978 1031 καί
1005 997 1182 1047 φυγεῖν,
1213 988 1356 1044 ἐπειδὴ
1386 987 1445 1043 μή
1478 991 1639 1030 πείθειν
1668 987 1746 1029 αὖ-

295 1051 371 1095 τὸν
397 1054 577 1109 ἠδύνατο
591 1088 604 1107 ,
632 1058 936 1111 βουληθείσης,
966 1055 1219 1109 βουλόμενος
1247 1053 1508 1107 ἐπικαλύψαι
1536 1051 1584 1094 τὸ
1614 1067 1745 1095 σπου-

297 1116 547 1172 δαζόμενον,
586 1119 715 1168 αὐτὸς
741 1122 821 1173 μὲν
849 1119 1204 1175 παρεσκευάζετο,
1242 1121 1395 1172 πέμπει
1423 1120 1470 1161 δὲ
1501 1116 1648 1160 Κότυν
1673 1117 1747 1160 τὸν

298 1180 485 1240 ἀδελφὸν
512 1186 571 1234 εἰς
599 1186 835 1240 πρεσβείαν,
866 1186 1036 1241 φιλίους
1062 1187 1210 1240 λόγους
1237 1185 1296 1242 τῷ
1322 1185 1526 1242 Κλαυδίῳ
1554 1181 1801 1238 κομίζον-15

299 1266 369 1291 τα.
425 1247 446 1290 ὅ
477 1250 524 1291 δὲ
553 1249 932 1306 παραπρεσβεύσας
960 1249 1097 1293 πάντα
1128 1251 1242 1308 αὐτῷ
1270 1250 1543 1306 κατεμήνυσε,
1572 1250 1646 1291 καί
1670 1252 1750 1303 βα·-

301 1313 443 1364 σιλεῦς
466 1316 650 1371 Ἰβηρίας
679 1315 772 1357 dmi
795 1314 1071 1372 Μιθριδάτου
1100 1318 1273 1371 γίνεται.

144 1390 184 1423 A.
197 1389 234 1423 C.
248 1388 294 1423 86
409 1381 459 1435 γ’.
504 1377 592 1423 Ὅτι
639 1383 873 1435 Λεκέβαλος
921 1379 946 1423 ὅ
981 1383 1131 1424 Δακῶν
1176 1379 1376 1435 βασιλευς
1433 1379 1752 1436 ἐπεκηρυκεύετο

125 1435 410 1519 Βοωιξῑέπρὸς
446 1444 724 1500 Δομετιανὸν,
770 1446 935 1503 εἰρήνην
976 1445 1328 1501 ὑπισχνούμενος·
1386 1447 1454 1502 ἐφ’
1497 1441 1550 1486 οὗ
1588 1443 1750 1497 ἔπεμψε

235 1494 568 1565 ἠΔομε-τιανός
611 1514 800 1555 ‹vescum›
839 1511 944 1565 μετὰ
987 1514 1140 1568 πολλῆς
1169 1512 1408 1565 δυνάμεως.
1464 1507 1564 1566 ὅπερ
1592 1507 1800 1563 μαθώνάο

308 1578 330 1618 ὁ
359 1579 592 1630 Δεκέβαλος
620 1577 782 1631 ἔπεμψε
811 1576 918 1633 πρὸς
957 1577 1087 1619 αὐτὸν
1114 1579 1338 1632 πρεσβείαν
1367 1572 1496 1625 αὖθις
1523 1577 1568 1618 ἐν
1591 1579 1751 1629 χλευα-

305 1643 411 1699 σμῷ,
434 1644 575 1697 λέγων,
606 1640 673 1695 ὥς,
703 1645 743 1685 εἰ
770 1646 905 1685 ἕλοιτο
934 1645 1102 1692 ἕκαστος
1122 1641 1341 1695 Ῥωμαίων
1369 1641 1446 1683 δύο
1471 1640 1645 1695 ὀβολοὺς
1671 1642 1753 1682 Δε-

307 1707 465 1766 κεβάλῳ
490 1705 666 1751 ἑκάστου
696 1707 813 1758 ἔτους
840 1714 991 1762 τελεῖν,
1036 1710 1201 1764 εἰρήνην
1229 1707 1334 1765 πρὸς
1373 1705 1502 1750 αὐτὸν
1529 1708 1752 1749 τίθεσθαι·

404 1833 433 1855 ι.
458 1818 552 1855 κατὰ
576 1813 644 1863 τὴν
670 1813 763 1855 ὁδὸν
784 1821 841 1854 vel
864 1821 939 1866 πρὸ
959 1821 1023 1864 τῆς
1047 1818 1216 1854 καθόδου
1236 1822 1327 1855 coni.
1348 1820 1384 1854 B.
1504 1830 1536 1853 2.
1549 1813 1757 1863 Τηριδάῐην

401 1873 469 1912 mg.
494 1865 537 1900 H.
631 1868 661 1901 5.
688 1868 812 1905 οἰκίας
835 1868 927 1912 vulg.

314 1980 403 2004 nere
427 1968 538 2003 vitam
561 1972 677 2001 morte
703 1973 974 2009 commutasset,
1001 1968 1171 2003 Tiberius
1196 1968 1297 2002 misit
1321 1966 1522 2002 Tiridatem
1547 1978 1592 2001 ex
1624 1977 1753 2011 genere

315 2017 426 2061 regio.
474 2016 519 2049 Et
542 2025 614 2060 quo
640 2015 783 2048 facilius
808 2026 956 2059 reguum
980 2020 1194 2059 capesseret,
1218 2015 1360 2060 scripsit
1382 2013 1602 2054 Mithridati,
1627 2012 1753 2046 lbero-

314 2075 394 2096 rum
423 2063 518 2106 regi,
546 2066 588 2094 ut
610 2062 650 2094 in
673 2061 879 2095 Armeniam
911 2061 1155 2104 incursionem
1181 2061 1336 2103 faceret,
1375 2070 1448 2105 quo
1481 2071 1519 2094 se
1551 2059 1754 2093 Artabanus

316 2108 496 2142 conferret
519 2109 705 2152 suppetias
740 2109 818 2142 filio
850 2109 1002 2144 laturus.
1050 2108 1095 2141 Et
1118 2108 1301 2141 Tiridates
1340 2106 1486 2152 quidem
1511 2117 1662 2152 regnum
1687 2105 1755 2139 ob-

316 2155 440 2188 tinuit.
490 2154 562 2188 Sed
585 2165 658 2188 non
683 2155 748 2188 diu
780 2155 951 2199 regnavit.
999 2153 1090 2187 Nam
1126 2153 1329 2187 Artabanus
1365 2152 1513 2197 Scythas
1548 2163 1754 2192 assumens.

315 2201 466 2235 minimo
504 2201 651 2246 negotio
678 2212 761 2236 eum
786 2212 896 2246 regno
922 2200 1075 2245 expulit.
1121 2200 1166 2234 Et
1188 2199 1277 2233 haec
1299 2199 1344 2233 de
1369 2198 1517 2233 Parthis.

410 2260 440 2282 2.
489 2247 731 2288 Mithridates,
758 2248 944 2282 iberorum
968 2257 1044 2288 rex,
1067 2247 1176 2280 novas
1200 2257 1255 2279 res
1279 2247 1446 2288 tentavit,
1471 2250 1508 2279 et
1545 2256 1583 2278 se
1606 2245 1653 2279 ad
1676 2244 1756 2279 bel·-

316 2294 393 2326 lum
423 2294 590 2327 Romanis
622 2294 852 2328 inferendum
887 2294 1123 2340 praeparavit.
1179 2293 1273 2327 Huic
1304 2297 1418 2326 mater
1442 2291 1682 2333 contradixit,
1717 2295 1756 2324 et

317 2340 491 2385 quoniam
515 2351 589 2374 non
612 2340 872 2385 persuadebat,
902 2341 1026 2385 fugere
1055 2339 1180 2374 voluit.
1228 2340 1275 2373 At
1298 2338 1382 2379 ille,
1423 2338 1587 2384 quamvis
1621 2339 1661 2373 in
1691 2347 1757 2382 ap-

316 2391 446 2431 paratu
470 2392 584 2427 esset,
609 2387 754 2421 volebat
777 2393 911 2432 tegere,
937 2386 1035 2432 quod
1060 2389 1273 2431 susceperat.
1321 2386 1449 2430 Itaque
1475 2385 1593 2428 Cotyn
1611 2384 1756 2419 fratrem
1802 2387 1810 2392 “

319 2432 434 2466 mittit
457 2433 614 2477 legatum
639 2435 685 2468 ad
711 2434 925 2475 Claudium,
951 2434 1014 2479 qui
1039 2432 1297 2479 gratulationes
1323 2431 1499 2471 deferret,
1525 2431 1590 2464 sed
1613 2441 1687 2465 non
1711 2441 1757 2464 ex

320 2478 391 2513 fide
417 2479 633 2524 legationem
660 2481 775 2521 obiit,
803 2487 840 2515 et
864 2481 997 2520 omnia,
1022 2490 1113 2525 quae
1136 2479 1247 2512 stater
1271 2479 1391 2512 animo
1429 2478 1609 2517 volverat,
1643 2488 1758 2511 enun-

320 2525 445 2565 tiavit,
468 2532 504 2559 et
528 2537 588 2558 rex
612 2526 752 2560 {beriae
777 2527 999 2561 Mithridatis
1031 2527 1110 2559 loco
1143 2525 1387 2562 constituitur,

414 2573 446 2607 3.
494 2571 708 2613 Decebalus,
733 2574 910 2607 Dacorum
937 2584 1010 2614 rex,
1036 2571 1250 2616 legationem
1275 2572 1373 2615 pacis
1400 2582 1501 2604 causa
1521 2570 1565 2603 ad
1579 2568 1759 2603 Domitia-

323 2629 410 2651 num
433 2618 541 2651 misit.
591 2618 673 2664 Quo
700 2620 793 2652 facto
819 2620 1048 2654 Domitianus
1079 2620 1234 2652 Fuscum
1261 2619 1360 2651 misit
1384 2629 1462 2651 cum
1490 2627 1614 2661 magna
1639 2625 1757 2648 manu.

324 2664 400 2697 Hoc
412 2665 474 2699 ubi
489 2663 689 2699 Decebalus
707 2665 847 2706 didicit,
872 2666 1008 2699 adeum
1022 2676 1142 2699 rursus
1167 2666 1321 2709 legatum
1349 2665 1459 2704 misit,
1472 2664 1534 2708 qui
1567 2673 1648 2696 cum
1673 2661 1756 2694 irri—

326 2712 425 2744 sione
452 2713 508 2746 illi
533 2711 681 2755 diceret,
701 2723 737 2745 sc
764 2723 887 2758 pacem
912 2711 1102 2754 facturum,
1115 2713 1144 2745 si
1171 2711 1419 2758 unusquisque
1431 2707 1758 2747 Romanorumvel-
1782 2716 1784 2719 ·
