1924 3164
351 216 406 256 IN
453 211 700 256 EcLoeAs
730 177 1080 254 'THEOPHANIS
1119 210 1381 253 BYzANTn.
1475 190 1586 266 593

151 318 240 357 eius
273 331 383 356 exse-1
386 318 511 371 ipt01e
547 316 780 369 Nicephoro
794 346 807 365 ,
847 315 1059 362 mendam,
1102 310 1299 369 geminata
1333 328 1406 367 per
1431 314 1587 356 librarii

151 373 402 427 dormitantis
428 372 651 411 soeo1d1am
678 378 918 409 consonante
947 378 1076 409 ortam
1092 371 1420 438 ‚expungendam
1447 385 1588 411 mone-

150 441 268 466 mus:
313 427 371 465 τῶ
414 440 503 466 οντι
537 422 617 478 γὰρ
655 421 728 464 τὸν
769 421 982 476 ἐθνάρχην
1017 439 1101 463 των
1140 423 1346 474 Ἀβδελῶν
1375 423 1508 491 (φημὶ
1534 425 1585 492 δὴ

149 495 234 521 των
268 466 498 531 λεγομένων
545 463 819 543 Ἐφθαλιτῶν)
850 476 1204 543 καταπολεμήσας
1233 475 1358 526 αυτὸς
1386 493 1408 518 ο
1437 479 1589 532 Χαγά-

151 548 221 581 νος
244 533 419 587 ἐνίκησε,
439 532 512 587 τήν
531 547 573 574 τε
600 532 676 572 τοῦ
703 529 853 597 ἔθνους
881 529 1016 585 αρχὴν
1035 529 1318 583 περιεβάλετοε
1349 541 1390 573 et
1403 541 1588 598 ‘utroque

154 590 420 643 antiquiolem
436 590 690 640 Piocopium‚
721 589 792 640 qui
808 587 900 626 libri
927 589 1047 640 primi
1076 588 1330 626 Pe1sic01um
1358 589 1472 628 initio
1487 589 1587 631 haec

151 644 275 683 habet
303 659 326 682 a
349 651 485 683 nostro
513 645 694 682 instituto
715 656 797 680 non
827 641 987 680 aliena.
1019 638 1215 705 Περόζης
1247 640 1269 681 ὁ
1296 644 1480 708 Περσῶν
1506 646 1588 696 βα-

150 695 291 745 σιλεύς
318 695 422 750 πρὸς
449 694 494 737 τὸ
529 691 697 737 Οὔννων
724 696 805 735 τῶν
829 695 1108 762 Ἔφθαλιτῶν
1118 692 1266 746 ἔθνος,
1303 692 1459 748 ου’σπερ
1490 701 1594 743 λευ-,

154 749 254 799 κούς
282 749 559 802 ὀνομάζουσι,
597 746 778 815 πόλεμον
806 764 899 802 περι
928 750 1003 801 γῆς
1032 745 1161 801 ὁσίων
1186 750 1375 816 διέφερε.
1427 751 1593 817 'Ecpffoe-

149 808 264 846 λιται
304 805 350 845 δὲ
385 803 598 846 Ου’ννικόν
632 804 712 869 μὲν
746 801 865 850 ἔθνος
894 803 984 844 εἰσί
1002 817 1046 843 τε
1074 819 1143 843 και
1176 801 1476 871 ὀνομάζονται·
1533 821 1584 847 ου

153 860 319 924 μέντοι
342 855 650 926 oivapu'yvvvtat'
678 853 706 911 ἢ
743 855 1095 922 ἐπιχωοιάζουσιν
1142 851 1313 899 Ου’ννων
1355 875 1492 913 τισιν,
1526 877 1586 903 ων

149 913 290 977 ἡμεῖς
296 911 430 977 ἴσμεν.
483 911 576 954 ἐπεὶ
602 910 700 952 οὐδὲ
725 927 871 966 χωραν
900 911 1040 952 αυτῶν
1068 907 1278 965 ὅμορον”
1249 928 1444 966 εχουσιν,
1486 916 1588 957 οὐδὲ

152 984 226 1032 πη
238 963 376 1008 αὐτῶν
402 982 581 1032 αγχιστα
610 961 812 1022 οἴκηνται,
856 963 961 1006 α’λλὰ
991 969 1262 1018 προσοικοῦσι
1289 968 1366 1019 μὲν
1391 970 1586 1022 Πέρσαις

149 1019 255 1075 πρὸς
294 1021 456 1077 βοῤῥᾶν
486 1035 638 1073 ανεμον
666 1030 742 1061 etc.
759 1052 770 1071 ‚
810 1024 852 1060 in
882 1022 1027 1075 quibus
1065 1024 1201 1075 Gorgo
1244 1023 1392 1062 dictam
1419 1024 1586 1066 illorum

154 1078 357 1117 civitatem
397 1079 533 1117 asseiit
550 1107 561 1125 ‚
599 1091 728 1129 neque
764 1091 875 1115 more
911 1076 1081 1115 aliorum
1121 1078 1388 1128 Hunnorum,
1421 1082 1585 1121 mutatis

150 1134 192 1171 in
220 1131 304 1171 dies
330 1132 509 1181 sedibus,
541 1132 676 1184 vagari
698 1160 709 1180 ‚
741 1131 809 1170 sed
838 1130 997 1170 civilem
1025 1131 1251 1170 societatem
1278 1132 1432 1186 legibus
1460 1137 1582 1187 tueri,

150 1187 311 1239 suisque
350 1187 510 1239 regibus
551 1186 716 1235 subiici3
755 1200 857 1238 quae
893 1186 1105 1224 maximam
1145 1194 1298 1238 paitem
1336 1189 1378 1227 in
1405 1189 1584 1230 codicem

148 1255 244 1280 suae
271 1240 539 1280 Bibliothecae
565 1240 632 1279 63.
658 1239 797 1279 retulit
822 1240 991 1278 Photius
1019 1240 1253 1280 Patiiarcha
1269 1242 1351 1281 CP.

257 1297 361 1348 Pag.
395 1310 460 1334 22.
489 1296 534 1333 B.
559 1293 658 1348 [485
678 1324 690 1345 ,
726 1293 785 1347 2.]
834 1293 1021 1333 Per-ozena
1057 1303 1096 1333 et
1126 1295 1268 1334 Persas
1293 1311 1380 1335 cum
1413 1299 1592 1339 υιυοιεεεῐ.

153 1349 329 1389 Peruzus
356 1352 439 1390 sive
463 1349 633 1388 Perozes
651 1378 663 1400 ,
696 1363 794 1388 avus
823 1349 956 1401 magni
995 1348 1197 1387 Chosroae
1217 1379 1229 1401 ‚
1262 1351 1454 1416 regnabat
1478 1355 1583 1394 Leo-

149 1404 211 1443 nis
250 1404 441 1444 Macellae
479 1411 688 1457 tempore,
726 1410 774 1443 ut
818 1402 1037 1455 Isdigerdes
1074 1411 1113 1442 et
1153 1404 1332 1444 Varanes
1362 1408 1584 1459 imperante

153 1459 382 1498 Theodosio
415 1459 589 1499 Iuniore.
643 1458 749 1498 Vide
790 1464 947 1510 praete1
989 1458 1154 1496 citatum
1186 1473 1279 1498 mox
1310 1461 1580 1514 Procopium,

149 1513 332 1552 Priscum
365 1528 454 1568 pag.
484 1512 552 1567 75.
588 1519 628 1552 et
649 1512 846 1552 Menand1
848 1526 917 1551 um
947 1512 1217 1552 Protectorem
1242 1528 1334 1567 pag.
1365 1514 1455 1567 146.
1494 1517 1580 1556 edi-

147 1568 266 1607 tionis
290 1570 434 1621 regiae.

259 1622 362 1675 Pag.
379 1637 442 1664 22.
457 1623 502 1662 Β.
519 1621 632 1674 [485,
649 1637 671 1661 2
678 1621 982 1677 .]Zemarchum
1007 1622 1066 1661 ad
1097 1623 1240 1662 Tarcos
1262 1619 1428 1676 legatum
1450 1626 1581 1665 mittit.

150 1675 250 1716 Cilix
281 1692 422 1729 genere
454 1678 557 1727 fuit,
590 1685 687 1716 teste
712 1677 934 1715 Menandro
965 1692 1055 1729 pag.
1090 1677 1177 1715 151.
1201 1678 1294 1719 edit.
1320 1680 1462 1731 regiae.
1515 1681 1580 1720 De

151 1737 333 1783 tempore
350 1762 361 1779 ‚
395 1746 474 1784 quo
503 1732 646 1784 legatio
675 1731 749 1768 ista
770 1732 935 1782 contigit
953 1759 964 1779 ,
999 1731 1168 1769 dubium
1199 1746 1283 1770 esse
1320 1740 1474 1785 potest,
1508 1735 1580 1773 sed

148 1786 268 1823 unius
286 1785 478 1824 duntaxat
505 1786 609 1826 anni.
639 1786 719 1834 Qui
739 1799 844 1823 anno
873 1786 1013 1822 lustiui
1031 1793 1173 1837 quarto
1192 1786 1360 1838 illigant,
1391 1788 1584 1827 mendum

150 1840 352 1893 irrepsisse
372 1847 513 1892 putant
541 1841 582 1879 in
605 1840 832 1877 indictionis
861 1846 998 1877 notam
1015 1868 1026 1888 ,
1066 1846 1105 1877 et
1141 1854 1215 1891 pio
1243 1840 1420 1894 δευτέρω
1443 1841 1580 1894 legen-

149 1894 248 1933 dum
272 1894 461 1933 edicunt:
503 1892 624 1948 τρίτῳ
653 1893 831 1946 ἐνιαυτοῖ
855 1893 928 1943 τῆς
955 1879 1432 1945 πεντεκαιδεκαετηρίὸος
1459 1909 1623 1948 περι-Ρ
1657 1913 1719 1948 „3

152 1949 298 2001 φορᾶς.
353 1950 434 1999 Qui
465 1962 563 1987 vero
607 1949 647 1986 in
676 1947 978 1999 praecedentem
1022 1961 1172 1985 annum
1206 1949 1368 1987 leiiceie
1406 1949 1578 2002 malunt,

149 2017 225 2056 pio
256 2003 451 2054 τέταρτον
479 1998 594 2051 ὲ’,τος
621 2002 729 2055 quod
765 2016 854 2039 mox
891 2001 1097 2053 seqnitur,
1134 2002 1388 2055 procliviori,
1420 2004 1475 2042 ita
1514 2019 1581 2044 me

150 2059 260 2096 Deus
279 2064 400 2107 amet,
425 2057 669 2096 correctione
695 2056 940 2094 substituunt
966 2054 1114 2105 τρίτον.
1143 2058 1276 2107 Quam
1311 2058 1581 2098 coniecturam

150 2119 329 2150 nostram
350 2112 430 2151 suis
460 2111 712 2165 postmodum
740 2114 780 2148 in
798 2110 895 2148 Chr.
925 2124 1053 2148 novae
1076 2111 1225 2150 Romae
1250 2115 1461 2151 momentis
1491 2127 1582 2152 exa-

151 2167 405 2208 minabimus.
461 2166 642 2205 Alteram
671 2165 721 2203 ad
752 2166 906 2203 ancos
943 2164 1178 2216 legationem
1214 2168 1465 2218 consignarat
1493 2169 1581 2207 Me-

151 2220 305 2260 nander
329 2221 443 2259 Prot.
467 2221 570 2259 libro
596 2219 650 2268 8.‚
686 2226 732 2257 ut
755 2233 800 2259 ex
842 2221 925 2257 eius
948 2219 1152 2271 Excerptis
1181 2221 1368 2259 discimus
1392 2235 1483 2274 pag.
1509 2222 1578 2262 61.

149 2282 191 2314 et
218 2275 485 2328 sequentibus.
543 2274 805 2313 Zemarchum
831 2274 1026 2312 Comitem
1054 2274 1229 2313 Oiientis
1252 2275 1410 2314 exhibet
1442 2277 1577 2315 Theo-

152 2329 302 2382 phanes
329 2330 381 2368 ad
407 2343 558 2368 annum
589 2328 795 2367 Iustiniani
835 2328 934 2380 Imp.
972 2327 1076 2378 34:
1132 2327 1359 2379 συνέβαλον
1385 2330 1473 2369 κατ’
1502 2330 1577 2370 α’λ-

152 2383 288 2435 λήλων
313 2380 353 2422 οὶ
383 2381 602 2434 ὀρθόδοξοι
630 2381 702 2421 καί
718 2380 980 2445 Σεβηριανοί,
1007 2379 1080 2421 καί
1096 2382 1243 2421 πολλοι
1256 2380 1390 2447 φόνοι
1407 2382 1577 2436 γεγόνα-

153 2451 248 2499 σιν,
288 2438 361 2476 και
396 2437 640 2483 αποστείλας
676 2434 699 2474 ὅ
728 2432 934 2502 ,βασιλεὺς
966 2431 1195 2488 Ζήμαρχον
1225 2433 1294 2476 τὸν
1321 2433 1476 2490 κόμητα
1504 2439 1579 2491 τῆς

155 2487 354 2543 ἀνατολῆς
381 2489 560 2531 ἐκωλυσε
588 2486 683 2536 τούς
710 2486 932 2536 α’τάκτουςε
963 2504 1064 2542 quae
1081 2492 1138 2530 sic
1158 2492 1298 2531 Latine
1315 2492 1445 2531 reddit
1465 2494 1579 2532 Ana-

157 2547 298 2584 stasius
326 2546 653 2587 Bibliothecarius
673 2559 762 2597 pag.
783 2544 850 2583 66.
882 2545 1063 2584 editionis
1090 2547 1252 2599 regiae:
1282 2549 1474 2599 congressi
1494 2556 1583 2586 sunt

155 2601 340 2638 adversas
359 2602 586 2639 alterutrum
610 2599 836 2638 Orclzodoxi
856 2608 893 2637 et
910 2599 1136 2652 Seuer-zani,
1158 2610 1196 2639 et
1220 2602 1340 2640 multa
1371 2602 1581 2640 homicidia

140 2656 262 2706 facta
285 2664 386 2704 sant,
419 2663 457 2692 et
490 2669 603 2693 nusso
629 2654 853 2708 Imperator
878 2654 918 2692 Z
919 2655 1103 2703 zmarclzo
1139 2655 1283 2694 Comite
1309 2655 1535 2702 Orientiss
1517 2670 1582 2694 m-

157 2709 279 2746 hibuit
310 2684 563 2748 inoidihzatos
621 2707 915 2761 Cogitandum,
945 2723 996 2747 an
1019 2708 1124 2748 idem
1142 2711 1193 2749 sit
1214 2724 1306 2748 cum
1329 2709 1405 2749 hoc
1431 2717 1582 2749 nostro.

159 2763 276 2801 Certe
303 2770 342 2801 et
367 2762 434 2802 hic
462 2771 501 2801 et
529 2763 596 2802 ille
623 2762 803 2801 diversus
830 2769 888 2801 est
916 2763 966 2801 ab
994 2762 1145 2816 altem,
1174 2765 1286 2803 cuius
1311 2765 1489 2804 meminit
1518 2764 1580 2803 his

1598 2299 1710 2334 Vaio

206 2839 390 2884 Dexippus
405 2865 417 2879 ,
443 2839 637 2884 Eunapius
662 2846 727 2876 etc,
1282 2840 1325 2874 38
