1924 3164
617 200 683 243 Ex
725 199 1139 244 oLYMPmnono.
1483 178 1599 255 459

163 302 302 353 κιδίας
327 300 453 360 ὅρμῆ.
507 302 829 358 τελευτήσαντος
846 304 894 345 δὲ
918 305 998 346 τοῦ
1023 300 1184 356 παιδὸς,
1201 301 1352 351 πένθος
1376 301 1485 356 μέγα
1511 315 1607 343 ποι-
1618 305 1707 341 Ac
1722 304 1790 351 4¹5

165 373 284 413 οὖσιν
301 370 363 413 ἐπ’
393 369 520 427 αὐτῷ’,
548 369 621 412 καί
646 368 880 412 θάπτουσιν
900 371 947 412 ἐν
977 367 1154 425 λάρνακι
1179 369 1429 417 καταθέντες
1447 368 1614 425 α’ργυρᾷ
1622 353 1700 387 Iud.
1718 354 1758 387 ¹3

163 437 246 491 πρὸ
269 438 340 491 τῆς
365 437 665 491 Βαρκέλλωνος
681 434 726 477 ἔν
771 451 855 478 τινι
880 435 1101 493 εὕκτηρίῳ.
1137 430 1226 478 εἶτα
1265 432 1498 491 ἀναιρεῖται
1534 435 1610 476 καί

159 499 449 558 ’Λδάουλφος,
475 502 535 550 εἰς
562 499 803 557 ἐπιτήρησιν
816 502 900 543 τῶν
921 502 1082 544 οἰκείων
1111 502 1260 555 ἳππων,
1276 499 1335 550 ὥς
1351 497 1510 542 εἴθιστο
1528 499 1607 541 αὖ·
1621 510 1652 545 c

138 569 239 625 5τῷ,
259 568 489 624 διατρίβων
506 567 552 609 ὲν
581 567 639 625 τῷ
655 565 823 609 ἱππῶνι.
851 566 1026 623 ἀναιρεῖ
1038 567 1085 609 δὲ
1102 564 1231 609 αὐτὸν
1258 563 1318 615 εἷς
1343 566 1425 608 ταῖν
1454 566 1615 608 οἰκείων

165 636 206 677 Γ
205 630 352 687 ότθων,
379 632 562 686 Δούβιος
588 627 797 687 τοῦνομα,
826 630 989 690 ἔχθραν
1015 633 1204 675 παλαιάν
1233 630 1618 689 καιροφυλακήσας·

166 697 299 742 πάλαι
311 697 391 755 γὰρ
407 693 458 754 ἦν
472 695 494 740 ὃ
510 698 657 741 τούτου
675 697 888 754 δεσπότης,
904 700 1058 755 μοίρας
1071 700 1112 740 Γ
1109 700 1276 754 οτθικῆς
1295 696 1386 755 ῥὴξ,
1400 695 1482 739 ὕπὸ
1493 697 1618 739 Ἀδα-

167 765 330 822 ούλφου
349 766 617 823 α’νῃρημένος·
645 760 756 817 ἐξοῦ
780 764 855 807 καὶ
883 763 954 808 τὸν
965 763 1150 819 Δούβιόν
1174 762 1315 819 λαβών
1342 761 1618 819 Ἀδάουλφος

169 830 415 890 ᾠκειώσατο.
441 830 463 874 ὃ
490 833 538 874 δὲ
564 833 622 890 τῷ
647 830 799 889 πρώτῳ
829 829 1004 889 δεσπότῃ
1036 828 1209 885 ἀμύνων
1235 828 1309 873 τόν
1325 829 1516 885 δεύτερον
1530 830 1618 871 διε-ι

119 897 378 954 ιοχρὴσατο.
405 900 610 940 τελευτῶν
638 899 686 939 δὲ
710 894 987 954 Ἀδάουλφος
1013 899 1264 953 προσέταττε
1291 898 1350 954 τῷ
1376 897 1469 954 ἰδίῳ
1498 895 1619 937 ‹2621-

168 965 238 1022 φῷ
265 960 498 1007 ἀποδοῦναι
526 962 603 1020 τὴν
633 963 890 1017 Πλακιδίαν,
922 963 1011 1018 καὶ,
1044 964 1125 1008 εἴτι
1165 963 1378 1017 δύναιντο,
1404 961 1481 1018 τὴν
1504 961 1619 1005 ‘Pm-

166 1031 308 1084 μαίων
335 1032 484 1086 φιλίαν
521 1025 686 1079 ἓαυτοῖς
723 1015 1094 1086 περιποιήσασθαῖ.
1151 1029 1348 1084 διάδοχος
1387 1029 1434 1070 δὲ
1477 1027 1500 1070 ὅ
1539 1023 1617 1070 τοῦ

169 1093 312 1151 §aigum
347 1091 555 1152 ἀδελφὸς,
599 1097 872 1151 Σιγγέριχος,
910 1097 1076 1154 σπουδῇ
1101 1098 1264 1149 μᾶλλον
1292 1093 1368 1136 καὶ
1394 1094 1618 1151 δυναστείᾳ

170 1156 200 1217 ἢ
227 1159 458 1219 ἀκολουθίᾳ
484 1160 559 1203 καί
583 1160 697 1219 νόμῳ
723 1163 895 1216 γίνεται.
951 1160 999 1211 ὃς
1045 1161 1099 1204 τά
1129 1177 1175 1203 τε
1217 1159 1381 1213 παιδία,
1413 1159 1442 1201 ἃ
1469 1162 1516 1202 ἑκ
1542 1160 1619 1214 τῆς

121 1229 378 1285 ι5προτέρας
402 1225 600 1282 γυναικὸς
626 1226 848 1283 ἐτύγχανεν
880 1223 1146 1286 Ἀδαοόλφῳ
1173 1226 1471 1282 γεγεννημένα,
1499 1226 1655 1284 α’νεΐ-ῙῙ)

168 1298 240 1347 λε,
275 1294 349 1351 βία
387 1295 472 1336 τῶν
511 1295 587 1336 τοῦ
614 1292 838 1336 ἐπισκόπου
880 1291 1118 1351 Σιγησάρου
1159 1294 1324 1335 κόλπων
1352 1290 1616 1343 ἀποσπάσας,

167 1361 243 1402 καί
269 1358 345 1414 τὴν
370 1360 570 1413 βασιλίδα
599 1361 843 1403 Πλακιδίαν
871 1362 932 1409 εἷς
959 1358 1084 1416 ὕβριν
1107 1355 1387 1415 ’Λδαούλφου
1417 1358 1463 1400 ἐκ
1489 1354 1618 1405 ποδὸς

168 1421 493 1481 προηγήσασθαι
530 1427 606 1468 τοῦ
632 1426 762 1468 ἵππου
800 1421 894 1480 ἅμα
922 1428 1082 1469 λοιπῶν
1124 1423 1403 1480 αἰχμαλώτων
1430 1423 1619 1472 ἐπέταξε.

169 1489 244 1534 καὶ
267 1488 314 1533 τὸ
334 1488 545 1547 διάστημα
564 1486 619 1547 ἧν
633 1493 707 1548 τῆς
734 1495 985 1548 προπομπῆς
1009 1494 1056 1544 ἐκ
1081 1493 1156 1547 τῆς
1180 1491 1336 1540 πόλεως
1372 1491 1503 1546 μέχρι
1533 1492 1619 1532 δω-

119 1554 347 1615 ῃοδεκάτου
375 1555 566 1612 σημείου.
592 1553 695 1600 ἑπτά
718 1559 764 1601 δὲ
791 1558 952 1614 ἡμέρας
977 1554 1122 1614 ἄρξας,
1149 1557 1399 1614 ἀναιρεῖται.
1451 1554 1618 1612 ἡγεμών

173 1623 222 1666 δὲ
263 1625 350 1665 τῶν
376 1624 417 1665 Γ
415 1620 554 1665 ότθων
584 1619 772 1674 Οὖαλιάς
801 1624 1070 1671 καθίσταται.

271 1686 366 1732 Ὅτι
392 1687 414 1730 ὃ
442 1686 647 1744 ἱστορικός
674 1705 780 1745 φησι
808 1688 924 1745 παρὰ
957 1691 1193 1745 Ουάλερίου
1222 1687 1334 1737 τινὸς
1361 1689 1445 1730 τῶν
1472 1685 1619 1742 §moti-

171 1770 264 1809 μων
302 1755 482 1798 α’κοῢσαι
527 1756 627 1811 περὶ
669 1751 932 1812 ἀνδριάντων
968 1752 1165 1812 ἆργυρῶν
1211 1753 1511 1808 τετελεσμένων
1555 1755 1619 1803 εἰς

1622 402 1809 439 Ηοηοκιο

173 1897 352 1932 infantem
367 1897 599 1934 vehementer
621 1903 776 1946 uterque
799 1910 928 1945 parens
952 1899 1067 1940 luxit,
1090 1903 1334 1945 argenteaque
1358 1908 1464 1944 capsa
1488 1897 1617 1932 condi-

175 1950 255 1979 tum
292 1946 394 1979 iuxta
418 1947 670 1991 Barcinonem'
691 1948 730 1980 iu
765 1947 902 1992 templo
928 1946 1086 1992 quodam
1110 1947 1345 1992 sepelierunt.
1395 1946 1618 1979 Interficitur

177 1991 310 2026 deinde
340 1997 378 2026 et
390 1991 604 2038 Adaulphus
628 1994 719 2038 ipse,
744 1992 831 2026 dum
850 2004 962 2039 equos
986 2003 1069 2026 suos
1098 1994 1138 2027 in
1162 1992 1305 2027 stabulo
1331 1992 1377 2026 de
1399 2004 1498 2027 more
1523 2003 1614 2026 con-

175 2038 397 2083 templatur,
426 2050 446 2071 a
471 2040 593 2074 Gotho
618 2040 796 2085 quodam,
831 2040 909 2073 eius
935 2039 1155 2081 domestico,
1192 2039 1307 2073 Dubii
1331 2040 1501 2080 nomine,
1529 2049 1612 2072 cum

174 2084 271 2118 hanc
294 2086 425 2119 veteris
451 2086 528 2120 odii
555 2086 763 2120 vindicandi
798 2088 1024 2121 occasionem
1046 2086 1111 2119 ille
1135 2090 1323 2131 captasset.
1372 2086 1488 2119 Huius
1512 2086 1613 2120 enim

174 2133 278 2177 prior
302 2132 492 2174 dominus,
533 2133 711 2169 Gothicae
747 2134 861 2178 partis
886 2145 967 2175 rex,
1001 2133 1120 2167 fuerat
1150 2133 1196 2166 ab
1218 2131 1412 2178 Adaulpho
1442 2143 1463 2166 e
1486 2131 1611 2166 medio

175 2178 359 2221 sublatus,
403 2179 535 2214 exinde
560 2180 723 2213 Dubium
764 2186 948 2226 receptum
981 2179 1196 2224 Adaulphus
1232 2181 1272 2213 in
1305 2190 1405 2213 suam
1431 2178 1634 2213 familiam-

175 2224 394 2260 adsciverat:
428 2228 493 2272 qui
531 2228 571 2260 in
604 2227 782 2261 ultionem
814 2227 945 2271 prioris
977 2226 1117 2260 domini
1149 2227 1304 2260 alterum
1326 2226 1449 2266 hunc,
1473 2226 1611 2260 iniecta

175 2282 286 2305 manu
320 2273 505 2313 violenta,
536 2273 693 2307 sustulit.
749 2273 910 2307 Moriens
943 2273 1153 2319 Adaulphus
1187 2274 1294 2307 fratri
1325 2283 1391 2307 suo
1424 2273 1611 2315 iniunxit,

174 2317 335 2353 Placidia
359 2324 401 2352 ut
425 2318 616 2368 [Honorio]
643 2319 873 2362 redderetur,
901 2325 1038 2365 utque,
1063 2321 1095 2354 si
1116 2331 1190 2365 quo
1208 2319 1316 2354 modo
1342 2325 1512 2366 possent,
1537 2321 1612 2353 Ro-

177 2375 305 2399 manae
336 2366 408 2400 sibi
445 2366 562 2411 gentis
599 2367 828 2400 concordiam
859 2366 1014 2414 [Gothi]
1054 2368 1337 2412 societatemque
1360 2366 1612 2400 conciliarent.

177 2411 226 2445 At
249 2411 314 2456 qui
335 2414 526 2455 successit,
547 2413 627 2448 Sari
653 2412 776 2454 frater,
804 2414 1047 2458 Singerichus‚
1070 2413 1193 2448 studio
1211 2414 1334 2459 potius
1355 2425 1397 2447 ac
1419 2414 1475 2454 vi,
1501 2423 1614 2460 quam

177 2458 403 2494 successione
435 2466 499 2494 aut
534 2460 613 2505 lege
647 2465 813 2501 creatus,
844 2460 1025 2506 Adaulphi
1049 2471 1069 2493 e
1094 2461 1214 2506 priore
1237 2461 1390 2505 coniuge
1413 2460 1550 2494 liberos
1572 2460 1614 2495 vi

178 2514 200 2538 e
225 2504 308 2537 sinu
332 2505 487 2551 Sigesari
522 2507 683 2553 episcopi
726 2507 916 2551 abreptos,
951 2506 1107 2551 occidit3
1142 2511 1251 2552 atque
1273 2508 1388 2553 ipsam
1410 2506 1612 2541 Placidiam.

178 2550 360 2594 reginam,
384 2552 423 2586 in
436 2553 620 2599 Adaulphi
643 2554 783 2588 scilicet
806 2554 1080 2596 contumeliam,
1104 2553 1257 2599 pedibus
1281 2559 1524 2599 ante'equum
1536 2564 1611 2587 una

179 2606 260 2630 cum
292 2599 420 2632 ceteris
452 2601 602 2646 captivis
634 2601 818 2635 ambulare
846 2602 985 2647 coegit,
1016 2600 1128 2647 idque
1152 2605 1230 2635 toto
1255 2601 1321 2635 illo
1346 2602 1485 2646 spati0,
1510 2600 1611 2646 quod

179 2649 236 2677 est
257 2643 304 2677 ab
328 2644 418 2679 urbe
453 2647 500 2680 a'd
523 2647 777 2683 duodecimum
810 2658 926 2694 usque
950 2647 1118 2693 lapidem.
1166 2648 1313 2694 Septem
1334 2648 1399 2681 ille
1428 2648 1506 2681 dies
1528 2657 1612 2680 cum

177 2690 411 2737 imperasset,
437 2693 676 2739 interemptus
699 2700 772 2736 est,
804 2699 842 2727 et
865 2693 1067 2729 Gothorum
1093 2695 1167 2729 dux
1186 2694 1293 2729 valia
1319 2693 1563 2729 constituitur.

269 2736 392 2772 Refert
427 2738 487 2773 hic
518 2741 692 2786 scriptor,
726 2740 870 2775 audisse
896 2753 934 2775 se
969 2753 989 2775 e
1011 2741 1156 2776 Valerio
1172 2767 1183 2783 ,
1210 2742 1408 2776 clarissimo
1434 2742 1512 2775 viro
1530 2765 1540 2781 ,
1565 2739 1612 2773 de

177 2784 358 2830 argenteis
381 2786 509 2821 statuis
534 2786 580 2822 ad
603 2787 772 2824 barbaros
799 2788 970 2824 arcendos
993 2789 1227 2835 inauguratis.
1254 2787 1369 2831 „Nam
1394 2788 1613 2829 Constantii,
