1924 3164
588 135 622 176 E
660 131 948 179 mmmm
985 135 1260 180 ms'romA.
1524 122 1600 197 39
1613 142 1633 177 1

187 233 298 279 κατὰ
324 233 378 292 δὴ
416 234 495 292 τ’ἡν
531 238 587 279 ἕω
624 234 780 291 μόνον,
822 234 1046 294 τριάκοντά
1074 254 1120 282 τε
1142 237 1346 295 χιλιάδας
1376 241 1812 295 νομισμάτωνᾼ.α.574

184 305 362 359 χρυσῶν
387 304 662 346 κατατιθέναι
693 303 939 358 “Ρωμαίους
974 303 1058 348 ἔτει
1093 303 1268 366 ἑκάστῳ.
1295 303 1493 365 ξυγήρεσε
1512 310 1560 352 δὲ
1586 308 1640 352 τὰ
1651 295 1729 330 Iud.
1744 297 1767 341 4

270 367 280 380 ,
411 370 424 383 ,
609 368 619 381 ,
684 365 698 381 e
721 369 735 384 ι
1650 343 1783 378 Iustini
1799 355 1841 378 ιο

189 370 330 411 τοιαδε
341 401 356 423 ,
382 384 420 410 ει
446 371 647 422 βασιλευς
675 385 697 410 ο
737 370 951 423 Ρωμαίων
977 371 1304 429 ἐπιψηφιῖτοιτο.
1646 389 1675 424 c

299 436 370 489 ιβ’.
414 431 504 478 Ὅτι
531 433 676 491 ἐπειδή
710 435 889 495 Τιβερίῳ
927 431 1010 492 ἤδη
1036 436 1091 479 τὰ
1116 440 1192 493 τῆς
1218 442 1428 490 πολιτείας
1455 442 1820 497 περιεκέ-ΑοῶΊδ

160 497 294 555 5χυτο
320 499 547 558 πράγματα
561 533 574 556 ,
607 500 817 559 Τραϊανός
845 518 890 545 τε
932 506 1005 546 καί
1030 508 1258 562 Ζαχαρίας
1283 506 1344 550 τιὸ
1373 511 1550 566 πρέσβει
1576 494 1777 577 ὥςῗωιρἰ

189 563 322 610 αὐτὸν
356 568 645 624 ἐγεγράφεσαν
681 565 741 623 μή
769 567 1001 623 βούλεσθαι
1028 571 1208 627 Πέρσας
1254 568 1359 630 ἄχρι
1385 576 1515 631 τριῶν
1539 576 1645 619 ἐτῶν
1664 554 1704 578 us
1724 554 1762 578 m
1793 554 1828 579 Η

187 630 455 689 ποιήσασθαι
491 632 567 683 τὰς
609 630 843 690 ξυνθήκας,
881 639 1206 693 πενταετηρίδας
1243 641 1290 682 δὲ
1332 638 1443 683 εἶναι
1467 631 1646 696 ufta-'zon

189 698 266 741 καὶ
290 700 368 741 οιῖκ
394 697 618 750 ἐπινεύσας
646 699 718 757 (οὗ
763 699 846 757 γάρ
877 701 1009 744 αὐτὸν
1035 697 1188 758 ἤρεσκε
1214 709 1486 763 μακροτέραν
1512 713 1648 750 nmen

190 767 296 807 σθαι
310 763 386 821 τῆν
413 767 686 823 ἐκεχειρίαν)
720 764 943 823 ἐσήμαινεν
969 765 1027 820 ὥς
1055 769 1214 819 αότοὺς
1230 765 1415 824 μάλιστα
1441 774 1520 826 μὲν
1545 767 1650 829 ἄχρι

136 828 269 872 ιοδύο
285 833 490 874 ἐνιαυτῶν
506 830 586 881 τοὶς
609 833 780 875 τοιάσδε
805 835 1040 888 βεβαιῶσαι
1068 835 1277 886 σπονδάς·
1332 839 1374 879 εἰ
1400 839 1448 880 δέ
1466 854 1514 893 γε
1541 837 1650 881 α’δύα

187 914 296 942 νατα
323 897 484 952 ἔχοιεν,
513 901 747 956 περαιτέρω
771 898 833 956 μή
865 896 1093 953 ἀνέξεσθαι
1119 898 1149 957 ἢ
1175 905 1372 959 τριετίας.
1428 904 1652 961 σταλείσης

189 963 244 1020 δὴ
290 959 367 1007 οὖν
397 964 488 1023 [ὥς]
518 971 605 1015 τοῖς
646 968 848 1022 πρέσβεσι
885 968 958 1024 τῆς
994 970 1165 1011 τοιᾶσδε
1194 970 1444 1026 ἐπιστολῆς,
1481 973 1556 1013 καί
1585 970 1682 1028 δὴι)

189 1031 507 1084 οἷναλεξαμένων
535 1028 615 1086 ὅ,τι
653 1032 807 1088 ἐδήλου
844 1033 890 1076 τό
928 1032 1132 1090 γράμμα,
1175 1033 1393 1090 Μεβώδου
1420 1038 1494 1079 ἐπὶ
1517 1038 1649 1096 τούτῳ

190 1092 450 1154 ἀφικομένου
483 1099 529 1141 ἐν
557 1105 642 1149 τοῖς
672 1100 792 1157 ἀμφὶ
826 1098 872 1142 τὸ
901 1100 1051 1156 Δάρας
1079 1095 1212 1157 ὁρίοις
1222 1136 1236 1156 ,
1262 1104 1574 1156 αἰσθανομένου
1602 1119 1650 1146 τε

141 1164 252 1214 ι5οὸς
291 1171 383 1214 ταῖς
417 1160 499 1221 ἤδη
542 1164 626 1207 ὖπό
671 1169 886 1222 Τραϊανοῦ
924 1166 999 1210 καὶ
1033 1169 1259 1225 Ζαχαρίου
1300 1170 1650 1223 δοκιμασθείσαις

191 1232 396 1281 σπονδαῖς
436 1228 487 1273 οὖ
531 1234 754 1288 στέργουσι
792 1231 1007 1286 “Ρωμαῖοι
1025 1267 1039 1287 ,
1072 1233 1280 1290 ἐπαφίησι
1306 1233 1382 1277 τὸν
1413 1233 1650 1292 Ταχόσδρω

189 1295 298 1339 κατὰ
325 1298 402 1352 τῆς
425 1297 656 1350 εΡωμαίων
684 1299 971 1354 ἐπικρατείας.
1026 1301 1100 1341 καί
1137 1296 1183 1349 ὃς
1211 1297 1374 1355 α’θρόον
1401 1300 1650 1357 ἐπιδραμών

190 1363 392 1418 ἐνέπρησε
418 1360 472 1404 τα
504 1359 585 1406 ὅσα
616 1362 893 1421 πλησιόχωρα
921 1367 1001 1407 τοῦ
1029 1363 1207 1421 Δᾶρας,
1237 1367 1318 1415 ἓως
1345 1365 1523 1422 ἐπείσθη
1550 1369 1652 1409 Με-

190 1427 333 1484 βοόδης
370 1429 578 1480 δέξασθαι
615 1428 694 1480 τὰς
736 1429 964 1487 τριάκοντα
988 1430 1192 1486 χιλιάδας
1219 1434 1302 1474 τῶν
1326 1423 1504 1487 χρυσαῖν
1531 1447 1653 1485 νομι-

139 1494 365 1548 2οσμάτων
405 1495 473 1537 a’v’
509 1492 601 1546 ἔτος
637 1494 712 1551 τῆς
739 1498 997 1553 τριετηρίδος
1039 1495 1157 1538 ἕνεκα
1200 1495 1371 1553 εἰρήνης
1380 1530 1394 1549 ,
1433 1498 1501 1553 ἐφ’
1544 1491 1580 1556 ᾧ
1606 1499 1653 1539 ἐν

192 1557 378 1619 τοσούτῳ
415 1559 518 1611 τούς
553 1557 765 1618 ἄρχοντας
802 1559 1007 1619 ἑκατέρας
1035 1561 1248 1611 πολιτείοις
1274 1564 1335 1611 εἷς
1362 1565 1407 1605 ἓν
1433 1562 1654 1614 ξυνιόντας

191 1624 511 1681 βουλεύσασθαι
538 1623 653 1677 ὅπως
681 1625 734 1683 δὴ
763 1626 819 1670 τὰ
849 1624 961 1670 ὅπλα
989 1629 1260 1670 καταθέσθαι
1287 1629 1452 1677 τελέως.
1478 1629 1655 1687 προνοίᾳ

194 1692 243 1733 δὲ
271 1690 322 1747 δή
351 1707 434 1733 τινι
460 1689 769 1747 στοχαζόμενος
784 1694 871 1735 *τοῦ
899 1697 1189 1746 συνοίσοντος,
1218 1691 1271 1735 τὰ
1297 1691 1440 1736 τοιάδε
1467 1696 1654 1737 ἐπετέλει

197 1754 220 1797 ὅ
238 1759 430 1813 Καῖσαρ
459 1757 663 1810 ἠπίστατο
690 1756 787 1815 γάρ,
815 1759 876 1808 ὥς
903 1754 1008 1815 ἄχρι
1031 1761 1235 1802 ἐνιαυτῶν
1260 1760 1391 1816 τριῶν
1418 1760 1654 1813 α’ποχρῶσα

286 1825 320 1858 6.
345 1824 620 1870 ἰγεγραφείτην
642 1824 719 1859 Par.
816 1838 867 1862 12.
894 1826 945 1865 ὥς
967 1828 1071 1862 uncis
1096 1826 1323 1861 inclusimus.
1437 1827 1488 1872 ¹4·
1515 1827 1655 1860 αἰσθα-

287 1873 474 1918 νομένους
494 1872 592 1917 vulg.
1554 1885 1556 1887 -

197 1938 288 1974 quas
322 1930 519 1976 quotannis
551 1929 703 1964 Romani
738 1930 892 1974 triginta
923 1929 1040 1963 millia
1071 1940 1266 1963 aureorum
1300 1928 1525 1973 penderent3
1558 1938 1653 1975 quae

196 1981 303 2022 pacta
327 1981 450 2010 tamen
482 1987 557 2010 non
587 1975 661 2010 alia
695 1977 931 2019 conditione,
965 1976 1043 2010 nisi
1079 1987 1121 2010 ea
1152 1978 1354 2022 Imperator
1385 1974 1556 2020 suffragio
1587 1985 1654 2008 suo

199 2023 492 2068 comprobasset,
532 2028 608 2056 rata
634 2025 764 2057 forent.

298 2081 349 2104 ια.
399 2071 447 2104 Ut
468 2069 639 2104 Tiberius
666 2069 898 2115 negotiorum
927 2068 1283 2103 administrationem
1314 2068 1492 2112 suscepit,
1529 2067 1657 2100 Traia-

199 2127 269 2154 nus
298 2122 336 2151 et
358 2117 544 2151 Zacharias
569 2118 680 2163 legati
704 2116 750 2150 ad
786 2126 870 2150 eum
902 2116 1186 2160 rescripserunt,
1219 2116 1342 2150 Persas
1372 2115 1473 2147 noue
1506 2112 1552 2147 ad
1583 2117 1656 2146 tres

200 2174 333 2205 annos,
373 2163 438 2198 sed
463 2163 509 2197 ad
535 2165 700 2211 quinque
725 2163 890 2198 inducias
914 2163 1060 2207 pacisci.
1122 2162 1227 2207 Quae
1252 2173 1333 2194 eum
1356 2173 1431 2195 non
1456 2160 1658 2206 approbas-

201 2216 278 2251 set,
312 2211 396 2254 (nec
420 2211 518 2245 enim
548 2212 583 2245 ei
611 2212 651 2244 in
683 2214 758 2245 tam
779 2211 928 2254 longum
954 2215 1097 2254 tempus
1122 2209 1287 2243 inducias
1313 2208 1432 2241 faeere
1456 2207 1656 2252 placebat‚)

203 2257 402 2299 mandavit,
438 2263 480 2291 ut
503 2259 543 2292 in
572 2257 663 2291 duos
687 2268 802 2292 annos
830 2258 1115 2302 paciscerentur,
1134 2257 1165 2289 si
1200 2264 1276 2290 non
1300 2254 1469 2289 obtinere
1494 2258 1656 2298 possent,

201 2303 298 2337 nihil
321 2304 368 2338 ad
390 2310 462 2338 tres
487 2315 600 2338 annos
626 2305 836 2339 adiicerent.
884 2303 995 2337 Missa
1019 2308 1075 2336 est
1097 2303 1209 2347 igitur
1232 2301 1322 2336 haec
1343 2301 1390 2336 a'd
1414 2301 1551 2345 legatos
1576 2299 1657 2345 epi-

203 2350 320 2391 stola,
345 2356 382 2384 et
409 2363 488 2384 cum
515 2363 582 2393 ea,
609 2363 702 2399 quae
728 2350 961 2391 continebat,
987 2349 1184 2394 legissent,
1207 2348 1406 2389 Mebodes,
1435 2347 1499 2393 qui
1524 2345 1571 2379 ad
1593 2357 1655 2380 re—

203 2407 376 2441 sponsum
402 2397 654 2443 accipiendum
678 2398 725 2431 ad
748 2398 838 2431 fines
871 2395 986 2432 Da‘ras
1019 2400 1190 2437 venerat,
1223 2396 1310 2430 satis
1337 2394 1546 2434 intellexit,
1585 2395 1656 2426 Ro·-

203 2454 327 2477 manos
356 2445 537 2485 inducias,
553 2456 643 2492 quas
669 2444 848 2480 Traianus
874 2449 911 2478 et
934 2441 1117 2477 Zacharias
1142 2442 1316 2484 fecerant,
1340 2453 1416 2476 non
1438 2440 1651 2486 approbare.

204 2490 334 2535 Itaque
363 2491 658 2527 Tachosdronem
691 2491 868 2531 immisit,
906 2490 970 2536 qui
995 2494 1108 2524 terras
1137 2489 1288 2523 ditionis
1319 2489 1562 2522 Romanorum
1592 2498 1654 2519 su-

205 2535 288 2570 bito
316 2535 470 2580 invasit,
505 2544 543 2573 et
569 2539 775 2585 propinqua
799 2539 877 2573 loca
905 2538 1020 2571 Daras
1052 2537 1135 2582 igne
1158 2536 1322 2571 vastavit.
1382 2533 1454 2568 Sed
1477 2533 1548 2567 fide
1573 2533 1653 2564 Me-

206 2582 296 2617 bodi
321 2583 432 2626 data,
478 2585 535 2619 ini
568 2592 796 2620 numeratum
833 2584 879 2617 iri
910 2584 1106 2631 quotannis
1140 2595 1207 2629 per
1243 2587 1317 2616 tres
1357 2591 1469 2615 annos
1503 2580 1653 2634 triginta

208 2631 325 2664 millia
349 2643 537 2666 aureorum
563 2644 626 2677 pro
658 2633 838 2671 induciis,
863 2636 1038 2664 statutum
1063 2636 1129 2671 est,
1144 2635 1186 2664 ut
1213 2630 1354 2663 interea
1377 2627 1560 2673 principes
1583 2636 1654 2658 vul

209 2678 399 2724 utriusque
427 2679 527 2725 regni
551 2680 590 2712 in
617 2691 728 2713 unum
758 2678 1018 2717 convenirent,
1052 2683 1091 2711 et
1113 2676 1235 2724 aliqua
1259 2677 1400 2709 ratione
1426 2676 1561 2707 firmam
1587 2682 1654 2716 pn·

209 2734 286 2760 cem
309 2725 580 2761 constituerent.
629 2726 672 2761 Id
698 2726 788 2760 utile
814 2725 887 2760 suis
914 2725 1116 2760 rationibus
1146 2724 1224 2760 fore
1250 2723 1379 2758 caesar
1409 2717 1652 2761 existimabat,
