1924 3164
348 183 462 239 530
719 195 938 240 nmmcl
986 194 1193 239 vALsssn
1215 238 1217 241 .
1239 195 1421 238 NOTAE

346 319 448 359 quos
477 302 717 343 Aurelianus
754 315 845 339 cum
874 299 1032 354 Scythis
1060 314 1082 338 a
1110 314 1152 339 se
1180 300 1306 339 victos
1344 314 1430 339 esse
1477 301 1685 354 gloriatur,
1714 301 1788 342 ob—

347 374 510 399 scurum
538 365 611 396 est.
671 355 896 394 Chabiones
935 355 1095 407 quidem
1134 369 1203 392 seu
1233 354 1459 394 Chaibones
1488 356 1528 393 in
1558 364 1689 395 vetere
1717 371 1789 409 pa-

346 415 534 467 negyrico
563 418 859 449 memorantur:
892 410 960 448 sed
988 423 1039 448 an
1070 409 1191 448 iidem
1207 409 1286 447 sint
1312 424 1404 448 cum
1432 408 1495 448 his
1510 410 1789 464 DexippiGal-

346 468 558 515 bionibus‚
589 465 656 503 alii
682 465 870 503 viderint.
931 463 1059 502 Paulo
1087 470 1175 516 post
1203 462 1313 528 lege:
1348 462 1468 513 ἡμεῖς
1495 463 1541 502 δὲ
1569 464 1640 503 ἐπὶ
1679 469 1786 512 ταῖς.

460 522 564 572 Pag.
582 534 596 558 1
610 534 622 558 1
635 548 645 558 .
661 519 707 557 C.
728 518 816 572 [18,
833 533 878 557 21
891 517 923 571 .]
944 514 1187 568 ἐπείληπται
1208 531 1287 570 γαρ
1304 516 1502 557 Ῥοδανοῦ
1513 518 1592 567 μὲν
1603 515 1701 557 εἴσω
1719 515 1794 559 καὶ

347 575 430 615 τῶν
457 571 668 627 ἡμετέρων
700 569 840 625 ὁρίων,
899 572 1094 611 Mendum
1123 580 1182 611 est
1210 573 1250 610 in
1281 587 1321 611 v.
1348 570 1549 611 Ῥοδανοῦ
1567 602 1577 620 ,
1610 587 1682 625 pro
1710 588 1791 626 qua

347 631 520 668 fortasse
543 623 782 679 Ἠριδανοῦ
813 627 1023 680 legendum
1056 633 1129 665 est
1190 627 1377 679 Iuthungi
1407 629 1513 665 enim
1544 627 1700 670 ltaliam
1729 630 1794 666 in·-

347 691 559 731 wiseram,
608 684 680 735 qui
710 689 797 720 tum
834 682 1015 736 undique
1043 681 1295 722 circumclusi
1323 682 1375 720 ab
1403 681 1570 721 Aurelio
1597 682 1790 722 teneban-

347 745 416 776 tur
445 738 549 778 fame
570 737 762 791 oppressi.

625 898 724 947 EX
769 899 1145 948 HISTORIA
1187 896 1516 949 EUNAPII.

1035 1000 1049 1015 Ἴ
1110 999 1124 1014 ἱ
1232 998 1240 1014 Ι
1365 999 1377 1014 5
1420 996 1430 1016 ἢ
1488 1000 1495 1013 ἱ

221 1015 257 1051 Ρ.
282 1013 350 1060 ²⁰4
461 1005 564 1058 Pag.
603 1018 667 1059 ¹9·
691 1003 738 1043 C.
771 1001 862 1057 [49‚
893 1000 958 1057 4.]
999 1017 1075 1042 ουκ
1103 1016 1333 1055 ενεγκοντες
1359 1018 1427 1043 em
1454 1018 1526 1044 τον
1551 1005 1680 1045 θεῖον.
1709 1005 1791 1046 Το-

347 1068 413 1100 tus
441 1060 507 1099 hic
537 1060 648 1099 locus
675 1061 844 1112 pessime
887 1065 1074 1111 acceptus
1103 1066 1162 1097 est
1190 1058 1242 1096 ab
1280 1060 1514 1111 Interprefe.
1570 1061 1694 1100 Verte
1715 1062 1790 1114 igi-

345 1121 438 1154 tur:
492 1115 669 1153 Tandem
692 1114 919 1168 Imperator
940 1127 1004 1152 eos
1035 1114 1206 1167 recipere
1232 1113 1416 1161 decrevit,
1448 1115 1599 1168 partim
1630 1130 1685 1153 ex
1718 1131 1789 1154 ae-

349 1170 562 1209 mulatione
605 1169 792 1207 adversus
825 1177 1017 1207 consortes
1049 1169 1231 1221 imperii,
1268 1173 1399 1214 (erant
1434 1171 1478 1207 lai
1494 1170 1646 1221 flabris
1665 1169 1761 1224 filii
1774 1199 1786 1218 ‚

346 1233 390 1262 ut
417 1225 590 1277 superius
624 1224 770 1262 dictum
807 1232 881 1270 esc,
922 1224 992 1277 qui
1010 1231 1221 1276 paternum
1256 1223 1465 1276 imperium
1504 1226 1606 1262 inter
1637 1239 1677 1262 se
1721 1238 1791 1263 ar-

347 1278 492 1316 bitratu
520 1292 587 1316 suo
615 1278 835 1316 dimiserant
867 1278 1079 1315 inconsulto
1109 1286 1254 1330 patruo
1271 1283 1312 1324 ‚)
1345 1280 1496 1331 partim
1521 1280 1655 1326 etiam,
1685 1278 1795 1333 quod

346 1334 533 1370 maxima
564 1334 712 1370 virium
754 1333 967 1370 accessione
999 1340 1178 1370 aucturus
1218 1332 1294 1370 sibi
1328 1333 1538 1386 imperium
1567 1333 1788 1382 videbatur,

347 1387 417 1424 has
441 1386 489 1425 ob
509 1401 644 1425 causas
671 1388 780 1424 iussit
807 1394 882 1424 etc.

457 1442 561 1504 Pag.
600 1454 663 1493 ¹9·
683 1442 737 1479 D.
781 1439 871 1494 ΜΕ),
908 1437 993 1492 10.]
1023 1438 1069 1477 In
1106 1437 1185 1477 fine
1226 1435 1438 1491 legendum
1478 1446 1537 1478 est
1574 1443 1789 1482 continue:

346 1497 432 1539 τοῖς
471 1508 664 1543 σωμασιν
704 1493 1022 1542 ἐκινδύνευσαν,
1064 1487 1131 1531 ὅτι
1169 1493 1394 1542 πολεμίους
1433 1492 1702 1546 διέφθειραν,
1745 1504 1791 1537 ut

346 1555 454 1588 recte
483 1549 660 1587 ediderat
681 1549 876 1587 Hemicus
907 1546 1178 1586 Commelinus
1206 1549 1248 1585 in
1276 1547 1448 1586 editione
1478 1563 1549 1586 sua
1573 1549 1762 1603 Euuapii.

458 1604 563 1655 Pag.
596 1616 662 1646 20,
691 1603 745 1641 A.
778 1603 867 1656 [50‚
899 1602 958 1655 3.]
993 1599 1040 1640 τὸ
1071 1602 1154 1641 τῶν
1183 1599 1437 1652 στρωμάτων
1477 1602 1539 1641 ἐπ’
1567 1597 1790 1657 ἀμφότερα

345 1656 638 1703 θυσανοειδές.
712 1658 903 1710 Intelligit
941 1663 1092 1709 tapetes
1131 1656 1334 1707 utrimque
1373 1656 1557 1708 villosos,
1596 1660 1665 1710 qui
1704 1674 1789 1700 uno

345 1711 472 1749 verbo
501 1710 766 1764 ἆμφιζιιαλλοι
794 1712 1006 1750 dicuntur:
1038 1711 1172 1763 qualia
1200 1717 1292 1748 sunt
1324 1711 1499 1763 stragula
1527 1726 1549 1750 e
1575 1711 1681 1761 lana,
1697 1717 1790 1768 qui-

346 1764 424 1804 bus
453 1765 574 1804 lectos
611 1767 826 1819 operimus.
902 1766 976 1803 His
1014 1771 1455 1818 opponuntur-tapetes
1489 1761 1786 1821 ἐτερόμαλλοι,

347 1820 574 1859 cuiusmodi
603 1827 696 1858 sunt
733 1821 761 1857 ii
780 1850 791 1868 ‚
829 1834 930 1873 quos
956 1820 1147 1858 Tui-eicos
1183 1826 1222 1858 ct
1248 1819 1429 1858 Persicos
1468 1834 1684 1861 vocamus:
1731 1826 1789 1863 sic

347 1875 455 1913 Gaza
486 1890 624 1914 vocem
650 1872 879 1926 θυσανώόη
933 1875 1213 1927 interpretatus
1252 1881 1309 1912 est
1345 1876 1388 1912 in
1430 1875 1697 1928 Theophrasti
1725 1878 1790 1917 hi-

347 1930 472 1968 storia
500 1930 740 1982 plantarum.
823 1929 978 1979 Quodsi
1008 1931 1097 1981 quis
1125 1943 1217 1967 cuin
1247 1929 1484 1968 Cantoclaro
1511 1930 1698 1971 maluerit
1725 1935 1789 1971 in-

346 1987 558 2036 terpretari
618 1983 794 2037 stragula
839 1985 1040 2036 utrimque
1068 1984 1267 2023 fimbriata
1285 2011 1298 2035 ,
1337 1985 1524 2037 equidem
1558 1999 1641 2024 non
1670 1987 1789 2028 valde

345 2039 594 2091 repugnabo.

457 2094 562 2146 Pag.
595 2106 661 2132 20.
687 2093 736 2132 B.
763 2092 855 2147 [50,
891 2089 976 2145 16.]
1016 2091 1163 2138 παῖδες
1191 2091 1358 2132 ἐκείνων
1401 2090 1453 2132 τοὶ
1480 2091 1675 2144 βασιλικὰ
1704 2108 1788 2136 ποι-ό

345 2142 515 2199 ράσημα
562 2144 739 2198 ἔχοντες.
807 2146 915 2185 Male
955 2146 1214 2186 Cantoclarns
1242 2148 1363 2186 vertit
1395 2149 1508 2200 signa
1541 2151 1651 2201 regia
1676 2165 1787 2203 gere-

346 2201 460 2250 bant,
490 2215 582 2240 cum
610 2204 743 2254 potius
770 2202 939 2251 insignia
969 2209 1124 2239 vertere
1145 2202 1359 2241 debuisset.
1394 2202 1439 2241 ld
1468 2205 1573 2242 enim
1601 2205 1676 2243 sibi
1695 2205 1786 2246 vult

343 2254 566 2308 Eunapius,
604 2271 748 2309 pueros
784 2255 1012 2296 Gothorum
1041 2256 1268 2308 impuberes
1296 2259 1399 2296 inter
1427 2257 1681 2310 Imperatoris
1708 2260 1785 2299 mi-

344 2309 490 2348 nistros
523 2311 742 2364 adscriptos
778 2311 923 2361 fuisse,
963 2318 1002 2349 et
1030 2310 1141 2348 cultu
1181 2312 1290 2364 regio
1319 2313 1495 2351 vestitos.
1562 2314 1661 2352 Nam
1688 2328 1784 2367 pae-

344 2363 554 2417 dagogiani
596 2367 709 2418 pueri
748 2379 927 2418 purpura
967 2365 1261 2414 induebantur,
1302 2373 1348 2404 ut
1384 2366 1500 2405 docet
1525 2368 1784 2409 Marcellinus

343 2418 386 2456 in
431 2419 550 2457 rebus
579 2420 780 2473 Procopii.
848 2421 952 2458 Sunt
1003 2421 1124 2472 igitur
1162 2415 1358 2470 βασιλικά
1399 2417 1633 2474 παράσημα
1680 2438 1782 2477 quos

344 2472 496 2511 colores
544 2478 671 2526 regios
710 2489 899 2513 vocamus
939 2474 1155 2512 vernaculo
1195 2488 1376 2512 sermone
1393 2503 1404 2525 ,
1445 2489 1547 2527 quos
1590 2478 1710 2517 etiam
1737 2480 1781 2518 in

343 2527 542 2581 regalibus
567 2529 789 2582 pedisequis
823 2542 1062 2582 magnopere
1090 2528 1194 2567 Galli
1223 2536 1477 2567 venerantur.

454 2583 559 2634 Pag.
593 2596 658 2621 20.
679 2584 731 2621 D.
765 2583 850 2637 [51,
887 2581 968 2636 17·]
1009 2578 1114 2622 ὥστε
1138 2579 1300 2634 χρυσὸν
1338 2577 1645 2637 ’ἀποδειχθῆναι
1671 2582 1778 2638 πρὸς

342 2630 392 2676 τὰ
426 2633 589 2689 Θρᾴκια
618 2635 735 2688 πάθη
763 2634 836 2689 τὴν
862 2637 1031 2676 Μυσῶν
1060 2634 1325 2688 παροιμιώδη
1353 2636 1480 2677 λείαν.
1539 2641 1687 2680 Verte:
1725 2641 1780 2680 Ut

343 2699 451 2729 vetus
485 2691 558 2728 illa
598 2690 802 2741 Mysorum
836 2691 1045 2744 praedatio
1077 2691 1291 2745 'proverbio
1332 2693 1546 2741 celebrata,
1585 2709 1669 2734 cum
1703 2696 1779 2734 hac

349 2745 542 2784 Thraciae
564 2747 781 2786 vastatione
802 2746 964 2795 collata,
1000 2760 1138 2785 aurum
1164 2759 1242 2784 esse
1271 2745 1478 2792 videretur,
1509 2749 1623 2789 Hanc
1651 2752 1778 2790 Grae·-
