1924 3164
338 162 451 231 638

389 295 411 317 a
444 282 562 318 Persis
605 282 651 316 ad
689 283 864 316 Romanos
901 287 1026 316 auctor

389 329 459 363 Th.
483 331 571 375 485,
601 331 650 373 14.

341 376 482 410 Vardus
501 403 511 418 ,
536 377 724 409 Armenius
762 375 828 409 Th.
854 375 940 420 485,
973 376 1026 411 16.

339 423 496 463 verina,
543 422 674 456 Leonis
708 432 821 462 uxor,
866 422 1026 455 Basilisci

390 480 510 509 soror,
537 469 670 513 Nepoti
704 467 801 500 favet
836 468 906 502 Me.
939 471 1025 512 237,

388 528 419 549 2.
442 515 627 560 Aedoingo
660 514 888 548 familiariter
911 516 1027 549 utitur

387 561 477 605 248,
509 572 560 596 10.
585 564 671 596 item
682 561 835 595 Patricio
856 561 1025 605 magistro

390 607 427 639 C.
456 608 548 653 475,
575 620 608 653 7.
644 619 770 654 magua
794 610 906 653 gratia
930 608 1028 653 apud

386 655 566 688 Zenonem
590 654 696 687 floret
738 655 812 692 Me.
849 666 937 699 271,
977 667 1026 689 ιι.

389 701 544 734 eundem
580 701 733 746 expellit
769 702 805 734 C.
844 701 935 745 474,
973 713 1027 746 19.

354 766 357 768 >
388 759 408 780 a
436 748 606 781 Basilisco
635 753 784 781 vexatur
810 747 891 791 475,
918 759 950 792 9.
979 760 1028 781 12.

389 794 459 826 1110
489 794 687 828 insidiatur
711 795 799 839 476,
837 806 885 839 17.
915 805 965 839 19.
992 796 1031 826 in

391 840 545 874 exilium
572 843 732 874 mittitur
756 841 848 885 476,
876 850 930 874 20.

344 886 532 929 vidicula,
577 887 742 928 Gothus,
788 886 1030 920 Sarmatarum

390 933 518 967 fraude
564 933 767 968 succumbit
825 934 880 967 Pr.
924 934 996 978 924
1024 958 1034 974 ,

344 991 506 1071 vigilans
542 1027 750 1073 (Βιγίλας),
779 1026 956 1070 interpres
993 1026 1032 1060 in

394 1074 577 1117 legatione
610 1074 771 1107 Anatolii
803 1073 848 1106 ad
880 1073 1030 1106 Attilam

390 1119 447 1155 Pr.
478 1121 560 1164 175,
587 1133 618 1166 9.
653 1122 739 1153 item
773 1119 812 1153 in
850 1119 1031 1163 legatione

389 1166 567 1200 Edcconis
607 1167 729 1200 Hunni
772 1165 819 1199 ad
851 1166 1031 1199 Theodos.

391 1212 481 1247 Mina
513 1214 593 1259 147,
624 1225 672 1258 19.
710 1225 789 1246 cum
823 1222 865 1244 eo
892 1218 929 1245 et
952 1223 1033 1244 cum

390 1259 590 1293 Maximino
623 1259 670 1292 ad
706 1261 852 1294 Attilam
883 1261 1032 1293 reverti-

392 1309 451 1337 tur
492 1309 574 1350 169,
605 1307 652 1351 14.
683 1308 759 1339 eius
786 1306 1032 1350 imprudentia

397 1360 484 1396 170,
521 1364 574 1388 20.
600 1354 729 1386 acriter
759 1353 803 1386 ab
841 1352 950 1386 Attila
976 1353 1033 1384 in-

326 1412 331 1418 ·
397 1405 561 1444 crepatur
590 1402 672 1445 178,
707 1412 738 1444 9.
769 1400 881 1433 CPlin
906 1399 1027 1432 remit-

400 1447 490 1479 titur
519 1449 579 1481 182
597 1471 605 1486 ,
636 1446 683 1490 14.
710 1448 841 1479 iterum
869 1445 914 1478 atl
938 1446 1032 1478 Atti-

391 1496 465 1528 lam
495 1493 622 1525 missus
649 1503 740 1532 210,
774 1505 826 1526 21.
876 1491 1031 1534 Chrysa-

391 1540 473 1587 phii
498 1544 535 1571 et
558 1538 734 1571 Edeconis
759 1537 904 1570 insidiis
929 1538 1032 1570 dete-

337 1596 341 1598 *
395 1587 461 1623 ctis
485 1587 523 1619 in
545 1583 689 1617 vincula
716 1585 909 1617 coniicitur
943 1596 1009 1618 212
1025 1609 1034 1625 ,

397 1635 447 1668 15.
473 1633 591 1677 pretio
619 1631 804 1676 persoluto
837 1626 1034 1663 dimittitur

393 1693 431 1716 21
473 1704 482 1718 ,
508 1681 538 1714 8-

347 1679 587 1763 Vimiliiacium
603 1749 612 1764 ‚
640 1733 721 1766 opp.
745 1721 907 1755 Moesiae
932 1722 971 1754 in
983 1720 1033 1754 ll-

393 1773 527 1817 lyric0,
551 1771 596 1804 31
610 1771 755 1810 Istrum,
780 1779 799 1799 a
818 1767 948 1800 Gothis
973 1777 1034 1799 ca-

396 1824 499 1864 ptum
535 1819 590 1850 Pr.
623 1816 711 1860 140,
739 1816 788 1849 16.
820 1825 907 1859 190,
933 1825 988 1847 21.

348 1866 514 1906 Vindex,
550 1863 623 1896 dux
661 1862 760 1895 Rom.
811 1861 878 1894 sub
915 1862 1036 1894 Marco

395 1915 496 1956 Imp„
522 1910 689 1943 barbaros
715 1913 812 1941 trans
836 1909 965 1940 Istrum
979 1917 1036 1940 re-

396 1959 503 2004 pellit
538 1958 597 1990 Pe.
637 1955 718 1999 124,
745 1967 775 1988 2.

349 2005 522 2050 Virgilius
548 2005 702 2040 citatuS‚
733 2000 843 2046 (Aen.
858 2000 916 2032 VI.
943 1999 1037 2045 854.)

397 2052 543 2085 nomine
580 2061 654 2084 11011
690 2047 815 2081 addito
859 2047 918 2080 Pe.
948 2049 1036 2086 128,

403 2099 453 2132 15.

351 2144 528 2184 visumar,
541 2153 603 2175 rex
615 2141 873 2180 Vandalorum‚
901 2149 920 2171 e
933 2142 1036 2183 gente

399 2191 638 2235 Asdingorum
677 2189 719 2221 D.
747 2189 812 2228 38,
837 2198 867 2231 7.

351 2237 577 2277 Vitalianus,
602 2236 740 2281 legatus
766 2239 802 2267 et
818 2234 1038 2277 interpres‚a

398 2285 534 2317 Baiano
581 2283 620 2315 in
665 2280 809 2315 vincula
854 2279 1036 2312 coniectus

397 2328 469 2364 Me.
496 2330 562 2364 305
584 2353 594 2369 ,
623 2339 675 2373 17.
701 2326 791 2367 385,
821 2337 872 2359 12.
901 2337 950 2369 17,

352 2376 492 2420 vitiges
527 2373 668 2409 Gothus
699 2386 719 2408 a
749 2372 951 2406 Iustiniano
982 2371 1039 2404 vi-

401 2428 477 2456 ctus
509 2421 579 2454 Me.
612 2422 696 2462 283,
728 2420 759 2464 4.

350 2469 547 2507 Vivianus,
582 2468 637 2500 vir
662 2465 798 2500 nobilis
823 2465 890 2498 sub
916 2464 1036 2497 Leone

404 2517 492 2559 Imp.
523 2513 563 2548 C.
587 2513 675 2558 473,
707 2523 757 2557 17.

354 2561 576 2600 Zabdicene,
602 2560 712 2603 regio,
739 2559 836 2592 Rom.
866 2559 948 2603 imp.
969 2557 1036 2590 sub

399 2608 548 2643 Galerio
568 2606 735 2639 adiuncta
768 2606 823 2638 Pe.
857 2606 942 2644 135,
983 2615 1032 2637 10.

354 2655 544 2699 Zabergan‚
560 2652 632 2686 dux
645 2651 853 2684 Hunnorum
867 2652 1035 2695 Con-igu-

399 2712 518 2737 rorum
539 2699 610 2734 Me.
621 2698 702 2743 344,
730 2698 779 2743 14.
799 2709 818 2730 3
834 2698 1033 2732 Iustiniano

979 183 1140 224 INDEX

1139 281 1317 316 tributum
1340 283 1478 328 accipit·
1495 283 1575 329 345,
1591 294 1620 330 7.
1637 284 1774 333 (agath.

1141 331 1234 369 301,
1258 330 1290 362 6.
1321 332 1412 370 330,
1437 331 1508 376 21.)
1539 351 1543 355 -
1573 362 1575 364 .

1093 375 1277 408 Zacharias
1292 400 1301 415 ,
1327 378 1444 422 regius
1468 377 1653 418 medicus,
1677 379 1777 424 1033.-

1140 426 1196 455 tus
1224 422 1270 455 ad
1295 422 1491 456 Chosroe'm
1526 424 1596 456 Me.
1623 426 1702 470 317,
1724 437 1775 460 12.

1141 470 1229 513 319,
1260 469 1308 513 14.
1334 471 1426 510 325,
1451 482 1505 504 20.
1532 472 1612 514 389,
1642 483 1691 505 11.
1716 473 1775 504 in-

1141 515 1264 548 ducias
1289 515 1474 560 componit
1497 517 1564 561 389
1579 541 1588 556 ‚
1619 519 1687 552 15.
1704 518 1777 551 ite·

1141 572 1219 594 rum
1243 562 1370 596 missus
1395 573 1475 595 cum
1499 563 1655 597 Traiano
1687 565 1778 609 390,

1142 619 1172 653 7.
1199 608 1291 653 407,
1326 611 1358 644 5.
1407 609 1624 653 expraefecti
1661 608 1779 654 digni-

1140 659 1215 687 tate
1240 661 1386 688 ornatur
1410 655 1508 699 409,
1537 655 1587 699 14.
1629 657 1778 691 tertium

1140 701 1269 739 missus
1298 702 1343 735 ad
1363 701 1699 746 Ηο111115113111ι417,
1715 715 1776 748 17.

1095 747 1189 788 2311,
1212 747 1377 780 Hunnica
1401 759 1486 793 gens
1519 747 1589 782 Me.
1620 749 1709 793 284,
1744 749 1777 793 4.

1095 794 1304 828 Zemarehus
1330 795 1444 836 Cilix,
1473 795 1610 839 legatus
1647 795 1778 829 Iustini

1143 840 1230 885 Imp.
1255 841 1300 874 ad
1324 842 1458 874 Turcos
1493 842 1564 874 Me.
1601 843 1689 879 300.
1726 841 1779 877 15.

1143 889 1237 927 380,
1264 897 1293 930 7.
1320 887 1386 921 Τ11.
1411 888 1504 932 485,
1528 888 1560 923 5.
1587 887 1664 920 eius
1708 889 1779 922 iter

1142 933 1215 966 Me·
1239 935 1329 974 300,
1355 946 1409 968 21.
1437 936 1523 973 380,
1555 935 1605 968 15.
1635 934 1776 979 385,9.

1142 989 1208 1025 per
1233 980 1397 1013 Alaniam
1423 981 1484 1013 301
1507 1004 1517 1020 ,
1540 991 1596 1017 20.
1618 991 1684 1025 per
1703 981 1779 1014 Da-

1143 1027 1257 1060 rinam
1283 1032 1319 1059 et
1342 1026 1515 1071 Apsiliam
1543 1027 1687 1067 302,13.
1710 1027 1779 1060 Di«

1144 1072 1313 1106 zabulum
1349 1078 1472 1106 contra
1497 1073 1616 1107 Persas
1646 1072 1782 1108 ducen-

1144 1125 1217 1153 tem
1240 1120 1432 1152 comitatur
1455 1121 1543 1160 383,
1573 1131 1624 1164 19.

1098 1165 1190 1200 Zeno
1220 1166 1323 1211 (olim
1353 1166 1618 1200 Tarasicodissa
1634 1164 1780 1212 dictus),

1145 1224 1252 1258 gener
1278 1213 1407 1246 Leonis
1435 1212 1524 1257 lmp.
1549 1212 1636 1256 473,
1663 1222 1719 1249 2ο.
1759 1223 1780 1244 a

1145 1260 1221 1293 filio
1253 1260 1338 1304 Imp.
1350 1266 1540 1292 coronatus
1564 1259 1654 1303 474,
1682 1260 1732 1299 16.
1759 1270 1780 1292 a

1145 1306 1278 1340 verina
1303 1305 1448 1339 eiieitur
1470 1305 1561 1350 474,
1592 1317 1640 1350 19.
1681 1305 1781 1337 Basi-

1144 1353 1233 1386 lisco
1269 1353 1418 1396 expulso
1452 1352 1644 1397 imperium
1679 1361 1782 1384 recu*-

1145 1405 1249 1444 perat
1293 1400 1381 1438 235,
1426 1411 1477 1435 12.
1531 1397 1708 1442 Nepotem
1741 1398 1781 1431 in

1144 1446 1335 1490 imperium
1354 1444 1476 1479 Occid.
1502 1446 1691 1478 restituere
1716 1455 1783 1477 00-

1143 1498 1251 1524 natur
1277 1493 1363 1531 236,
1391 1493 1421 1525 8.
1459 1490 1622 1523 Odoacro
1655 1491 1693 1523 in
1717 1489 1781 1523 lit·-

1144 1538 1231 1571 toris
1257 1538 1397 1582 patricii
1409 1548 1541 1570 nomen
1556 1536 1686 1569 tribuit
1700 1537 1782 1576 236,

1145 1596 1200 1618 21.
1234 1583 1434 1617 Honorichi
1454 1582 1609 1616 Vandali
1632 1583 1784 1627 legatio—

1147 1641 1230 1663 nem
1265 1631 1420 1674 benigne
1454 1630 1589 1673 excipit
1624 1629 1713 1672 240,
1747 1631 1784 1663 6.

1147 1676 1452 1715 Tlieuderichum,
1475 1675 1627 1715 Vatfil„
1651 1674 1783 1708 frustra

1147 1722 1193 1754 ad
1219 1722 1356 1755 bellum
1382 1732 1461 1754 cum
1495 1722 1556 1758 Tr.
1579 1721 1654 1754 filio
1678 1722 1784 1755 solli-

1148 1770 1235 1801 citat
1255 1768 1334 1811 241,
1365 1768 1415 1812 14.
1439 1766 1694 1800 Adamantium
1712 1769 1782 1812 leg.

1149 1814 1195 1848 ad
1220 1814 1413 1854 Theuder.,
1448 1814 1526 1846 val.
1564 1815 1633 1855 fit,
1668 1815 1784 1847 mitt-it

1150 1860 1195 1894 ad
1223 1860 1350 1894 foedus
1390 1859 1595 1893 faciendum
1623 1860 1712 1905 247,
1747 1862 1782 1898 6.

1149 1907 1301 1941 eundem
1322 1911 1404 1951 post
1427 1905 1616 1940 Sabiniani
1637 1907 1783 1941 victori-

1149 1965 1206 1987 am
1230 1960 1371 1987 revocat
1395 1955 1474 1993 258,
1501 1955 1531 1988 5.
1558 1953 1726 1986 Severum
1737 1953 1784 1986 ad

1149 2000 1411 2035 Genserichum
1444 2000 1557 2032 mittit
1601 2001 1693 2040 260,
1731 2000 1782 2043 14.

1147 2047 1279 2083 Triarii
1312 2046 1388 2078 filio
1433 2055 1554 2090 pacem
1588 2050 1623 2076 et
1655 2045 1782 2078 foedus

1149 2095 1252 2127 offert
1286 2094 1375 2133 263,
1413 2103 1442 2136 7.
1490 2091 1622 2138 quibus
1655 2092 1785 2137 spretis

1148 2140 1286 2173 bellum
1314 2144 1416 2184 parat
1441 2145 1563 2172 contra
1589 2149 1670 2171 eum
1695 2140 1784 2179 263,

1149 2199 1204 2221 21.
1248 2186 1407 2232 denique
1441 2196 1566 2230 pacem
1600 2185 1785 2230 componit

1150 2234 1237 2273 268,
1266 2243 1295 2270 1.
1337 2233 1413 2265 eius
1437 2232 1576 2277 ignavia
1614 2232 1700 2275 276,
1732 2232 1782 2265 18.

1148 2290 1275 2324 magna
1301 2277 1366 2312 sub
1395 2288 1437 2311 eo
1470 2277 1598 2311 aerarii
1630 2279 1786 2322 penuria

1151 2328 1243 2371 275,
1275 2337 1325 2360 12.
1378 2336 1462 2357 1111111
1500 2322 1642 2368 fugiens
1667 2324 1706 2357 in
1728 2334 1788 2356 ca-

1150 2373 1313 2412 stellum,
1376 2370 1691 2414 onstantinopolin
1725 2369 1785 2402 di-

1150 2424 1259 2459 ctum,
1276 2417 1520 2463 pervenisset,
1541 2417 1706 2450 vaticinii
1725 2416 1784 2450 lu-

1150 2465 1308 2499 dibrium
1332 2465 1492 2509 agnoscit
1516 2464 1606 2506 276,
1641 2475 1692 2508 19.

1103 2514 1217 2552 20110,
1244 2512 1394 2544 Zenonis
1419 2510 1508 2554 Imp.
1532 2508 1650 2550 filius,
1674 2509 1784 2542 luxu-

1149 2559 1200 2592 ria
1226 2560 1451 2591 immaturam
1475 2561 1623 2589 mortem
1635 2555 1707 2590 sibi
1720 2565 1786 2600 pa·-

1149 2611 1205 2638 rat
1227 2605 1295 2637 Ma.
1324 2612 1409 2647 277,
1435 2614 1464 2647 7.

1102 2652 1207 2692 20110,
1232 2650 1405 2697 (diversus
1430 2647 1474 2682 ab
1501 2657 1563 2690 co,
1587 2648 1784 2694 quipostea

1147 2700 1233 2743 Imp.
1277 2694 1452 2741 factu-Q).
1475 2695 1529 2728 vir
1567 2694 1785 2734 consularis,
