1924 3164
621 193 656 232 E
694 190 866 234 musci
905 189 1176 245 msToluA,
1495 173 1601 247 ι49

162 303 258 332 σοι.
310 287 403 333 τότε
430 289 481 347 δὴ
510 290 532 334 ὅ
561 293 759 345 εὐνοῦχος
787 291 898 347 ἔλεγε
934 296 992 352 τῷ
1020 291 1239 349 matjam»,
1287 293 1517 348 εἶ’δὶαβᾶς
1556 294 1600 345 ἒς
1612 300 1781 346 amc-‘448

160 354 236 410 τήν
263 355 473 412 Σκυθικὴν
500 357 641 399 ἀνέλοι
667 355 740 399 τὸν
765 358 965 414 Ἀττήλαν
996 358 1070 401 καὶ
1093 357 1472 415 παρὰ·“Ρωμαιόυς
1496 347 1794 439 ἥξειᾸΙξῖῙὲἐὼῌ

163 419 339 462 ἔσεσθαι
366 422 483 480 ming?
508 423 600 476 βίον
628 421 858 475 εὔδαιμονα
887 426 961 465 καί
985 426 1164 467 πλοῦτον
1189 425 1399 478 μέγιστον.
1451 425 1526 467 τοῦ
1554 425 1602 466 δὲ

160 483 452 540 ὖποσχομένου
481 486 554 529 καί
577 486 784 542 φήσαντος
811 487 883 530 ἐπὶ
909 490 962 545 τῇ
989 490 1135 545 πράξει
1167 492 1350 532 δεῖσθαι’
1357 488 1603 545 χρημάτων,

136 552 219 595 50v²
243 553 406 593 πολλῶν
431 552 502 606 δὲ,
533 550 640 593 οἷλλά
679 551 926 608 πεντήκοντα
955 556 1109 610 λιτρῶν
1142 558 1339 611 χρυσίου,
1367 555 1642 610 &aequom-c

163 633 246 659 νων
281 619 340 673 τῷ
379 617 452 658 ὑπ’
492 616 624 659 αὐτὸν
659 615 832 673 πλήθει,
873 616 980 660 ὥστε
1021 621 1137 677 αὐτῷ
1163 624 1326 670 τελείως
1353 621 1606 677 συνεργῆσαι

163 681 268 737 πρὸς
295 680 372 737 τὴν
400 681 602 735 ἐπίθεσιν,
633 685 706 725 καί
730 686 805 725 τοῦ
832 682 1040 738 εὐνούχου
1065 685 1111 727 τὸ
1140 687 1318 742 χρυσίον
1344 687 1607 742 παραχρῆμα

163 747 312 790 δώσειν
338 747 655 802 ὑποσχομένου,
702 746 840 803 ἔλεγεν
875 749 900 791 ὅ
934 748 1151 807 βάρβαρος
1179 754 1501 805 ἀποπέμπεσθαι
1529 752 1607 804 μὲν

164 811 292 855 αὐτὸν
319 814 628 868 ἀπαγγελοῦντα
655 815 712 871 τῷ
737 814 915 873 Ἀττήλᾳ
956 818 1054 871 περὶ
1088 818 1164 871 τῆς
1203 816 1455 873 πρεσβείας,
1500 832 1610 870 συμ-

113 879 403 931 ιοπέμπεσθαι
432 881 470 920 δ”
500 881 617 938 αὐτῷ
643 881 824 934 Βιγίλαν
848 878 925 936 τήν
963 881 1083 937 παρὰ
1110 883 1187 924 τοῦ
1223 880 1398 938 Ἀπήλα
1427 880 1499 923 ἐπὶ
1524 887 1611 930 τοῖς

164 941 350 1000 φυγάσιν
393 941 615 1000 ἀπόκρισιν
644 947 890 998 δεξάμενον.
947 948 1001 988 δι’
1029 948 1163 989 αὐτοῦ
1189 946 1272 1004 γὰρ
1303 947 1403 1003 περὶ
1427 948 1504 988 τοῦ
1532 948 1612 988 αὖ·-

162 1011 242 1050 τοῦ
266 1013 450 1065 χρυσίου
477 1010 691 1066 μηνύσειν,
723 1014 796 1053 καί
818 1008 866 1054 ὃν
899 1010 1056 1068 τρόπον
1099 1014 1219 1055 τοῦτο
1256 1013 1613 1069 ἒκπεμφθὴσεῑαι.

164 1074 457 1129 οἷπεληλυθότα
483 1075 581 1130 γὰρ,
612 1073 750 1132 ὥσπερ
780 1079 856 1118 καί
878 1076 977 1127 τούς
1005 1073 1184 1132 ἄλλους,
1212 1079 1613 1134 πολυπραγμονῆσαι

163 1139 239 1182 τὸν
264 1139 477 1195 Ἀπήλαν,
506 1141 570 1190 τίς
597 1158 642 1184 τε
670 1144 782 1200 αὐτῷ
813 1141 950 1198 δωρεὰ
980 1145 1055 1185 καί
1079 1141 1212 1185 ὁπόσα
1235 1143 1352 1199 παρὰ
1383 1144 1614 1196 εΡωμαίων

113 1207 328 1252 &affimat
365 1208 590 1262 χρήματα·
645 1205 706 1262 μή
750 1204 838 1250 οἷόν
873 1224 920 1249 τε
960 1209 1008 1250 δὲ
1047 1209 1181 1250 ταῦτα
1222 1208 1502 1264 α’ποκρὺπτειν
1538 1206 1609 1249 διὰ

159 1270 261 1321 τούς
289 1273 696 1328 συμπορευομένους.
751 1272 866 1323 ἔδοξε
895 1271 948 1327 δὴ
976 1276 1034 1330 τῷ
1061 1271 1248 1330 εὐνούχῳ
1277 1268 1327 1314 εὖ
1353 1277 1507 1327 λέγειν,
1537 1274 1610 1314 καί
1620 1281 1650 1314 D

161 1338 235 1392 τῆς
262 1335 428 1392 γνώμης
455 1337 528 1380 τὸν
555 1338 773 1394 βάρβαρον
813 1337 1123 1391 ἀποδεξάμενος
1162 1339 1402 1391 ἀποπέμπει
1426 1336 1532 1391 μετὰ
1559 1338 1607 1379 τὸ

161 1403 344 1457 δεῖπνον,
374 1404 448 1445 καί
473 1404 546 1445 ἐπὶ
571 1405 753 1457 βασιλέα
782 1403 906 1460 φέρει
933 1402 1012 1458 τήν
1036 1403 1203 1459 βουλήν.
1262 1400 1309 1452 ὃς
1334 1404 1609 1459 Μαρτιάλιον

161 1466 239 1523 τὴν
284 1468 358 1510 τοῦ
409 1470 642 1524 μαγίσι-ρον
699 1470 894 1512 διέποντα
939 1467 1078 1526 α’ρχὴν
1124 1468 1629 1526 προσμεταπεμψάμενος·

109 1531 274 1587 αοέλεγε
298 1532 375 1582 τὰς
401 1533 509 1590 πρὸς
534 1533 606 1576 τὸν
633 1535 859 1590 βάρβαρον
886 1532 1115 1590 συνθήκας.
1171 1533 1329 1592 α’νάγκῃ
1355 1535 1403 1575 δὲ
1430 1531 1611 1589 ἐθάρρει

161 1596 208 1641 τὸ
234 1600 310 1653 τῆς
338 1600 494 1654 ἀρχῆς·
548 1602 694 1642 πασῶν
739 1599 823 1656 γὰρ
868 1601 951 1642 τῶν
989 1602 1195 1654 βασιλέως
1228 1601 1393 1654 βουλῶν
1433 1599 1455 1640 ὅ
1483 1598 1610 1652 μαγι-

160 1678 286 1720 στρος
311 1664 534 1718 κοινωνός“,
582 1661 650 1708 οἷα
680 1663 731 1720 δὴ
770 1665 851 1706 τῶν
887 1680 932 1708 τε
962 1664 1279 1720 α’γγελιαφόρων
1305 1666 1376 1706 καί
1401 1661 1611 1720 ἑρμηνέων

254 1747 287 1782 5.
312 1746 469 1781 πολλῶν
493 1748 551 1789 Η.,
575 1748 699 1794 πολλῷ
725 1748 822 1793 vulg.
888 1760 923 1782 ιι
959 1745 1163 1793 δεξόμενον
1189 1749 1282 1781 coni.
1308 1748 1346 1780 B.
1416 1749 1467 1782 13.
1493 1747 1608 1779 πολυ-

254 1793 550 1840 πραγμονήσειν
574 1796 666 1828 coni.
686 1796 722 1827 B.
790 1806 844 1831 20.
868 1793 1030 1841 ἐθάῤῥει
1050 1786 1091 1831 τὸ
1117 1795 1168 1836 Β.,
1195 1793 1396 1842 ἑθαᾷρεἴτο
1427 1795 1490 1836 τῆς
1514 1793 1611 1837 vulg,

255 1850 311 1872 22.
354 1841 415 1872 οἱα
439 1840 497 1881 Β.,
523 1837 588 1873 διὰ
613 1842 706 1884 vulg.

161 1901 278 1935 thiam
305 1901 450 1935 rediens
494 1902 646 1937 Attilam
672 1905 879 1945 sustulerit,
919 1909 956 1938 et
991 1904 1234 1938 Romanorum
1258 1903 1424 1948 partibus
1448 1911 1613 1935 accesse-

163 1949 232 1989 rit,
263 1949 374 1981 vitam
401 1950 441 1982 iu
466 1952 602 1994 maguis
638 1950 770 1995 opibus
804 1950 912 1984 beate
944 1950 1204 1983 traducturum.
1253 1948 1432 1983 Eunucho
1463 1948 1610 1981 Edecon

161 2005 328 2028 assensus
355 2000 418 2028 est.
468 1996 523 2029 Ad
553 1996 647 2029 hauc
678 2007 754 2030 rem
792 1995 1031 2040 peragendam
1078 2007 1168 2040 opus
1201 2007 1280 2029 esse
1313 1996 1504 2040 pecuniis,
1534 2005 1610 2026 non

162 2040 312 2086 quidem
338 2042 480 2083 multis,
509 2042 574 2076 sed
599 2044 864 2089 quinquaginta
889 2043 967 2075 auri
992 2042 1110 2082 libris,
1135 2054 1223 2088 quas
1248 2042 1449 2082 militibus,
1475 2041 1609 2086 quibus

161 2094 367 2132 praeesset,
392 2090 456 2133 qui
481 2089 552 2122 sibi
577 2089 622 2122 ad
647 2101 721 2122 rem
745 2090 895 2133 impigre
934 2088 1203 2132 exsequendam
1233 2089 1444 2121 adiumento
1471 2093 1611 2127 essent,

163 2133 354 2168 divideret.
405 2134 492 2168 Cum
518 2135 725 2176 eunuchus,
758 2136 858 2168 nulla
883 2145 981 2167 mora
1007 2135 1250 2178 interposita,
1278 2134 1363 2167 dare
1390 2134 1520 2175 vellet,
1549 2134 1611 2167 di-

161 2181 218 2213 xit
239 2181 415 2214 barbarus
430 2207 440 2222 ,
468 2194 505 2216 se
529 2184 631 2226 prius
656 2182 702 2214 ad
724 2181 1001 2215 renuntiandam
1025 2180 1240 2225 legationem
1265 2182 1401 2215 dimitti
1428 2187 1610 2225 oportere,

163 2232 202 2262 et
225 2239 298 2260 una
323 2238 443 2260 seeum
466 2229 635 2272 mgnum,
673 2230 738 2274 qui
761 2229 898 2261 Attilae
933 2227 978 2260 de
1002 2226 1196 2271 transfugis
1221 2238 1432 2272 responsum
1464 2228 1610 2271 accipe-

164 2277 238 2316 ret3
271 2285 337 2318 per
361 2284 444 2307 eum
471 2276 567 2308 enim
598 2286 636 2307 se
663 2276 738 2316 illi,
774 2286 846 2320 qua
874 2274 1014 2307 ratione
1039 2285 1165 2306 aurum
1191 2274 1264 2308 sibi
1287 2274 1471 2314 mitteret,
1507 2273 1609 2307 indi-

165 2325 339 2353 caturum.
388 2322 533 2355 Etenim
561 2321 714 2355 Attilam
735 2333 793 2361 se,
821 2320 1041 2365 simulatque
1065 2319 1239 2362 redierit,
1268 2324 1610 2365 percunctaturum,

164 2371 208 2399 ut
231 2367 391 2412 reliquos
415 2378 560 2409 omnes,
597 2379 690 2414 quae
716 2378 865 2400 munera
892 2367 964 2399 sibi
989 2371 1026 2400 et
1050 2363 1206 2412 quantae
1230 2368 1408 2412 pecuniae
1432 2379 1452 2400 a
1477 2366 1610 2400 Roma-

163 2413 222 2445 nis
251 2412 348 2446 dono
373 2413 477 2448 datae
503 2416 586 2448 sint.
620 2415 748 2460 Neque
773 2414 811 2446 id
836 2413 954 2446 celare
978 2424 1043 2458 per
1067 2413 1221 2457 collegas
1247 2414 1441 2447 etoomites
1466 2413 1609 2447 licitum

163 2458 254 2492 fore.
300 2459 407 2493 visus
440 2465 495 2495 est
528 2461 696 2495 eunucho
734 2460 908 2494 barbarus
956 2465 1053 2493 recta
1086 2459 1241 2500 sentire,
1278 2466 1316 2494 et
1347 2460 1423 2493 eius
1454 2465 1509 2492 est
1533 2471 1609 2492 am-

164 2505 293 2550 plexus
326 2509 557 2541 sententiam.
606 2508 737 2553 Itaque
770 2517 812 2539 eo
853 2517 872 2537 a
908 2516 1018 2538 coena
1056 2505 1226 2546 dimisso,
1259 2507 1306 2538 ad
1352 2507 1609 2550 Imperatorem

166 2551 361 2584 consilium
384 2553 518 2587 initum
545 2552 702 2595 detulit,
741 2555 805 2599 qui
830 2552 1051 2585 Martialium
1067 2577 1076 2592 ‚
1110 2552 1272 2596 magistri
1299 2552 1501 2586 officiorum
1525 2563 1608 2584 mu-

164 2607 252 2630 nere
283 2598 517 2642 fungentem,
553 2601 599 2634 ad
636 2613 673 2633 se
708 2600 832 2633 venire
868 2599 1004 2631 iussum
1045 2597 1172 2642 docuit
1201 2595 1488 2633 'conventionem
1526 2609 1608 2631 cum

164 2643 320 2677 barbaro
341 2644 494 2680 factam:
533 2646 572 2679 id
607 2648 703 2680 enirn
731 2646 786 2678 illi
822 2643 920 2678 credi
962 2649 1005 2678 et·
1031 2645 1207 2679 committi
1244 2646 1323 2678 iure
1354 2645 1607 2688 magistratus,

169 2699 278 2734 quem
302 2691 469 2734 gerebat,
495 2703 643 2726 necesse
667 2693 750 2729 fuit,
797 2691 886 2724 Nam
912 2688 1337 2736 omhiuni³³1mperatoris
1374 2691 1609 2723 consiliorum

168 2737 337 2780 magister
363 2742 418 2772 est
440 2740 641 2784 particeps,
685 2739 752 2774 sub
778 2738 882 2772 cuius
906 2748 990 2772 cura
1023 2743 1107 2773 sunt
1152 2736 1358 2780 tabellarii,
1392 2738 1610 2784 interpretes
