1924 3164
443 183 500 224 lN
536 180 814 223 EXCERPTA
854 181 926 222 DE
965 179 1377 223 LEGATIONIBUS.
1512 162 1626 232 543

179 287 290 325 venit
306 303 320 324 ι
373 284 478 324 nulli
508 294 637 324 tamen
662 285 928 324 Romanorum
957 286 1115 334 noxius,
1149 286 1328 324 ωητίηιιο
1357 298 1531 323 reversus·
1558 294 1628 325 est.

176 341 356 389 Venerat
374 347 510 379 autem
518 339 797 379 Theodoricus
820 354 946 393 usque
965 339 1017 378 ad
1034 339 1255 393 Anaplum,
1269 339 1407 378 audita
1432 339 1626 379 seditione

180 396 394 448 Marciani,
422 403 534 434 ratus
573 394 750 434 oblatam
775 394 851 434 sibi
881 408 965 434 esse
993 396 1336 447 opportunitatem
1374 394 1486 434 urbis
1515 395 1630 434 inva-

182 450 354 490 dendae.
411 450 466 489 Et
493 464 655 489 causam
681 449 845 502 quidem
875 450 1070 490 adventus
1103 451 1164 489 sui
1193 464 1287 503 prae
1314 460 1357 489 'se
1383 450 1552 500 ferebat,
1581 457 1630 490 ut

178 506 333 544 Zenoni
361 519 478 559 opem
506 505 629 544 ferret
647 534 658 553 ‚
691 504 761 544 sed
794 518 936 544 revera
955 534 967 556 ,
1008 512 1056 543 ut
1085 504 1472 558 Constantinopolim
1509 520 1629 558 prae·-

183 559 374 608 daretur,
407 561 652 607 advenerat,
683 567 730 598 ut
757 559 942 599 Malchus
984 561 1027 598 in
1069 559 1146 599 hoc
1182 560 1271 599 loco
1309 561 1439 599 docet.
1496 561 1628 600 Porro

180 615 285 654 hanc
315 615 552 655 seditionem
584 615 783 657 Marciani
812 622 851 653 et
877 615 1089 667 Procopii,
1117 616 1186 668 qui
1216 615 1426 654 Anthemii
1453 615 1629 670 Augusti

178 670 252 709 filii
279 678 408 718 erant,
443 670 645 709 luculente
670 669 860 709 describit
890 670 1094 710 Candidus
1126 671 1286 710 Isauras
1315 672 1358 710 in
1386 670 1492 711 Bibl.
1525 671 1631 712 Pho-

177 726 239 774 tii,
270 733 310 765 et
336 726 535 778 Euagrius
563 727 606 764 in
633 723 706 764 lib.
728 725 770 764 3.

293 780 396 833 Pag.
417 780 485 835 87.
505 781 551 819 B.
584 779 703 834 [260‚
724 778 806 834 16.]
835 780 944 833 Σηευ
950 793 1037 832 ρον.
1094 780 1226 820 Huius
1254 781 1464 836 legationis
1492 782 1631 822 Severi

178 835 343 874 Patricii
356 796 431 874 gad
460 835 767 886 Genserichum,
805 849 940 888 regem
921 796 1266 884 UWandalorum
1298 839 1481 876 meminit
1508 839 1630 877 etiam

183 890 328 929 Victor
344 891 549 930 UtIcensis
578 892 621 929 in
650 889 722 930 lib.
740 889 1446 957 1.deperseeutioneWandalorum‚
1461 892 1537 931 sub
1556 893 1626 932 fin.

288 945 395 998 Pag.
410 944 478 1000 87.
496 946 550 984 D.
573 944 687 1000 [262‚
709 960 722 985 1
734 943 763 999 .]
787 943 1040 996 ζΗρακλείου
1064 945 1140 985 τοῦ
1170 947 1420 999 στρατηγοῦ.
1498 948 1631 987 Huius

180 961 382 1040 Heracliig
384 1001 567 1054 Magistii
596 1000 772 1039 militum
808 1000 981 1054 elogium
1011 1008 1138 1041 exstat
1180 1002 1288 1054 apud
1318 1002 1485 1041 Suidam
1514 1005 1554 1042 in
1583 1017 1625 1042 v.

173 1051 420 1107 Ἡράκλειος
443 1085 454 1106 ,
512 1070 558 1095 ex
601 1055 772 1095 historia
812 1055 964 1095 Malchi
1013 1055 1156 1109 procul
1192 1057 1318 1096 dnbio
1365 1057 1628 1113 descriptum.

180 1110 375 1150 Eiusdem
409 1109 583 1150 Heraclii
615 1111 798 1150 meminit
823 1112 943 1150 etiam
970 1111 1185 1165 Piiscusp
1191 1110 1288 1163 ,46.
1331 1112 1379 1150 C.

288 1164 362 1211 Εἰς
384 1162 510 1205 αὐτὸν
531 1164 734 1218 ἐτηρεῖτο,
764 1165 834 1206 88.
851 1167 898 1205 Β.
929 1166 1027 1205 Post
1054 1167 1153 1206 haec
1159 1126 1306 1207 pverba
1333 1166 1503 1207 locanda
1535 1174 1629 1207 sunt

185 1234 249 1273 ea,
281 1235 385 1274 quae
415 1220 538 1259 habes
569 1222 640 1274 95.
672 1221 720 1259 C.
737 1236 748 1260 :
779 1215 842 1260 ὅτι
866 1235 920 1275 τιιι)
945 1215 1174 1289 αιῖιιτωέτει.

294 1275 398 1338 Pag.
410 1275 478 1341 95.
495 1275 542 1314 C.
565 1274 762 1330 [259,7.]
789 1261 1074 1328 Ἀλέξανδρος
1099 1270 1198 1329 ἦγεν
1232 1273 1255 1316 ὅ
1286 1275 1362 1329 τῆς
1390 1275 1632 1330 Ἀλυαρίου

183 1326 380 1383 γυναικὸς
414 1329 647 1383 ἐπιᾘτροπος
704 1331 842 1370 Smibe
872 1345 986 1370 mco-
1003 1331 1182 1384 periculo
1241 1329 1266 1371 ὅ
1300 1332 1395 1384 τῆς
1391 1331 1633 1384 -Ὀλυβρίου,

183 1386 294 1425 Haec
322 1385 501 1424 Placidia
532 1385 789 1425 Nobilissima
818 1386 1042 1426 dicebatur.
1101 1386 1217 1425 Hanc
1245 1388 1484 1426 Gensericus
1523 1402 1633 1439 roga-

180 1447 228 1480 tu
256 1441 401 1479 Leonis
429 1440 599 1493 Augusti
628 1454 710 1479 una
738 1455 850 1479 cum
858 1441 1042 1480 Eudoxia
1073 1449 1217 1492 matie,
1247 1442 1521 1481 Valentiniani
1544 1442 1632 1482 Pla-

181 1495 263 1534 cidi
291 1495 429 1543 vidua,
466 1495 858 1549 Constantinopolim
886 1497 1124 1544 remiserat,
1156 1504 1203 1536 ut
1242 1496 1382 1536 scribit
1408 1498 1632 1552 Procopius

182 1550 227 1589 in
253 1550 328 1590 lib.
366 1565 400 1589 1.
433 1550 770 1590 Wandalicorum
793 1580 805 1601 ,
845 1558 886 1590 et
914 1552 1075 1590 Priscus
1114 1553 1156 1590 in
1197 1552 1275 1591 fine
1304 1552 1508 1591 historiae.
1568 1553 1633 1592 Dc

181 1604 412 1644 Alexandro
452 1612 586 1644 autem
615 1606 885 1646 Procuratme
914 1606 1116 1645 Placidiae
1156 1607 1338 1660 loquitur
1365 1608 1509 1647 Victor
1536 1607 1632 1646 Uti-

182 1661 308 1700 censis
335 1661 377 1698 in
405 1660 478 1699 lib.
491 1674 532 1699 2.
558 1660 608 1699 de
638 1664 915 1713 persecutione
936 1661 1248 1711 Wandalorum,
1279 1664 1349 1717 qui
1377 1662 1482 1702 hanc
1509 1662 1632 1702 histo-

180 1717 284 1754 riam
319 1714 436 1753 valde
463 1714 653 1753 illustrat.

294 1769 398 1821 Pag.
429 1770 499 1823 95.
529 1771 583 1808 D.
613 1769 731 1824 [239,
759 1770 845 1839 17.]
876 1772 1015 1833 Lege
1034 1768 1109 1818 τὰς
1134 1768 1320 1819 σπονδάς
1358 1768 1634 1821 ἐμπεδώσειν.

182 1822 238 1863 Et
281 1824 403 1877 paulo
443 1830 535 1877 post
573 1825 731 1863 scribo.
780 1840 832 1878 ην
861 1824 908 1864 δὲ
937 1824 1060 1866 τοῦτο
1095 1821 1320 1878 πρόσχημα
1342 1825 1562 1876 εὐπρεπὲς,
1592 1834 1634 1866 et

186 1878 321 1918 locum
349 1880 405 1918 sic
433 1880 707 1931 interpretor:
739 1881 798 1919 Ec
819 1881 914 1919 haec
937 1880 1094 1935 qmdem
1124 1882 1166 1918 in
1194 1882 1359 1935 speciem
1384 1880 1628 1920 dicebantur.

181 1934 291 1974 Nam
331 1948 471 1973 revera
508 1947 661 1973 omnem
705 1936 800 1973 belli
821 1937 1078 2002 suspi'czonem
1113 1934 1321 1974 PVandali
1331 1936 1631 1986 fhmzszabant

293 1989 398 2052 Pag.
409 1988 479 2043 96.
494 1988 546 2027 A.
569 1988 685 2043 [24ο,
705 1989 768 2043 5.]
811 1985 839 2042 ἢ
869 1988 926 2036 ὥς
955 1985 1006 2028 ἀν
1034 1983 1177 2035 ἄλλοις
1194 1987 1509 2040 βουλεύσαιντο.
1523 1991 1632 2030 Scri-

183 2043 236 2083 be
286 2037 421 2083 ἄλλοι.
498 2044 666 2083 Sensum
697 2044 845 2084 horum
891 2044 1109 2084 verborum
1135 2058 1219 2083 non
1248 2053 1307 2084 est
1332 2052 1536 2085 assecutus
1569 2047 1631 2085 In·

181 2106 351 2152 terpres.
410 2099 498 2138 Hoc
527 2101 635 2138 enim
661 2099 738 2138 sibi
767 2100 856 2140 vult
880 2099 1352 2149 Malchus‚Gensericum
1380 2114 1514 2153 regem
1536 2100 1633 2140 clas-

183 2168 268 2193 sem
294 2168 450 2206 semper
478 2153 529 2193 ad
560 2168 697 2193 omnes
734 2169 848 2194 casus
875 2162 1054 2207 paratam
1083 2154 1270 2194 habuisse
1286 2186 1298 2204 ‚
1330 2155 1430 2195 adeo
1457 2163 1503 2194 ut
1527 2155 1631 2195 cele-

182 2210 266 2248 rius
293 2209 460 2249 consilia
488 2223 559 2248 sua
585 2211 824 2249 exsecutioni
852 2210 1045 2249 mandaie
1072 2209 1212 2249 solitus
1241 2219 1368 2259 esset,
1411 2225 1534 2263 quam
1562 2211 1631 2251 alii

182 2264 410 2304 consultare
439 2264 583 2304 solent.

295 2319 399 2372 Pag.
412 2319 481 2374 96.
486 2319 537 2358 A.
555 2318 668 2373 [24ο,
673 2319 712 2359 8.
718 2318 737 2373 ]
758 2334 840 2360 των
857 2315 1074 2371 πριβάτων
1078 2315 1263 2384 κόμητα.
1282 2319 1380 2359 Post
1397 2320 1496 2359 haec
1505 2320 1630 2361 verba

184 2373 458 2413 locandasunt
471 2389 529 2423 ea,
545 2389 648 2427 quae
661 2374 783 2413 habes
797 2389 882 2441 pag.
897 2373 960 2412 88.
975 2375 1042 2412 C.:
1075 2367 1138 2412 ὅτι
1151 2371 1196 2412 ἐν
1212 2375 1269 2428 τῷ
1281 2373 1393 2441 αὐτῷ
1400 2370 1538 2438 >eodm
1556 2383 1631 2416 etc.

293 2429 395 2481 Pag.
410 2428 477 2469 88.
494 2406 547 2467 D.
569 2429 688 2483 [265‚
714 2429 800 2483 13]
831 2425 897 2468 ὅτι
920 2424 995 2466 τὸν
1019 2424 1129 2466 υἱὸν.
1179 2415 1357 2469 Scribe‘
1344 2414 1414 2470 ‹ib-ct
1440 2444 1536 2470 ουτε
1554 2426 1628 2470 τόν

186 2478 295 2523 υιόν.
352 2484 407 2523 Et
434 2483 556 2537 paulo
584 2491 674 2536 post
702 2485 830 2523 scribe
858 2478 1028 2535 σφόδρα
1062 2483 1387 2548 συστελλομένῳ.

297 2538 400 2592 Pag.
415 2539 484 2593 89.
499 2540 545 2578 B.
579 2538 795 2594 [264,2ο.]
822 2536 926 2591 πρὸς
947 2540 1039 2583 ταῖς
1065 2532 1215 2584 πύλαις
1244 2539 1321 2578 τοῦ
1342 2524 1436 2590 Αἴμ
1440 2553 1504 2579 ου.
1559 2539 1629 2578 Su-

187 2601 329 2631 'corum
368 2596 570 2647 angustias
599 2594 799 2647 intelligit,
831 2606 931 2651 quas
959 2591 1149 2632 describit
1176 2593 1316 2634 Amm.
1351 2595 1626 2645 Marcellinus,

186 2647 258 2686 ubi
285 2647 378 2687 vide
412 2664 514 2702 quae
544 2650 750 2687 annotavi.

299 2701 338 2741 P
337 2703 472 2758 ag..89
485 2705 532 2743 C.
540 2703 657 2758 [265,
672 2703 736 2757 2.]
770 2700 877 2757 πρὸς
892 2695 1104 2760 τῷΕυρω.
1126 2703 1392 2744 Scribendum
1411 2711 1470 2744 est
1473 2698 1624 2782 ‘'Ess9m7

187 2756 229 2796 id
258 2764 333 2810 est,
370 2758 421 2798 ad
449 2758 632 2800 Hebrum
658 2759 821 2798 flumen.
