1838 3210
255 190 278 225 ‘1
292 171 326 226 8
670 188 948 232 EXCERPTA
987 190 1022 229 E
1057 187 1286 230 nEwao

68 296 108 330 A.
120 296 158 331 C.
178 291 334 343 270021’2
353 288 555 347 ’ἀποχρῆν
580 287 800 345 ἡγούμεθα
828 288 881 344 ἢν
913 290 1094 332 ἐπάθετε
1119 291 1341 345 τιμωρίαν,
1373 289 1422 330 εἶ
1440 288 1498 344 μὴ
1527 291 1600 332 καί
1626 288 1700 332 τὸν

51 342 406 410 ΔιιΝΙ·Ῑ·”Ἰστρον
443 354 702 411 ὑπερβάντες
742 356 787 396 έν
826 351 941 411 ὅροις
978 360 1066 405 τοῖς
1105 356 1324 411 ὑμετέροις
1362 352 1439 410 τὴν
1478 351 1606 411 ὄργὴν
1643 355 1701 405 ὥς

249 420 610 478 προαδικήσαντας
638 419 752 473 ὑμᾶς
779 420 1111 476 ιῖποπλήσαιμεν.
1164 420 1346 474 πόλεμον
1367 419 1448 477 γάρ
1479 421 1550 463 ἐπὶ
1576 437 1702 464 σπον-

251 489 346 537 δαῖς
376 487 612 542 ἀκήρυκτον
640 487 712 542 ἐφ’
740 485 851 540 ἡμᾶς
877 487 1097 543 ἠγείρατε,
1146 488 1384 542 ἐγκλήματα
1429 488 1508 540 μὲν
1542 486 1600 537 ὥς
1637 489 1700 536 εἰς

166 567 170 570 ·
210 551 636 608 Βπροαδικήσανταςῆ
653 552 785 594 εἰπεῖν
825 551 900 594 οὐκ
928 551 1088 607 ἔχοντες
1106 585 1119 607 ,
1160 554 1409 606 ἐπιθυμίαις
1438 553 1485 594 δέ
1514 569 1601 594 τισι
1627 550 1726 595 καὶὸ

246 617 387 660 ἐλπίσι
426 619 751 672 κουφισθέντες,
801 615 880 660 σύν
921 613 987 668 αἷς
1026 615 1166 672 ὅμιλος
1207 617 1424 672 ἀλόγιστος
1463 618 1699 674 ἐπαίρεται,

245 685 447 738 στρατιᾶς
474 683 546 723 καὶ
571 684 755 736 πολέμου
785 683 1172 738 ἅντιλαμβάνεσθε.
1228 681 1329 726 ὅθεν
1357 685 1434 725 οὔκ
1461 681 1541 735 ἔξω
1569 698 1699 739 προσ-

245 747 387 796 δοκίας
415 741 570 802 ἄγομεν
597 747 670 789 καί
695 747 811 804 παρὰ
839 752 917 790 τοῦ
943 752 1065 791 θείου
1094 746 1268 792 ἔσεσθαι
1295 750 1397 804 ἡμῖν
1424 747 1598 805 ἀρωγοὶ,
1628 745 1697 791 οἶα

244 812 297 867 δὴ
337 813 457 866 ἡμῶν
496 813 574 866 μὲν
612 812 776 867 θεσμὸν
808 814 879 857 τὸν
921 817 994 857 ἐπὶ
1032 817 1232 865 σπονδαῖς
1273 813 1350 857 οὖκ
1389 811 1697 868 ἆτιμασάντων,

238 877 517 932 Ἰουθούγγων
551 880 598 921 δὲ
628 875 776 922 ἄδικον
808 879 909 922 ὁδόν
936 898 981 924 τε
1009 883 1080 938 ἐφ’
1106 879 1219 936 ἡμᾶς
1247 880 1458 923 ἐλθόντων
1468 914 1481 934 ,
1520 879 1595 922 καί
1622 876 1750 936 δ’ρ-ιο

158 947 196 983 V.
212 951 343 991 8κους
370 945 443 985 καί
468 945 610 987 πᾶσαν
636 947 815 995 πίστεως
840 945 1090 1002 βεβαιότητα
1118 946 1234 1003 παρὰ
1262 949 1427 1003 φαῦλον
1451 947 1699 1000 τιθεμένων.

244 1014 332 1057 τοῖς
357 1024 400 1050 τε
431 1004 489 1050 αὖ
517 1009 733 1066 φθάνουσι
761 1011 1088 1067 κατορθώμασιν
1124 1011 1170 1054 τὸ
1214 1015 1365 1065 μέλλον
1393 1009 1695 1065 λαμβάνοντες,

243 1076 319 1116 καί
351 1076 450 1130 περὶ
486 1077 571 1118 τῶν
598 1077 808 1129 ἐσομένων
850 1073 927 1118 οὖκ
956 1076 1190 1126 α’πεικότως
1217 1075 1325 1133 πρὸς
1352 1083 1436 1125 τοῖς
1464 1077 1698 1132 εἰρημένοις
1724 1132 1725 1136 ¹

211 1139 408 1196 Οχρηστά
459 1141 707 1196 δοξάζομεν.
766 1143 793 1198 ἦ
819 1146 898 1197 μὲν
936 1142 1015 1199 γὰρ
1058 1144 1121 1185 ἐπ’
1153 1144 1360 1200 εὐπραγίᾳ
1391 1141 1509 1191 ἐλπίς
1534 1139 1697 1197 θάρσος

151 1230 157 1245 x
240 1209 389 1263 φέρει,
431 1207 561 1264 φόβον
602 1210 649 1252 δὲ
675 1211 702 1265 ἦ
734 1209 807 1252 ἐπὶ
849 1211 907 1268 τῷ
958 1211 1158 1267 ἐναντίῳ.
1211 1209 1396 1266 λογισμῷ
1429 1223 1475 1250 τε
1521 1204 1747 1263 ἡγεμόνι15

239 1271 347 1328 πρὸς
373 1272 448 1323 τοὶς
476 1271 648 1330 πράξεις
672 1274 899 1331 χρώμενοι,
926 1273 1002 1324 τάς
1029 1291 1074 1316 τε
1103 1274 1227 1326 δόξας
1252 1276 1338 1316 τῶν
1362 1272 1693 1328 συμβησομένων

215 1335 317 1379 ὀὗκ
344 1339 638 1391 ἀβασανίστως
665 1343 940 1396 προσιέμεθα,
973 1341 1051 1383 κᾶν
1077 1347 1164 1390 τοῖς
1190 1341 1414 1395 παροῦσιν,
1446 1335 1515 1381 οἶα
1543 1332 1694 1393 ἄνδρες

240 1400 425 1459 ἆθληταί
449 1403 654 1455 κινδύνων
678 1408 761 1448 τῶν
790 1403 998 1461 ἀρίστων,
1042 1402 1117 1448 οὖκ
1155 1404 1470 1461 ἐκπληττόμεθα
1498 1408 1591 1452 ταῖς
1617 1405 1695 1446 τοῦ

239 1472 421 1522 πολέμου
439 1469 739 1527 χαλεπότησιν,
769 1474 813 1522 ἐξ
839 1467 899 1514 ὧν
919 1470 967 1514 τὸ
997 1471 1267 1526 ἐλπιζόμενον
1287 1472 1433 1525 κέρδος
1460 1470 1535 1511 οὐκ
1563 1469 1692 1511 ἀσθε-

238 1536 306 1584 νὲς
350 1535 424 1578 καί
464 1536 757 1594 περιττότερον
798 1540 872 1592 τῆς
909 1538 1164 1593 ἀχθηδόνος.
1219 1535 1266 1578 τὸ
1320 1534 1402 1592 γὰρ
1443 1538 1602 1591 πλῆθος
1638 1535 1744 1586 ἰἷ-αο

237 1603 329 1654 μῶν
359 1602 534 1655 σώμασί
558 1619 601 1645 τε
629 1601 780 1658 ἥκιστα
810 1605 950 1659 ἰσχύει
990 1604 1064 1646 καὶ
1092 1602 1381 1660 φρονήμασιν.
1437 1602 1691 1657 οἷπείληπται

336 1692 365 1713 ι,
391 1680 437 1722 ἢν
451 1682 509 1723 Β.,
535 1673 590 1715 ὦν
613 1682 709 1726 vulg.
852 1694 883 1717 α.
912 1681 962 1719 ὥς
975 1693 1038 1727 πρ.
1064 1681 1178 1728 uuae]
1208 1674 1262 1715 ὦν
1285 1679 1568 1727 προηδικήσατε
1590 1680 1691 1726 ἡμᾶς

332 1727 387 1760 Β..
440 1740 446 1745 ’
466 1729 496 1761 3.
525 1728 819 1774 ἀποπλήσαιμεν
841 1729 907 1768 N.,
932 1728 1244 1775 α’ποπλεύσαιμεν
1267 1729 1360 1771 vulg.
1466 1728 1496 1761 5.
1523 1725 1688 1771 προαδι-

332 1772 520 1815 κήσαντας
556 1775 616 1815 Η.,
641 1774 908 1819 προαδικνῖσαν
933 1776 1027 1821 vulg.
1172 1775 1223 1809 15.
1252 1773 1375 1819 φόβον
1398 1779 1436 1808 et
1461 1776 1510 1818 τῷ
1530 1774 1687 1818 ἐναντίῳ

331 1819 390 1863 B.‚
407 1820 529 1865 φόβου
560 1826 596 1854 ct
620 1824 690 1855 τοῦ
703 1822 877 1856 ἐναντίου
902 1822 995 1866 vulg.
1067 1832 1123 1856 αι.
1149 1821 1373 1862 ἐπείληπται
1395 1820 1490 1864 vulg.

240 1886 457 1933 dicavimus,
478 1893 550 1926 nisi
574 1898 735 1940 quoque,
759 1895 911 1927 traiecto
937 1894 1042 1934 Istro,
1066 1891 1110 1927 in'
1128 1894 1255 1926 vestris
1269 1894 1429 1938 ipsorum
1451 1892 1585 1926 finibus
1595 1892 1686 1927 iram

238 1944 396 1973 nostram
436 1940 475 1972 in
510 1951 591 1980 vos,
627 1941 691 1985 qui
722 1951 788 1973 nos
823 1942 963 1984 priores
989 1941 1125 1973 iniuria
1159 1940 1359 1980 affecistis,
1392 1938 1683 1983 explevissemus.

236 1986 377 2019 Bellum
404 1987 514 2026 enim,
540 1986 628 2019 ‹lum
657 1986 776 2019 adhuc
799 1986 927 2020 foedus
954 1993 1049 2027 erat,
1075 1987 1171 2020 ultro
1198 1992 1235 2019 et
1257 1998 1331 2020 non
1355 1985 1532 2019 indictum
1556 1985 1684 2018 adver-

238 2043 318 2065 sum
342 2043 408 2065 nos
434 2034 626 2066 excitastis.
675 2035 721 2066 Et
749 2045 849 2073 cum,
875 2033 974 2079 quod
997 2032 1103 2067 nobis
1131 2032 1364 2072 obiiceretis,
1389 2042 1463 2065 non
1485 2031 1684 2073 haberetis,

265 2079 325 2111 uia
348 2079 451 2112 vobis
475 2079 613 2113 nullam
639 2078 810 2113 iniuriam
834 2079 1032 2114 feceramus
1047 2105 1056 2122 ,
1093 2081 1132 2114 in
1156 2090 1236 2124 spes
1252 2083 1300 2112 >et:
1324 2077 1543 2122 cupiditates
1569 2090 1684 2123 quas-

238 2090 323 2157 gam
352 2126 482 2165 erecti,
520 2125 656 2170 quibus
681 2127 807 2171 vulgus
833 2126 1043 2171 imperitum
1068 2127 1236 2167 effertur,
1272 2125 1430 2159 exercitu
1456 2130 1683 2169 comparato,

238 2181 307 2204 nos
339 2171 588 2215 aggredimini.
649 2173 770 2219 Quare
804 2184 1000 2218 speramus,
1033 2174 1151 2206 Deum
1191 2172 1298 2206 nobis
1326 2171 1464 2215 auxilio
1506 2172 1680 2205 futurum.

239 2217 474 2251 sanctitatem
501 2219 597 2251 enim
622 2219 811 2254 foederum
833 2220 983 2254 minime
1008 2219 1144 2254 derisui
1169 2224 1206 2252 et
1223 2217 1387 2253 ludibrio
1410 2217 1594 2251 habemus.
1620 2219 1682 2251 Iu-

241 2263 370 2308 thungi
403 2270 526 2297 contra
573 2265 703 2311 iniqua
736 2267 878 2300 ratione
903 2278 968 2300 nos
994 2266 1230 2306 adoriuntur,
1266 2270 1303 2298 et
1347 2264 1598 2297 iusiurandum
1643 2269 1682 2298 et

239 2315 358 2344 cetera
392 2312 622 2356 quantumvis
655 2312 757 2345 firma
787 2312 873 2346 fidei
905 2313 1050 2347 vincula
1082 2323 1148 2357 pro
1166 2311 1284 2345 nihilo
1303 2310 1453 2348 ducunt.
1498 2309 1678 2357 Equidem

238 2366 283 2389 ex
308 2356 415 2390 rebus
446 2355 492 2389 ad
515 2358 737 2392 voluntatem
760 2365 919 2393 nostram
955 2359 1174 2400 fluentibus,
1207 2358 1297 2412 quid
1329 2361 1604 2391 consecuturum
1630 2359 1680 2392 sit

237 2404 497 2442 conficientes,
533 2409 683 2438 eventus
719 2416 838 2438 rerum
872 2417 947 2439 non
978 2406 1114 2452 absque
1147 2415 1224 2439 ven
1250 2403 1513 2444 similitudine,
1540 2414 1584 2437 ex
1604 2403 1679 2446 his,

237 2460 332 2494 quae
357 2455 441 2483 ante
465 2449 560 2483 dicta
585 2457 681 2492 sunt,
711 2451 826 2485 laetos
851 2453 941 2493 fore,
965 2456 1222 2499 exspectamus.
1270 2450 1415 2485 Etenim
1440 2461 1485 2483 ex
1509 2450 1678 2485 secundis

238 2495 347 2529 rebus
384 2507 465 2541 spes
504 2495 670 2530 fiduciam
705 2497 841 2538 adfert,
879 2500 1059 2534 contraria
1093 2505 1213 2533 autem
1250 2498 1430 2534 timorem.
1478 2497 1677 2531 Prudentia

239 2540 332 2575 duce
365 2542 404 2576 in
435 2541 542 2575 rebus
569 2543 866 2578 administrandis
906 2551 1075 2586 utentes,
1110 2556 1203 2591 quae
1219 2544 1383 2578 accidere
1397 2549 1574 2589 possunt,
1599 2554 1676 2577 non

238 2588 312 2622 nisi
336 2600 374 2622 re
397 2589 491 2622 bene
520 2601 716 2634 perpensa,
751 2592 925 2635 opinione
958 2592 1220 2638 praecipimus,
1246 2597 1282 2623 et
1307 2591 1345 2622 in
1370 2591 1576 2634 praesentia
1590 2595 1674 2625 tan-

239 2645 348 2679 quam
371 2636 440 2669 viri
465 2635 630 2680 gravibus
655 2637 861 2683 quibusque
885 2639 1057 2682 periculis
1087 2637 1295 2677 exercitati,
1333 2636 1423 2669 belli
1450 2636 1674 2670 difficultati-

238 2681 307 2715 bus
331 2685 405 2715 no'n
430 2686 623 2723 terremur,
659 2684 793 2729 quibus
816 2695 889 2717 nou
919 2685 1012 2719 levia
1043 2684 1241 2725 commoda,
1268 2683 1331 2717 sed
1355 2681 1541 2717 laboribus
1563 2683 1672 2728 longe

238 2729 376 2763 maiora
401 2735 664 2775 comparantur.
711 2730 801 2764 Nam
833 2731 957 2775 vulgus
992 2737 1148 2768 vestrum
1189 2740 1308 2776 neque
1349 2730 1507 2775 corporis
1547 2739 1674 2776 neque
