1924 3164
301 151 414 210 566
668 168 897 210 PHILIPPI
940 164 1132 205 LABBm
1170 163 1355 204 NOTAE

264 298 267 302 -
298 287 595 329 propugnasse:
637 269 904 310 Vei-finianum
924 275 964 306 et
995 267 1262 320 Didymium,
1294 266 1366 319 qui
1393 261 1499 319 capti
1525 279 1618 306 cum
1645 279 1746 307 uxo-

299 330 439 379 ribus,
476 329 519 366 in
548 325 771 366 custodiam
802 323 885 362 dati
925 330 964 361 et
998 323 1106 363 iussu
1131 321 1382 363 Constantini
1411 321 1610 360 interfecti
1635 329 1747 362 sunt:

299 383 574 425 Theodosium
607 388 646 420 et
674 379 916 432 Lagodium,
947 380 1032 431 qui,
1071 376 1209 415 audita
1241 375 1414 416 aliorum
1434 375 1575 430 clade,
1604 376 1671 416 hie
1709 378 1752 415 in

302 439 460 478 Italiam
475 467 486 485 ,
517 436 617 476 alter
644 437 688 474 in
723 435 934 474 Orientem
972 431 1252 486 profugerunt.
1312 430 1488 469 videndi
1516 444 1677 484 quoque
1702 432 1752 470 de

301 494 365 537 his
392 492 586 539 Orosius,
631 491 798 542 eiusque
847 491 1065 541 exscriptor
1093 486 1245 525 Paulus
1262 514 1274 537 ,
1325 499 1396 524 seu
1423 487 1512 539 quis
1547 485 1648 524 alius
1674 485 1756 525 Mi-

302 548 446 588 scellae
467 547 782 595 consarcinator,
802 542 873 582 lib.
896 545 955 582 13.
981 550 1172 589 extreme,
1187 555 1261 580 nec
1273 555 1355 580 non
1371 542 1631 590 Sozomenus,
1647 541 1756 594 apud

304 617 422 657 quem
453 616 540 654 cap.
583 614 643 639 11.
667 599 739 638 lib.
780 614 821 654 9.
853 598 1081 652 Didymus,
1120 596 1347 644 Verianus,
1380 595 1672 635 Theodosiolus
1695 603 1758 635 at·

305 672 384 711 que
402 656 604 710 Lagodius
635 655 887 709 appellantur
911 661 1087 707 quatuor
1114 651 1173 690 illi
1191 652 1361 692 Honorii
1391 651 1651 705 Imperatoris
1668 665 1757 705 pro-

306 715 464 767 pinqui.

399 767 402 769 ’
421 768 526 820 Pag.
548 781 587 820 7.
610 765 664 805 A.
682 765 800 820 [454,
827 763 909 819 14]
939 765 1161 813 Maximus,
1180 764 1260 802 eius
1262 763 1383 818 filius
1411 761 1451 815 (l.
1466 762 1682 814 famulus),
1706 762 1773 801 ad²

291 823 530 880 foederatos
559 823 733 874 corficgz't
763 822 965 860 barbaros.
1024 820 1199 874 Prosper
1231 818 1272 856 in
1294 818 1445 856 Chron.
1464 832 1476 856 τ
1504 818 1694 858 Maximo
1720 818 1763 857 in

310 878 515 933 Hispania
539 891 658 933 regno
689 878 821 916 ablato
850 877 934 915 vita
960 889 1159 923 concessa,
1189 887 1234 912 eo
1255 873 1362 928 quod
1386 873 1573 912 modestia
1603 872 1763 915 Immiti-

311 943 444 988 tasque
464 933 631 971 hominis
657 931 834 987 asfi’ctaci
860 932 1021 985 imperii
1037 930 1235 969 invidiam
1251 942 1330 970 non
1354 928 1586 967 merebatur.
1619 926 1765 981 Olym-

312 988 484 1042 piodoro
514 990 710 1028 consentit
749 986 946 1028 Orosius:
989 986 1196 1024 filaximus
1230 991 1378 1022 exutus>
1393 996 1577 1038 purpura
1603 981 1766 1022 destitu-

315 1052 449 1098 tusque
468 1057 494 1080 a
511 1043 711 1089 milicibz-cs,
733 1044 848 1080 vivus
868 1042 972 1079 inter·
990 1040 1176 1078 barbaros
1196 1040 1238 1077 in
1252 1037 1457 1092 Hispania
1482 1052 1595 1093 egens
1611 1037 1765 1076 exulat.

316 1099 434 1148 Quae
475 1097 600 1139 verba
635 1111 707 1136 suo
737 1110 850 1135 more
892 1094 1104 1148 sublegens
1134 1093 1286 1134 Paulus
1322 1093 1526 1134 Diaconus
1552 1093 1761 1145 corrupit:

316 1153 526 1192 flffaxz'mus
555 1152 699 1190 deinde
730 1165 913 1206 purpura
947 1159 1085 1192 exutus
1116 1151 1158 1187 in
1189 1149 1397 1203 Hispania
1439 1148 1608 1186 exulans
1644 1148 1761 1187 obiit.

316 1208 453 1260 Neque
480 1208 588 1246 enim
619 1207 763 1245 obiisse
795 1213 884 1245 tum
922 1205 1114 1243 dicendus
1156 1211 1214 1243 est
1243 1203 1511 1255 in-Hispania
1545 1202 1781 1250 Maximus,·

317 1265 350 1301 si
378 1262 484 1301 idem
512 1263 596 1314 ipse
621 1269 692 1312 est,
723 1261 773 1302 de
793 1275 874 1314 quo
900 1259 1022 1313 paulo
1051 1266 1143 1313 post
1175 1258 1315 1297 eodem
1345 1257 1417 1297 lib.
1445 1259 1508 1308 14.
1546 1256 1644 1296 haee
1674 1257 1783 1304 sub-³,

320 1318 405 1358 dit:
436 1317 644 1356 llffaxunus
685 1317 796 1371 apud
821 1316 1044 1370 Hispanias
1075 1316 1260 1368 factione
1296 1313 1464 1352 Ioviani
1477 1341 1489 1361 ,
1523 1313 1594 1368 qai
1619 1320 1709 1351 tunc
1729 1315 1786 1352 in'·

319 1387 363 1410 re
385 1372 555 1410 militari
576 1372 706 1410 clarus
738 1371 962 1418 habebatur,
987 1369 1238 1420 tyrannidem
1262 1369 1481 1423 assumpsit.
1541 1366 1626 1408 Nec
1651 1368 1772 1407 multo

315 1436 405 1481 post
428 1428 604 1480 separati
623 1427 795 1480 utrique,
832 1435 870 1464 et
894 1426 1002 1479 capti
1024 1425 1074 1462 ab
1098 1424 1273 1462 exercitu
1299 1423 1477 1461 Honor-ii
1490 1451 1500 1470 ‚
1524 1422 1664 1472 eidem,
1685 1436 1774 1461 cum

319 1481 432 1535 apud
454 1482 686 1519 Ravennam
713 1480 948 1521 tricennalia
983 1493 1054 1517 sua
1076 1486 1305 1533 perageret,
1330 1485 1644 1532 praesentantur.
1674 1477 1784 1515 Cer-—¹

321 1543 361 1574 te
387 1535 526 1577 eadem
561 1536 611 1574 de
638 1535 813 1573 Maximo
836 1534 1066 1573 reseruntur
1097 1547 1120 1571 a
1158 1533 1359 1586 Prospero
1395 1533 1438 1570 in
1462 1531 1647 1571 Chrom:
1679 1531 1779 1570 Ma«

323 1593 456 1632 oeimus
481 1600 671 1641 tyrannus
713 1590 762 1628 de
796 1603 914 1642 regno
957 1589 1139 1629 deiicitur
1155 1618 1165 1636 ,
1208 1603 1255 1628 ac
1292 1588 1523 1626 Ravennam
1566 1586 1776 1642 perductus

188 1657 229 1693 V,
248 1667 316 1691 202
328 1646 530 1685 sublimem
548 1645 835 1699 speculatorum
860 1658 1051 1698 pompam
1077 1643 1353 1682 tricennalibus
1377 1642 1555 1681 Honorii
1568 1642 1775 1696 praebuit,-

328 1709 367 1740 et
394 1700 666 1738 aMarcellino
681 1700 861 1737 Comite:
893 1699 944 1736 In
970 1698 1203 1736 tricennalia
1227 1697 1405 1735 IIonorii
1414 1697 1622 1735 Maximus
1639 1705 1777 1748 tyran-

325 1770 396 1795 nus
420 1764 458 1793 et
480 1754 645 1793 Iovinus
649 1755 772 1806 ser-ro
796 1755 906 1800 victi,
937 1752 1052 1804 (forte
1074 1752 1226 1804 vincti,)
1245 1752 1407 1791 adducti
1423 1751 1474 1790 de
1490 1751 1701 1806 Hispaniis
1716 1759 1781 1791 ιιι-ἰ

326 1824 399 1866 que
431 1811 628 1861 interjecti
657 1818 756 1847 sunt.
805 1816 808 1821 ‘
940 1835 943 1839 -
1035 1818 1064 1839 ·⁸‘
1784 1813 1787 1818 '

337 1867 341 1871 ’
432 1865 632 1919 Paga-2213.
647 1863 852 1918 [45416]
873 1864 946 1902 Mo
971 1866 1167 1903 untiacam
1178 1865 1261 1906 sive
1270 1863 1578 1918 BIagontiacum,
1597 1863 1664 1914 (sic
1673 1862 1781 1905 enim

328 1919 590 1974 Sylburgius,
627 1919 886 1958 Hoesehelius
913 1879 1060 1972 aliique
1091 1926 1209 1969 recte
1225 1918 1518 1970 emendandum
1542 1923 1734 1955 monuere
1749 1920 1777 1968 ,)

329 1977 489 2015 alterius
517 1973 756 2013 Germaniae
789 1975 936 2013 urbem.
979 1975 1156 2013 -Primae
1183 1976 1323 2027 utique
1360 1978 1405 2012 a'c
1431 1967 1645 2026 superioris
1661 2001 1672 2022 ,
1706 1973 1780 2023 τῆς

332 2022 416 2070 ἄνω
432 2061 442 2078 ,
477 2044 558 2070 non
580 2029 802 2082 secundae,
833 2043 952 2085 quam
979 2029 1029 2068 ad
1053 2037 1246 2071 extremas
1279 2028 1408 2068 Rheni
1433 2030 1650 2080 Mosaeque
1676 2026 1782 2079 ripas

332 2086 527 2124 iacentem
548 2080 623 2135 τὴν
643 2078 758 2123 ’κάτω
791 2081 1057 2137 Γερμανίαν,
1101 2084 1330 2123 inferiorem
1363 2083 1620 2122 Germaniam
1645 2080 1785 2120 Ptole-2

333 2154 497 2190 maeus,
527 2139 709 2178 Zosimus
756 2139 903 2192 aliique
935 2139 1171 2192 indigitant,
1212 2141 1355 2192 cuique
1388 2136 1644 2190 Metropolim
1664 2150 1781 2189 prae-

335 2195 455 2233 fuisse
486 2195 821 2247 Agrippinensem
851 2192 1060 2234 Coloniam
1091 2194 1296 2235 Ubiorum
1321 2207 1440 2232 nemo
1470 2193 1609 2231 nescit.
1671 2191 1785 2241 Quid

334 2252 366 2293 si
394 2250 553 2292 alterius
580 2250 818 2288 Germaniae
845 2251 1010 2287 nomine
1030 2248 1228 2302 Belgicam
1256 2252 1312 2287 cis
1337 2248 1522 2287 Rhe-num
1543 2247 1675 2296 sitam,
1701 2247 1785 2285 Mi·->

331 2317 549 2356 noremque
575 2304 724 2346 dictam
752 2305 1007 2343 Germaniam
1034 2304 1223 2343 denotare
1239 2303 1367 2343 voluit
1394 2303 1446 2342 ad
1467 2302 1678 2341 discrimen
1695 2302 1786 2341 Ma·-

334 2360 445 2408 ioris,
470 2359 542 2409 τῆς
566 2355 761 2411 μεγάλης,
786 2373 887 2412 quae
916 2374 938 2398 a
970 2359 1111 2398 Rheno
1141 2359 1191 2397 ad
1213 2358 1366 2398 Arcton
1386 2357 1623 2411 longissimis
1648 2357 1785 2408 spatiis

336 2414 568 2468 porl'ig'ltffl‘-
636 2414 793 2453 Urbem
818 2414 927 2452 illam
953 2429 1025 2467 per
1045 2429 1091 2452 ea
1119 2422 1300 2466 tempora
1327 2429 1350 2452 a
1372 2413 1553 2452 barbaris
1586 2416 1784 2450 vastatam

336 2467 454 2511 deflet
491 2475 649 2510 sanctus
685 2466 955 2522 Hieronymus
984 2470 1024 2511 in
1051 2468 1216 2524 epistola
1236 2469 1286 2507 ad
1313 2468 1543 2510 Gerontiam
1569 2466 1619 2505 de
1641 2479 1785 2507 mono-

337 2525 491 2577 gamia·:
523 2523 727 2578 Quidquid
748 2527 851 2563 inter
880 2524 1003 2578 Alpes
1040 2534 1079 2562 et
1097 2524 1346 2575 Pyrenaeum
1373 2531 1448 2571 est,
1485 2521 1594 2577 quod
1624 2520 1786 2560 Oceano

337 2588 376 2617 et
409 2579 542 2617 Rheno.
577 2579 790 2617 includitur
803 2608 814 2627 ,
866 2580 1025 2634 Quadus
1045 2608 1058 2628 ,
1101 2579 1332 2627 Vandalus,
1369 2577 1578 2625 Sarmata,
1626 2574 1756 2614 Alani
1769 2585 1790 2624 ,¹

342 2633 513 2686 Gipedes
528 2663 538 2678 ,
587 2633 734 2680 Eruli,
775 2633 954 2672 Saxones
969 2664 980 2682 ,
1013 2634 1311 2686 Burgundiones
1333 2663 1342 2680 ,
1388 2631 1578 2671 Alemani
1604 2639 1642 2669 et
1662 2632 1789 2673 hostes}

341 2688 548 2726 Panno-nii
578 2696 784 2726 vastarunt
801 2707 812 2726 .·
852 2690 991 2727 etenim
1012 2688 1139 2727 Assur
1153 2690 1260 2727 venit
1292 2701 1376 2726 cum
1399 2688 1492 2725 illis.
1554 2685 1785 2739 Magantia-

229 2749 327 2798 1²95
342 2757 446 2792 cum,
470 2743 610 2782 nobilis
643 2743 839 2796 quondam
860 2745 1012 2792 civitas,
1046 2753 1161 2796 capta
1183 2753 1298 2796 atque
1330 2742 1513 2783 subversa
1541 2750 1595 2784 est
1608 2771 1618 2790 ,
1649 2740 1695 2783 ’ἰη
1722 2755 1788 2779 ec*
