1924 3164
460 158 515 199 m
555 155 801 200 ncmGAs
841 156 1233 200 ormmnom.
1455 141 1565 217 577

117 257 357 309 primariam
378 259 596 314 Balgarz'ae
611 262 748 301 ¹urbem
774 277 853 301 esse
874 263 1025 301 asserit.
1084 262 1193 302 Haec
1225 260 1292 301 ille
1312 291 1326 314 ,
1371 276 1474 316 quae
1511 263 1564 305 ad

122 324 285 351 examen
306 315 532 354 revocanda
559 324 676 355 erunt
702 316 780 355 alio
802 318 844 355 in
867 331 998 369 opere.

232 367 332 420 Pag.
351 369 414 420 14.
427 369 479 408 A.
503 369 619 425 [467,
643 369 725 424 18.]
743 371 904 409 Leontio
934 370 1143 410 Placidiae
1164 380 1353 410 curatore.
1412 371 1566 412 Mirum

122 420 221 471 quid
242 421 292 460 de
321 437 418 463 cura
439 425 607 475 Palatii,
635 427 718 465 sive
748 425 799 463 de
832 423 960 463 officio
995 425 1258 477 Curopalatae
1289 426 1354 464 hic
1389 423 1430 464 in
1452 441 1566 465 men·-

121 480 205 512 tem
237 478 392 516 venerit
418 479 653 532 Interpreti‚
694 493 788 518 cum
819 477 1033 532 κουράτωρ
1067 480 1175 518 idem
1209 482 1260 519 sit
1275 509 1287 529 ,
1321 482 1390 533 qui
1417 495 1565 533 procu-

123 536 236 568 rator
264 538 303 570 et
327 532 640 584 administrator,
677 529 910 585 διοικητὴς,
931 528 1152 584 κτημάτων
1193 528 1331 586 ἆρχὴν
1364 532 1567 587 εἰληχώς,

118 585 192 635 qui
216 593 353 637 postea
377 588 621 639 λογοθὲτης,
658 594 728 626 aut
756 587 912 637 saltem,
938 595 1101 626 auctore
1131 588 1344 642 Hesychio‚
1386 603 1463 628 vox
1494 589 1566 630 illa

120 638 281 691 τροφέα
319 638 394 680 καὶ
428 637 712 695 παιδοτρόφον
743 656 1034 695 nonnunquam
1065 650 1191 681 sonet.
1249 642 1453 695 Elpidiam
1481 658 1562 683 nu·-

117 692 259 731 tricem
282 694 485 735 Placidiae
506 710 643 735 omnes
670 703 917 749 agnoscunt:
949 696 999 735 de
1017 697 1221 749 Spadusa,
1263 698 1383 736 fuerit
1416 713 1556 747 necne,

120 746 270 800 ambigi
301 757 445 801 potest.
504 751 618 789 Hanc
644 752 677 790 si
698 765 924 804 expungas,
960 750 1080 790 aliam
1111 753 1153 789 in
1188 753 1272 790 eius
1302 751 1435 792 locum
1461 754 1558 793 sub-
1572 762 1606 796 Ρ.
1638 772 1704 798 102

118 802 229 840 stitui
254 804 428 854 postulat
457 807 648 844 orationis
678 807 802 857 ipsius
829 812 1047 844 contextus.

87 863 91 867 “
229 856 331 910 Pag.
355 858 414 909 14.
435 859 481 897 B.
507 858 624 912 [468,
657 859 710 913 1.]
742 861 803 899 De
837 859 1016 899 Placidia
1046 860 1434 914 Constantinopolim
1468 876 1565 904 cum

118 908 202 948 filio
226 911 344 964 pulsa
384 927 430 952 ac
471 912 520 952 de
550 914 663 953 obitu
692 915 860 953 Honorii
882 916 985 967 Imp.
1011 929 1093 953 non
1110 914 1172 964 6.,
1205 915 1274 954 sed
1309 915 1370 955 18.
1396 917 1562 961 Calend.

116 963 384 1018 Septembris,
412 969 496 1007 sive
513 967 575 1008 15.
594 969 768 1022 Augusti
790 970 883 1008 anni
909 969 1022 1018 423„
1055 968 1339 1022 Asclepiodoto
1366 977 1405 1008 et
1434 974 1562 1011 Mari-

118 1020 239 1059 niano
261 1021 392 1071 Coss.,
419 1025 564 1076 passim
580 1037 717 1062 omnes
750 1024 969 1076 loquuntur
993 1023 1172 1062 historici
1208 1032 1247 1062 et
1277 1024 1561 1069 chronicorum

116 1072 391 1129 fastorumque
435 1079 674 1130 scriptores:
717 1078 1056 1130 quemadmodum
1100 1078 1149 1116 de
1184 1079 1414 1129 Bonifacio,
1435 1079 1564 1134 ἀνδρὶ

116 1125 286 1184 ἧρωϊκῷ
301 1160 312 1178 ,
337 1138 376 1170 et
395 1131 445 1170 de
471 1133 621 1171 Ioanne
647 1139 842 1186 tyranno,
880 1133 930 1171 de
949 1145 1029 1185 quo
1062 1140 1221 1185 praeter
1262 1134 1428 1173 Suidam
1460 1150 1558 1174 con-

116 1183 273 1222 sulendi
310 1185 599 1240 Philostorgius
615 1216 626 1233 ,
668 1188 874 1239 Socrates,
923 1187 1100 1226 Renatus
1143 1187 1373 1241 Frigeridus
1394 1218 1405 1240 ,
1437 1189 1560 1230 Sozo-

117 1249 258 1277 menus
279 1269 290 1289 ,
322 1240 542 1294 Procopius
570 1241 730 1294 aliique.

230 1293 331 1346 Pag.
369 1294 431 1334 15.
455 1296 504 1337 A.
520 1295 636 1349 [469‚
670 1294 751 1348 12.]
792 1296 1065 1335 Romanarum
1105 1296 1263 1336 aedium
1301 1298 1559 1350 magnificen-

116 1348 214 1386 tiam
229 1377 239 1394 ‚
269 1349 461 1388 Thermas
490 1350 670 1403 publicas
686 1379 697 1399 ‚
726 1351 877 1389 civium
902 1365 996 1403 opes
1022 1353 1305 1405 moeniumque
1330 1353 1441 1391 urbis
1469 1368 1556 1393 am·-

116 1401 355 1454 plitudinem
379 1406 536 1456 copiose
564 1405 760 1457 explicant
788 1406 919 1444 Iustus
951 1406 1132 1459 Lipsius,
1169 1407 1393 1445 Alexander
1418 1409 1556 1447 Dona-

114 1463 180 1495 tus
212 1457 372 1511 aliique.
417 1459 481 1497 De
508 1459 651 1498 Probis
687 1473 799 1509 vero,
832 1459 1028 1510 Olybriis„
1063 1462 1271 1510 Maximis,
1308 1461 1559 1513 Symmachis

116 1513 337 1566 ceterisque
371 1513 564 1552 eiusmodi
598 1515 801 1553 Romanae
832 1514 943 1552 urbis
971 1515 1202 1567 proceribus
1234 1516 1385 1567 priscae
1416 1518 1558 1555 inseri-

114 1566 292 1619 ptiones,
323 1581 421 1621 quas
447 1582 602 1607 summa
625 1569 828 1621 diligentia
860 1583 987 1607 unum
1020 1570 1063 1607 in
1086 1583 1229 1622 corpus
1261 1570 1412 1622 redegit
1437 1572 1558 1612 Ianus

114 1623 310 1660 Gruterus
325 1652 336 1672 ,
359 1621 477 1675 plura
502 1623 877 1672 subministrabunt3
911 1638 1003 1662 cum
1030 1626 1253 1663 coaetaneis
1276 1625 1557 1677 scriptoribus,

115 1675 298 1726 Auso-nio
315 1705 326 1727 ,
364 1677 604 1730 Symmacho
620 1708 632 1726 ,
661 1678 882 1716 Prudentio
902 1707 913 1727 ,
944 1678 1188 1727 Claudiano,
1226 1679 1398 1717 Paulino
1422 1686 1498 1718 etc.

226 1730 329 1783 Pag.
355 1731 414 1773 15.
431 1732 478 1770 C.
497 1731 611 1786 [470,
631 1733 712 1784 17.]
731 1732 948 1770 Extremas
967 1732 1111 1770 Italiae
1133 1746 1236 1770 oras·
1268 1733 1390 1782 Quid,
1421 1735 1453 1771 si
1475 1734 1558 1772 Hi-

112 1786 277 1839 spaniae
315 1785 420 1838 legas
440 1816 450 1833 ‚
489 1794 527 1824 et
568 1786 618 1824 de
658 1785 759 1823 freto
805 1785 1002 1824 Herculeo
1020 1815 1031 1835 ,
1067 1786 1253 1825 Tartesso
1296 1787 1557 1840 Gadibusque

114 1839 340 1892 intelligas?
369 1854 449 1892 quo
473 1854 590 1879 sensu
615 1839 739 1878 facilis
767 1847 855 1878 tum
885 1842 960 1878 erit
981 1847 1100 1892 atque
1123 1841 1326 1892 expeditus
1352 1854 1424 1892 per
1449 1843 1555 1880 Oce-

114 1908 238 1933 anum
262 1894 314 1932 ad
340 1895 486 1933 inferos
503 1924 513 1943 ,
539 1895 614 1933 hoc
645 1902 704 1932 est
719 1924 729 1940 ‚
764 1894 815 1932 ad
845 1894 1066 1946 Antipodas
1084 1924 1095 1942 ‚
1137 1895 1360 1936 descensus.

226 1949 329 2001 Pag.
349 1948 411 1988 15.
436 1950 479 1988 C.
501 1949 615 2002 [471‚
640 1947 698 2001 2.]
722 1948 1005 1987 Valentiniano
1041 1949 1244 1987 redditum
1271 1948 1555 1989 Constantino-

114 2003 199 2056 poli
223 2018 247 2041 a
265 2004 492 2042 Theodosio
514 2003 757 2042 Nobilissimi
785 2003 971 2050 titulum,
1009 2010 1097 2041 tum
1129 2003 1436 2042 Thessalonicae
1470 2004 1554 2043 col-

113 2057 236 2096 latam
254 2059 429 2097 Caesaris
456 2058 689 2111 dignitatem
722 2071 844 2110 opera
875 2057 1069 2108 Helionis,
1099 2059 1278 2111 magistri
1313 2057 1553 2111 officiorum,

113 2120 282 2152 exeunte
313 2127 418 2151 anno
454 2114 549 2160 [423.
582 2120 651 2151 aut
684 2113 882 2165 sequentis
907 2113 1043 2162 initio,
1076 2126 1156 2164 quo
1193 2113 1378 2164 quintum
1412 2114 1555 2165 agebat

115 2181 283 2217 annum,
308 2168 423 2206 docet
437 2167 750 2220 Olympiodorus
766 2198 778 2216 ,
807 2168 870 2205 cui
898 2166 1022 2205 ferme
1057 2167 1097 2204 in
1126 2167 1311 2205 omnibus
1340 2167 1554 2207 subscribit

114 2221 419 2275 Philostorgius.
467 2223 580 2271 Quae
599 2228 792 2274 praeeunt
807 2220 942 2271 verba,
965 2224 1020 2259 sic
1041 2220 1185 2260 clarius
1210 2228 1395 2274 poterant
1414 2222 1550 2263 reddi:

114 2275 328 2314 Submissas
356 2291 504 2331 quoque
539 2278 752 2325 exercitus,
801 2277 866 2313 cai
903 2285 1118 2328 praeerant
1153 2278 1346 2330 utriusque
1387 2277 1553 2316 militiae

114 2330 204 2369 dua·
218 2330 488 2378 Ardaburius,
505 2331 625 2385 filias
649 2333 729 2369 eius
752 2328 912 2384 Aspar,
950 2339 987 2368 et
1015 2330 1299 2369 Candidianus.
1359 2329 1552 2369 Ardabu-

115 2385 223 2423 rium
250 2393 412 2437 captum
450 2387 491 2422 in
519 2400 660 2424 manus
698 2386 858 2422 Ioannis
893 2385 1054 2436 tyranni
1093 2386 1246 2423 venisse
1263 2412 1274 2432 ‚
1315 2384 1551 2437 priusquam

116 2438 263 2491 Aspar,
303 2441 387 2478 eius
414 2440 534 2488 filius,
572 2440 623 2477 ab
647 2441 890 2491 Imperatore
930 2452 1021 2476 cum
1061 2446 1253 2490 potestate
1298 2440 1549 2489 mitteretur,

116 2493 234 2532 multi
284 2495 474 2534 referunt.
540 2494 644 2533 Vide
676 2496 779 2533 inter
814 2500 964 2531 ceteros
1012 2492 1214 2531 Socratem
1261 2493 1550 2531 Scholasticum

117 2547 209 2585 libri
237 2563 276 2600 7.
307 2563 397 2601 eap.
415 2550 480 2588 23.
501 2578 512 2598 ,
541 2549 611 2586 ubi
645 2548 694 2586 de
733 2548 922 2585 Ravenna
946 2547 1069 2585 ductu
1105 2547 1248 2600 Angeli
1274 2550 1443 2600 pastoris
1476 2548 1549 2585 ha-

116 2601 246 2639 bitum
281 2605 457 2642 ementiti
497 2603 547 2640 ab
581 2603 719 2640 eodem
750 2601 903 2653 Aspare
945 2609 1058 2654 capta
1092 2601 1251 2655 longam
1281 2603 1549 2640 narrationem

116 2657 212 2694 texit
234 2686 245 2706 ,
274 2671 394 2708 quam
420 2657 627 2696 confirmat
650 2656 914 2708 Theophanes
942 2658 982 2694 in
1011 2654 1208 2695 Chronico
1226 2688 1237 2705 ,
1274 2663 1394 2708 atque
1425 2670 1471 2693 ex
1501 2669 1548 2694 eo

119 2710 351 2751 Anastasius
374 2712 703 2750 Bibliothecarius
736 2725 826 2764 pag.
856 2711 919 2753 56.
946 2710 1127 2751 editionis
1154 2711 1310 2764 regiae,
1341 2717 1379 2749 et
1398 2709 1548 2749 Paulus

164 2786 377 2834 Dexippus,
412 2787 607 2833 Eunapius
628 2794 692 2821 etc.
1240 2786 1281 2831 37
