1924 3164
323 163 352 197 2
360 164 392 197 O
403 164 431 196 2
888 163 1168 206 EXCERPTA

130 269 301 314 A.C.448
312 265 463 316 μένου,
486 262 729 319 Ὀνηγησίου
759 260 1068 318 ὖπεξελθόντος,
1097 269 1192 323 παρ’
1224 262 1348 309 αὖτὸν
1374 261 1557 323 ἤλθομεν
1566 303 1580 324 ,
1608 271 1683 314 καὶ
1716 275 1758 314 ἐκ

122 315 560 406 Τὴέἒὲ·4“1πειρώ,ιιεθα
598 328 697 383 περὶ
735 330 819 370 τῶν
866 330 1217 384 ἐσπουδασμένων
1244 330 1493 386 μανθάνειν.
1548 334 1571 376 ὅ
1601 338 1649 379 δέ
1675 354 1759 381 τισι

260 411 292 443 D
315 393 513 449 πρότερον
539 393 774 449 βαρβάροις
803 396 1070 449 διαλεχθεὶς,
1099 400 1317 440 πυθέσθαι
1343 414 1399 452 με
1425 398 1540 455 παρὰ
1563 404 1759 456 ΖΫΙαξιμί-

313 474 387 501 νου
421 461 617 515 ἐπέτρεπε
645 461 740 501 τίνα
780 459 980 512 Ῥωμαῖοι
1019 456 1155 519 ἄνδρα
1191 465 1273 505 τῶν
1300 464 1514 507 ὑπατικῶν
1541 466 1657 523 παρὰ
1683 467 1758 511 τὸν

307 523 514 578 Ἀττήλαν
540 525 874 581 πρεσβευόμενον
902 530 1156 571 στέλλουσιν.
1183 529 1240 578 ὥς
1267 531 1314 571 δὲ
1342 529 1567 586 παρελθών
1594 533 1652 582 εἰς
1679 532 1781 589 τὴνό

313 589 465 644 σκηνήν
493 588 690 646 ἔφραζον,
720 588 826 647 ἅπερ
855 591 990 649 εἶ’ρητό
1018 609 1116 648 μοι,
1144 596 1220 637 καί
1243 592 1324 649 ὅ,τι
1342 597 1412 637 δεῖ
1431 598 1564 651 λέγειν
1590 592 1651 640 ὧν
1678 597 1763 653 χοὶ-

315 671 381 711 ριν
420 654 443 696 ὅ
481 655 697 713 βάρβαρος
729 658 849 714 ἡμῶν
891 658 1066 703 ἐπύθετο
1113 658 1204 714 ἅμα
1241 664 1298 719 τῷ
1326 664 1554 721 Μαξιμίνῳ
1584 667 1762 717 βουλευ-

312 720 490 778 σάμενος
517 725 750 779 ἐπανῆλθον
766 724 824 775 ὥς
849 723 919 768 τὸν
943 726 1190 782 Ὀνηγὴσιον,
1218 730 1360 783 λέγων,
1379 728 1435 777 ὥς
1462 728 1658 771 ἐθέλουσι
1683 732 1761 783 μὲν

306 788 510 842 Ῥωμαῖοι
550 789 680 833 αὐτὸν
712 790 828 848 παροὶ
869 793 984 848 σφᾶς
1022 791 1199 836 ἐλθόντα
1236 795 1318 836 τῶν
1361 793 1611 851 ἀμφιβόλων
1641 794 1761 837 ἕνεκα

312 856 606 910 διαλέγεσθαι,
646 859 687 899 εἰ
725 859 771 899 δὲ
807 857 957 900 τούτου
995 857 1288 916 διαμάρτοιεν,
1327 862 1557 914 ἐκπέμψειν
1583 863 1814 914 βασιλέαιο

311 918 360 962 ὃν
386 918 585 973 βούλεται
614 923 991 979 πρεσβευσάμενον.
1019 927 1092 967 καί
1119 925 1253 975 εὐθὺς
1278 928 1466 979 μετιέναι
1485 942 1539 980 με
1563 929 1634 969 τὸν
1655 930 1760 970 Μα-

310 989 470 1040 ξιμῖνον
496 988 845 1044 παρεκελεύσατο,
874 993 949 1033 καί
976 988 1134 1046 ἥκοντα
1164 990 1295 1034 αὐτὸν
1322 988 1396 1046 ἦγε
1425 990 1539 1047 παρὰ
1569 991 1639 1034 τὸν
1661 992 1758 1034 'At-
1916 981 1924 1091 ἰ

309 1054 453 1108 τήλαν.
513 1054 586 1097 καί
623 1054 776 1111 μικρὸν
815 1054 991 1112 ’ὕστερον
1018 1056 1258 1108 ὑπεξελθών
1288 1055 1311 1098 ὅ
1340 1060 1582 1110 Μαξιμῖνος
1607 1056 1757 1112 ἔλεγεν,
1786 1106 1790 1108 ἡ

310 1120 473 1163 ἐθέλειν
501 1119 572 1163 τὸν
599 1121 820 1178 βάρβαρον
847 1123 996 1176 Νόμον
1024 1119 1052 1178 ἢ
1086 1122 1329 1166 Ἀνατόλιον
1359 1119 1388 1178 ἢ
1415 1122 1628 1179 Σενοίτορα
1657 1139 1759 1178 7195-
1918 1171 1924 1183 ι

310 1186 560 1240 σβεύεσθαι·
585 1186 644 1243 μὴ
672 1187 752 1245 γὰρ
775 1186 826 1231 ἂν
853 1184 977 1231 ἄλλον
1007 1188 1120 1244 παρὰ
1145 1187 1242 1239 τούξ
1266 1191 1510 1245 εἰρημένους
1550 1190 1812 1239 δέξεσθαι.ιό
1916 1186 1924 1235 i

203 1257 241 1289 Ρ.
253 1255 380 1294 66καί
405 1251 462 1302 ὥς
490 1255 621 1295 αὐτοῦ
650 1252 1000 1309 ἆποκριναμένου,
1028 1254 1089 1310 μὴ
1129 1257 1284 1310 χρῆναι
1312 1257 1383 1297 έπί
1422 1253 1496 1310 τήν
1532 1257 1758 1310 πρεσβείαν

305 1318 404 1368 τούς
433 1314 590 1373 ἄνδρας
618 1323 826 1363 καλοῦντα
854 1319 1062 1370 ὑπόπτους
1090 1323 1296 1378 καθιστᾷν
1325 1324 1519 1374 βασιλεῖ,
1549 1322 1758 1376 εἰρηκέναι

305 1383 379 1427 τὸν
414 1385 643 1439 Ἀττήλαν,
685 1389 725 1428 εἰ
759 1385 819 1442 μὴ
856 1386 1012 1428 ἕλοιντο
1051 1392 1197 1440 ποιεῖν,
1227 1385 1254 1428 ἃ
1282 1384 1500 1439 βούλεται,
1532 1383 1672 1434 ὅπλοις
1700 1384 1752 1427 τὰ

306 1451 524 1507 ἆμφιβολα
565 1453 934 1507 διακριθήσεσθαι.
991 1452 1308 1494 ἐπανελθόντων
1355 1453 1401 1493 δὲ
1446 1451 1567 1507 ἡμῶν
1602 1453 1646 1500 ἐς
1680 1450 1756 1507 τὴν

304 1515 469 1571 σκηνήν,
500 1517 522 1559 ὅ
550 1520 627 1559 τοῦ
649 1518 847 1574 Ὀρέστου
876 1517 1015 1574 πατήρ
1047 1513 1122 1574 ἧκε
1151 1517 1293 1572 λέγων,
1322 1518 1380 1566 ὥς
1407 1513 1670 1573 ἀμφοτέρους
1701 1516 1808 1560 15-20
1919 1516 1924 1544 ¹

301 1585 388 1636 μᾶς
424 1583 629 1639 Ἀττήλας
670 1583 743 1626 έπί
780 1583 826 1627 τὸ
867 1583 1102 1639 συμπόσιον
1129 1587 1388 1638 παρακαλεῖ,
1425 1585 1680 1638 γενήσεσθαι
1708 1585 1756 1625 δὲ

304 1647 405 1691 αὐτὸ
445 1649 544 1706 περὶ
581 1647 620 1692 θ’
659 1653 730 1706 τῆς
771 1650 946 1707 ἡμέρας.
1002 1648 1060 1700 ὦς
1100 1651 1147 1692 δὲ
1183 1647 1256 1692 τόν
1296 1647 1446 1705 καιρὸν
1475 1648 1747 1705 έφυλάξαμεν

393 1763 426 1796 9.
455 1743 574 1786 αὐτόν
598 1750 640 1784 N.
656 1777 666 1793 ,
691 1747 759 1786 τὸν
781 1751 877 1797 vulg.
931 1752 981 1785 15.
1007 1749 1190 1790 δέξασθαι
1205 1750 1310 1795 ‘vulg.
1360 1761 1415 1783 20.
1442 1748 1541 1795 ἡμᾶς
1563 1749 1656 1782 coni.
1682 1749 1719 1783 B.

300 1842 463 1887 prodiit,
498 1842 544 1875 ad
568 1853 697 1887 quem,
731 1847 773 1876 ut
812 1852 856 1875 ex
881 1853 923 1876 eo
957 1842 1200 1882 disceremus,
1237 1851 1332 1887 quae
1357 1844 1502 1874 nostrae
1527 1849 1633 1873 curae
1657 1849 1753 1873 com-

301 1891 411 1922 missa
434 1890 599 1930 fuerant,
634 1891 860 1926 accessimus,
908 1889 974 1922 Ille
1006 1899 1090 1922 vero
1130 1890 1230 1932 prius
1258 1899 1339 1921 cum
1364 1887 1486 1920 nescio
1511 1886 1643 1933 quibus
1667 1885 1753 1919 bar-

300 1936 400 1969 baris
426 1936 628 1970 collocutus
643 1962 653 1978 ‚
677 1946 852 1982 quaerere
878 1946 935 1968 me
962 1945 1006 1968 ex
1029 1935 1228 1968 Maximino
1256 1934 1382 1975 iussit,
1408 1944 1516 1979 quem
1539 1933 1689 1965 Romani
1708 1943 1752 1965 cx

303 1982 555 2016 consularibus
588 1984 748 2027 legatum
780 1981 827 2015 ad
864 1982 1014 2015 Attilam
1057 1987 1178 2016 essent
1215 1981 1371 2014 missuri.
1423 1981 1530 2013 Utin
1553 1979 1753 2013 tentorium

301 2030 387 2061 veni
402 2055 411 2071 ,
438 2035 474 2063 et
497 2030 716 2071 Maximino,
740 2039 833 2076 quae
858 2028 950 2061 mihi
976 2029 1176 2074 Onegesius
1204 2027 1366 2068 dixerat,
1391 2026 1527 2067 retuli,
1548 2025 1677 2059 habita
1705 2025 1751 2059 de

304 2088 370 2116 co,
397 2075 496 2121 quod
520 2077 686 2110 barbaris
713 2075 1008 2121 respondendum
1044 2080 1162 2116 esset,
1195 2074 1482 2113 deliberatione,
1508 2071 1621 2112 redii,
1655 2071 1752 2105 dixi-

302 2135 374 2169 que
412 2124 617 2168 Onegesio,
652 2123 828 2157 Romanos
862 2133 1078 2167 magnopere
1105 2120 1336 2161 desiderare,
1371 2121 1477 2153 illum
1501 2130 1643 2151 suarum
1669 2130 1752 2164 cum

300 2170 415 2203 Attila
448 2170 776 2204 controversiarum
809 2169 1087 2213 disceptatorem
1121 2168 1167 2201 ad
1205 2178 1242 2200 se
1266 2167 1452 2201 accedere.
1514 2165 1597 2210 Qua
1631 2166 1751 2210 spe-si

303 2216 525 2258 exciderint,
550 2219 824 2262 Imperatorem,
849 2227 958 2262 quem
978 2214 1050 2249 sibi
1072 2214 1238 2254 libuerit,
1262 2214 1418 2258 legatum
1442 2212 1648 2245 missurum.
1679 2212 1752 2245 Ex-

279 2264 439 2307 ,templo
464 2275 522 2297 me
555 2264 794 2309 Maximinum
824 2274 1003 2296 arcessere
1028 2263 1156 2302 iussit,
1180 2272 1300 2306 quem,
1325 2265 1367 2293 ut
1389 2261 1503 2300 venit,
1528 2257 1575 2291 ad
1599 2259 1750 2292 Attilam

303 2308 466 2342 deduxit.
515 2310 619 2344 Unde
644 2322 718 2344 non
741 2309 856 2343 multo
881 2315 965 2355 post
988 2309 1205 2343 Maximinus
1246 2317 1433 2347 reversus,
1457 2305 1642 2345 narravit,
1665 2304 1752 2338 har-

301 2355 429 2388 barum
466 2358 580 2398 velle,
611 2358 867 2402 Imperatorem
903 2356 950 2389 ad
974 2367 1011 2390 se
1044 2357 1190 2388 mittere
1214 2354 1350 2399 legatos
1389 2358 1452 2386 aut
1486 2352 1661 2393 Nomum,
1686 2358 1752 2387 aut

301 2402 534 2444 Anatolium,
560 2409 624 2437 aut
649 2402 879 2444 senatorem,
904 2414 1024 2449 neque
1049 2402 1142 2436 ullos
1163 2401 1254 2434 alios
1291 2405 1434 2445 praeter
1466 2399 1533 2432 hos
1572 2398 1750 2432 ad'missu-

303 2459 395 2482 rum.
443 2449 494 2482 Et
519 2461 598 2483 cum
622 2450 839 2484 Maximinus
865 2449 1063 2490 obiiceret,
1103 2449 1252 2482 minime
1277 2446 1481 2486 convenire,
1506 2446 1658 2490 legatos,
1684 2445 1750 2492 qui

303 2494 352 2528 ad
379 2506 416 2529 se
442 2496 654 2537 mittantur,
683 2496 904 2542 designando
943 2501 1129 2542 suspectos
1166 2493 1379 2539 Imperatori
1405 2491 1568 2532 reddere,
1597 2492 1750 2526 Attilam

304 2541 557 2586 respondisse,
590 2543 619 2575 si
643 2543 733 2577 haee
769 2543 989 2582 abnuerint,
1028 2542 1134 2576 armis
1167 2552 1205 2574 se
1233 2541 1492 2574 controversias
1526 2538 1752 2583 disceptatu-

305 2600 395 2622 rum.
445 2590 606 2623 Reversis
635 2590 740 2623 nobis
769 2591 807 2622 in
833 2591 1029 2624 tentorium
1046 2599 1151 2630 ,ecce
1173 2587 1220 2621 ad
1249 2598 1314 2620 nos
1340 2586 1478 2621 Orestis
1502 2591 1627 2630 pater,
1652 2584 1748 2623 „vos

305 2635 450 2675 ambos,
476 2637 618 2681 inquit,
650 2636 696 2669 ad
723 2637 926 2670 convivium
952 2638 1083 2670 invitat
1106 2634 1261 2674 Attilas,
1292 2633 1357 2666 fiet
1381 2643 1464 2667 vero
1488 2632 1582 2666 illud
1609 2630 1654 2663 ad
1680 2641 1750 2664 no-

303 2693 388 2716 nam
413 2682 487 2715 diei
513 2682 671 2716 horam.”
719 2684 898 2726 Tempore
923 2682 1091 2716 condicto
1117 2680 1320 2720 observato,
1345 2684 1387 2712 ut
1412 2680 1600 2719 venimus,
1625 2682 1663 2711 et
1675 2687 1748 2710 una
1917 2700 1924 2719 ἢ

304 2740 450 2775 qnoque
472 2731 712 2764 Romanorum
730 2729 1020 2764 occidentalium
1045 2728 1175 2773 legati,
1212 2726 1376 2762 stetimus
1401 2726 1440 2761 in
1465 2726 1592 2760 limine
1616 2726 1748 2759 coena-2
1920 2733 1924 2741 ⁴
