1924 3164
582 181 617 224 E
654 179 934 224 MENANDm
971 173 1241 222 ms'romA.
1518 173 1643 232 297·

199 300 254 341 ρᾳ
283 282 481 340 πρεσβείᾳ
509 283 662 338 ἐχρῆτο
690 282 747 332 (ὃς
774 285 970 339 Πέρσας,
1007 281 1364 338 φιλοποιὴσασθαι
1402 277 1481 334 τήν
1518 275 1624 320 κατά
1638 284 1679 318 A.
1692 282 1729 317 C.
1745 285 1813 322 568

199 350 312 404 σφᾶς
338 348 548 390 πολιτείαν
573 348 832 402 βουλόμενος.
860 349 954 391 ἐπεὶ
979 350 1024 391 δὲ
1052 349 1077 404 ἦ
1103 346 1296 404 Τούρκων
1321 346 1520 403 πρεσβεία
1549 330 1715 386 αὖ-Ῑῃᾱ·
1731 343 1744 365 ¹

197 417 269 462 θις
305 415 484 469 α’φῐκτο,
521 412 544 455 ὅ
571 414 769 468 βασιλεὺς
806 411 896 468 ἅμα
935 419 1020 463 τοῖς
1063 415 1108 456 ἐν
1134 413 1241 455 τέλει
1271 412 1453 468 Περσῶν
1478 411 1552 452 καί
1576 411 1634 469 τῷ

198 476 439 537 Κατούλφῳ
467 477 744 534 ἐγνωμάτευε,
771 481 900 537 πάντῃ
937 471 1181 535 ἀξύμφορον
1209 473 1535 533 εἶναιΠέρσαις
1561 491 1636 532 φι-

172 543 294 588 5λιάν
320 547 478 586 θέσθαι
502 542 558 595 ὥς
589 543 800 600 Τούρκους
821 562 831 574 ·
869 544 916 587 τὸ
958 543 1038 600 γὰρ
1066 542 1270 586 Σκυθικὸν
1295 539 1404 585 εἶναι
1429 544 1635 596 παλίμβο-

197 613 282 651 λον.
326 609 457 667 ταύτῃ
485 626 550 653 τοι
577 609 650 652 καί
675 611 980 666 παρενεγγύησε
1009 612 1238 668 δηλητηρίῳ
1268 606 1473 666 φαρμάκῳ
1500 609 1637 657 ἐνίους

198 677 489 731 διαφθαρῆναι
515 679 600 718 τῶν
626 677 860 732 πρέσβεων,
902 674 1013 725 ὅπως
1041 677 1254 717 οἷπείποιεν
1297 676 1375 729 τῆς
1401 676 1535 716 ἐκεῖσε
1559 689 1637 728 με-

196 741 363 783 τέπειτα
392 744 641 797 παρουσίας.
698 741 771 785 καί
797 741 847 798 δὴ
878 741 917 784 οἱ
945 746 1128 784 πλεῖστοι
1154 743 1237 784 τῶν
1264 740 1677 796 πρεσβευσαμένωνῦ

202 803 400 862 Τούρκων
424 809 480 863 τῇ
503 806 603 863 περὶ
625 807 701 864 τὴν
727 807 889 864 ἐδωδὴν
914 810 1029 862 μίξει
1054 810 1139 850 τῶν
1167 802 1437 861 ἀναιρετικῶν
1465 805 1638 862 φαρμά-

149 864 446 915 ιοκων-αὗτοῢ
472 889 554 915 που
585 872 657 917 τὸν
682 873 773 929 βίον
799 875 1060 928 κατέλυσαν,
1079 871 1187 928 πλήν
1205 874 1332 928 τριῶν
1358 867 1386 927 ἢ
1412 871 1640 928 τεσσάρων.

196 937 328 991 θροῦς
364 939 412 979 δὲ
448 939 644 995 ε’φοίτηοε
674 941 883 995 Πέρσαις,
923 940 980 988 ὥς
1017 938 1214 981 διώλοντο
1250 939 1309 997 τῷ
1336 939 1520 995 πνιγηρῷ
1555 938 1639 979 τῶν

197 1004 382 1058 Περσῶν
423 1006 575 1062 αὐχμῷ
617 1006 701 1048 τῶν
745 1003 942 1061 Τούρκων
975 1006 1013 1048 οἱ
1041 1006 1264 1061 πρέσβεις,
1302 1000 1371 1046 ἅτε
1397 1004 1468 1059 τῆς
1497 998 1638 1045 αὖτῶν

193 1067 342 1122 χώρας
378 1068 501 1122 θαμά
544 1072 700 1128 νιφετῷ
739 1074 1050 1126 παλυνομὲνης,
1079 1070 1163 1112 ,καί
1188 1067 1394 1113 ἀδύνατον
1423 1066 1469 1111 ὂν
1497 1070 1641 1118 αὐτοῖς

195 1127 298 1174 ἄνευ
328 1133 578 1189 κρυμώδους
605 1134 921 1190 καταστήματος
948 1135 1165 1189 βιοτεύειν,
1220 1133 1350 1190 ταύτῃ
1380 1150 1445 1176 τοι
1468 1136 1542 1177 καί
1566 1130 1643 1176 ἅλ-

146 1201 278 1251 Ῑ5λως
313 1198 666 1256 ὑποτοπήσαντες,
710 1201 755 1244 οῖ’
788 1216 835 1256 γε
874 1200 952 1256 τὴν
992 1199 1218 1256 ἐπιβουλὴν
1262 1201 1484 1256 διέφυγον,
1532 1196 1643 1243 οὕτω

196 1263 360 1318 ξυμβάν
388 1266 452 1315 εἷς
477 1264 554 1321 τήν
580 1264 777 1323 πατρῴαν
816 1263 1113 1316 ἐπανελθόντες
1152 1265 1202 1308 τά
1249 1262 1356 1320 ἅπερ
1396 1264 1436 1307 οἱ
1470 1265 1645 1321 Πέρσαι

193 1332 264 1372 καί
282 1330 324 1373 οἳ
350 1330 653 1388 διεψιθύρισαν
679 1335 829 1378 ταῦτα.
857 1329 972 1385 ὅμως
1007 1330 1302 1385 ὃΔιζάβουλος
1323 1331 1536 1387 (ἀγχίνους
1561 1329 1642 1387 γάρ

191 1412 257 1445 τις
287 1398 359 1439 καί
386 1396 537 1453 δεινὸς)
570 1397 647 1438 οὐκ
673 1396 847 1452 ἠγνόησε
874 1396 920 1440 τὸ
951 1400 1159 1454 πραχθὲν,
1189 1396 1308 1457 ᾠήθη
1334 1398 1408 1451 δὲ,
1429 1393 1541 1453 ὅπερ
1567 1396 1647 1443 καὶ
1680 1406 1685 1412 ’

190 1456 270 1517 ἦν,
298 1462 357 1512 ὥς
383 1462 750 1519 ἐδολοφονήθησαν
779 1462 818 1506 οἱ
843 1465 1054 1520 πρέσβεις.
1083 1462 1202 1506 ἔνθεν
1229 1466 1453 1519 τοιγαροῦν
1481 1462 1508 1519 ἦ
1537 1464 1681 1505 δυσ-1)

140 1529 336 1580 πομὲνεια
366 1523 525 1584 ’ἤρξατο
586 1530 770 1586 Περσῶν
808 1545 854 1571 τε
881 1531 954 1572 καί
985 1528 1210 1586 Τούρκων.
1266 1529 1340 1572 καί
1364 1527 1587 1591 λαβόμενος
1615 1524 1641 1570 ὅ

190 1592 345 1636 Μανιά
347 1611 378 1648 χ
397 1626 409 1648 ,
444 1592 488 1644 ὃς
513 1596 596 1637 τῶν
610 1596 850 1650 Σογδαϊτῶν
877 1593 1139 1652 προεστήκει,
1166 1597 1327 1638 τοιοῦδε
1354 1597 1507 1650 καιροῦ
1534 1598 1641 1649 ’ξυμ-

192 1661 384 1713 βουλεύει
409 1662 469 1719 τῷ
503 1659 764 1721 Διζαβούλῳ,
794 1655 965 1715 ἄμεινον
992 1659 1099 1705 εἶναι
1133 1659 1333 1718 Τούρκοις
1362 1660 1660 1723 ἀσπάσασθαι-

1644 378 1778 412 Iustini
1786 377 1808 421 4

283 1772 317 1805 9.
342 1758 593 1806 ἀναιρετικῶν
628 1763 728 1805 vat,
752 1763 957 1809 αἱρετικῶν
986 1765 1080 1810 vulg.
1180 1765 1230 1810 14.
1255 1761 1441 1809 βιοτεύειν
1472 1763 1536 1804 Η.,
1558 1764 1640 1807 βιο-

285 1807 398 1842 τεῦον
420 1809 513 1855 vulg.
609 1821 665 1844 αι.
693 1810 844 1845 τοιοῦδε
868 1813 919 1853 Β.,
944 1810 1055 1845 τοῦδε
1075 1811 1168 1857 vulg.

190 1902 376 1937 Persarum
399 1914 463 1937 rex
486 1914 559 1937 una
583 1916 664 1938 cum
698 1905 916 1950 primoribus
941 1906 1126 1940 Persarum
1151 1910 1188 1938 et
1213 1903 1360 1939 Catulfo
1384 1903 1543 1942 censuit,
1569 1901 1642 1935 mi-

194 1949 294 1982 nime
321 1959 340 1982 e
376 1961 415 1983 re
440 1950 625 1984 Persarum
652 1962 753 1992 esse,
794 1953 991 1986 amicitiam
1029 1953 1177 1997 iungere
1223 1962 1304 1983 cum
1337 1951 1475 1983 Turcis.
1524 1949 1641 1983 Omne

192 1995 289 2028 enim
304 1995 511 2040 Scythicum
537 2009 646 2043 genus
670 1999 850 2044 perfidum
875 2004 911 2032 et
934 1998 1124 2035 mutabile.
1173 1997 1275 2042 Quin
1299 1998 1407 2031 etiam
1431 1996 1558 2036 iussit,
1577 2005 1656 2030 ve-.

192 2042 322 2076 neficio
353 2043 437 2076 tolli
469 2045 667 2078 nonnullos
700 2045 920 2090 legatorum,
955 2050 995 2078 ut
1026 2045 1066 2078 in
1100 2050 1286 2090 posterum
1322 2048 1571 2076 aversarentur
1594 2040 1642 2074 ad

193 2099 274 2122 suas
300 2090 464 2134 regiones
497 2101 677 2124 accessum
746 2092 805 2125 Sic
830 2092 970 2130 evenit,
1002 2097 1043 2125 ut
1067 2092 1143 2126 fere
1168 2102 1290 2125 omnes
1315 2091 1446 2135 legati,
1479 2088 1641 2132 exceptis

191 2135 310 2168 tribus
335 2141 400 2169 aut
423 2143 592 2182 quatuor,
618 2138 732 2170 mixto
758 2138 848 2171 cibis
866 2138 968 2171 letali
991 2149 1144 2180 veneno,
1169 2138 1243 2172 sint
1266 2137 1455 2181 perempti.
1503 2137 1638 2168 Rumor

194 2192 239 2214 ex
256 2193 299 2215 eo
314 2182 411 2215 inter
422 2184 542 2217 Persas
558 2184 752 2229 dissipatus
767 2191 833 2225 est,
848 2185 1047 2218 Turcorum
1062 2186 1199 2229 legatos
1220 2184 1328 2217 nimis
1349 2183 1466 2217 calido
1492 2186 1529 2214 et
1542 2182 1637 2215 sicco

191 2233 310 2262 terrae
325 2229 478 2264 Persidis
497 2233 570 2264 situ
590 2232 750 2275 periisse:
773 2232 871 2276 quia,
897 2243 977 2264 cum
997 2231 1193 2265 Turcorum
1215 2231 1313 2276 regio
1334 2230 1467 2264 crebris
1490 2228 1638 2262 nivibus

194 2280 358 2308 contecta
370 2278 430 2317 sit,
445 2288 520 2311 non
542 2278 614 2311 nisi
631 2278 670 2311 in
693 2278 826 2322 frigida
842 2278 935 2310 aeris
960 2279 1135 2322 temperie
1145 2279 1265 2312 vivere
1290 2282 1448 2322 possent.
1477 2275 1577 2319 Quin
1602 2278 1642 2308 et

193 2321 263 2362 illi,
273 2324 336 2367 qui
348 2323 498 2357 insidias
514 2330 711 2366 evaserant,
723 2325 885 2370 quamvis
899 2325 1004 2358 aliter
1011 2325 1288 2369 suspicarentur,
1298 2323 1461 2364 eandem,
1473 2333 1566 2369 quae
1575 2332 1641 2366 per

192 2366 375 2402 Persidem
401 2371 674 2414 percrebuerat,
706 2371 839 2404 samam
863 2383 1008 2418 quoque
1047 2371 1144 2417 apud
1178 2383 1260 2406 suos
1286 2370 1527 2416 divulgarunt.
1567 2367 1642 2402 Sed

194 2413 415 2457 Disabulus,
458 2417 567 2451 bomo
605 2418 758 2452 callidus
795 2423 832 2454 et
861 2424 1046 2458 versutus,
1091 2430 1183 2464 quae
1220 2423 1361 2463 patrata
1394 2422 1518 2457 erant,
1565 2426 1642 2449 non

192 2461 382 2505 ignorabat
425 2463 609 2498 credebat
635 2465 744 2505 enim,
768 2464 862 2499 sicut
887 2470 976 2505 erat,
997 2465 1133 2510 legatos
1157 2466 1243 2500 dolo
1266 2469 1411 2498 necatos
1435 2474 1524 2498 esse.
1546 2461 1643 2496 Hine

194 2507 412 2542 inimicitiae
438 2511 640 2544 Turcorum
666 2517 703 2545 et
726 2513 911 2545 Persarum
935 2512 1112 2557 originem
1138 2518 1320 2557 ceperunt.
1382 2513 1426 2544 Et
1461 2510 1555 2544 banc
1579 2522 1642 2544 oc-

195 2553 375 2589 casionem
399 2557 588 2599 Manhch,
626 2559 689 2604 qui
716 2558 895 2602 Sogdastis
921 2564 1103 2603 praeerat,
1128 2561 1326 2605 arripiens,
1354 2557 1531 2592 Disabulo
1557 2567 1643 2602 per-

195 2601 323 2642 suasit,
347 2603 474 2637 utilius
499 2615 578 2638 esse
614 2605 740 2639 Turcis
766 2605 944 2638 Romanos
970 2606 1108 2647 colere,
1141 2612 1178 2640 et
1202 2618 1325 2640 eorum
1350 2605 1545 2639 amicitiam
1566 2614 1642 2637 am-

195 2646 336 2692 plecti,
373 2655 411 2684 et
445 2651 491 2684 ad
528 2652 611 2685 illos
637 2652 743 2685 serici
778 2652 1026 2685 commercium
1052 2653 1266 2694 transferre,
1291 2653 1354 2699 qui
1381 2651 1475 2686 illud
1501 2652 1540 2686 in
1565 2650 1640 2684 fre-

195 2694 381 2738 quentiori
406 2707 472 2729 usu
498 2697 697 2739 haberent,
726 2709 834 2743 quam
872 2699 1006 2744 reliqui
1031 2698 1216 2741 homines,
1241 2711 1352 2746 seque
1377 2697 1641 2743 paratissimum

197 2749 274 2775 csse
300 2740 446 2777 dicebat
467 2744 655 2786 Maniach‚
683 2757 753 2780 una
771 2757 849 2779 cum
867 2745 995 2791 legatis
1014 2745 1214 2781 Turcorum
1240 2747 1286 2781 ad
1317 2758 1397 2780 eam
1422 2745 1641 2790 legationem
