1838 3210
593 190 665 232 DE
707 188 886 232 nmis
923 179 1216 232 sc'wfflcffi.
1518 210 1521 212 ,
1542 190 1610 245 19

1424 235 1442 256 Χ

138 291 225 350 ,γὰρ
249 292 454 336 Ῥοδανοῦ
478 294 556 347 μὲν
584 291 685 335 εἴσω
714 294 788 334 καί
812 293 896 334 τῶν
922 292 1139 348 ἡμετέρων
1167 290 1318 346 ὁρίων·
1362 293 1526 350 σπανίῳ
1554 293 1693 375 8332]-
1709 305 1778 378 ‘1³78

1567 363 1588 373 ω
1644 354 1707 378 ure
1725 366 1733 376 .
1787 351 1801 378 1

146 356 280 417 ἀγορᾷ
308 356 591 413 συνεχόμενον
617 359 693 400 καί
718 359 771 415 τῇ
800 353 905 416 ἄλλῃ
932 357 1262 414 ταλαιπωρήσει,
1289 361 1377 405 τοῖς
1399 353 1602 411 ἆλγεινοις

1587 426 1606 434 ν
1672 435 1675 436 ι

144 431 234 475 τοῖς
259 426 338 478 μὲν
365 420 447 480 ἤδη
475 423 672 478 σύνεστι,
711 429 801 472 τοῖς
830 425 877 465 δὲ
903 425 1078 476 μέλλει.
1133 422 1208 465 καὶ
1227 421 1449 479 προκαμόν
1475 424 1522 465 ἓν
1547 440 1604 481 τῳ

144 491 216 533 οἶεί
240 494 420 545 μοχθεῖν
457 488 735 545 α’τολμότερον
772 487 891 532 ἔσται
927 492 999 531 καί
1036 491 1242 546 χρῆσθαι>
1272 489 1394 547 αὐτῷ
1436 491 1610 544 παρέξει

119 554 311 612 δοῖμαχεί
337 554 417 612 ὅ,τι
445 551 498 598 ἂν
524 556 806 611 βουλώμεθα,
837 555 894 604 ὥς
921 551 975 598 ἂν
1003 552 1110 611 πρὸς
1138 555 1216 611 τήν
1241 553 1414 611 χρόνιον
1444 557 1610 611 ‹lentot-

142 622 224 680 βὴν
251 621 520 680 ἀπειρηκότι.
575 619 676 665 ὅθεν
701 621 803 676 ὗμῖν
829 637 876 664 τε
917 620 966 664 τό
998 624 1083 664 πᾶν
1120 623 1366 678 περιφανῶς
1391 623 1610 665 κινδυνεύ-ἢ

143 704 248 742 εται,
277 691 351 731 καί
375 688 403 745 ἦ
430 690 504 744 τῆς
533 687 699 745 εἰρήνης
726 688 849 741 ὑμῶν
877 686 1040 743 αἴτησις
1068 689 1134 730 ἐπ’
1165 687 1394 746 εὐπρεπείᾳ
1423 690 1501 730 τοῦ
1529 688 1609 744 φό-

142 758 222 809 βου
253 752 490 809 σύγκειται,
542 750 656 803 ὅπως
695 748 748 796 ἂν
788 751 836 795 τὸ
878 755 1087 810 σφέτερον
1138 755 1231 802 δέος
1271 751 1610 809 ἐπηλυγάζησθε.

142 817 196 876 ἢν
221 818 271 862 τί
297 822 367 861 δεῖ
386 821 662 875 προσίεσθαι,
705 821 844 869 καλῶς
881 819 1074 876 ὑπάρχον
1114 817 1385 873 πανταχόθεν
1413 819 1610 861 ἇποκλει-ἰ

93 889 312 928 Ιοσθεῖσιν
339 885 442 942 ὑμῖν
469 887 545 941 τῆς
585 885 728 928 οἴκαδε
756 887 929 941 πορείας
956 886 1032 927 καί
1058 881 1148 928 οἷον
1185 884 1285 927 εἴσω
1313 887 1459 927 πυλῶν
1486 882 1610 928 ἄπει-

142 953 370 1007 λημμένοις
395 953 589 1008 χρῆσθαι
619 947 670 993 εὖ
694 967 741 994 τε
769 953 842 993 καί
863 949 940 1007 μὴ,
969 946 1082 1000 ὅπως
1100 947 1155 994 ἂν
1177 950 1341 1006 ἔχωμεν
1367 949 1476 1008 πρὸς
1502 952 1654 1005 ὖμᾶςΡ.
1670 965 1712 993 12

145 1019 335 1067 διανοίας
345 1021 386 1070 ;''
443 1016 516 1060 ἐπὶ
541 1016 706 1067 τούτοις
732 1021 947 1072 λεχθεῖσιν
971 1018 1018 1059 ἐκ
1044 1019 1120 1060 τοῦ
1160 1019 1369 1072 βασιλέως
1410 1016 1611 1060 κατεπλά-

142 1080 274 1139 γησάν
300 1099 346 1126 τε
368 1084 653 1138 Ἰουθοῦγγοι·
712 1083 788 1126 καὶ
822 1083 880 1133 ὥς
907 1079 1033 1125 οῦδὲν
1061 1080 1205 1133 αὐτοῖς
1247 1082 1356 1125 naz-a*
1387 1082 1464 1133 τοὶς
1492 1086 1610 1126 ἐλπί-

145 1151 224 1198 δας
250 1148 502 1206 ἐπράττετο,
548 1151 767 1198 παντελῶς
805 1149 892 1192 τῶν
930 1150 1122 1192 σπονδῶν
1151 1147 1388 1205 οἷπογνιόσει
1415 1148 1609 1204 ἐχόμενοι

87 1213 261 1271 ,ιόπαροὶ
292 1213 392 1264 τούς
421 1216 654 1271 σφετέρους
682 1212 982 1270 ἀπεχώρησαν.

253 1281 308 1335 β’.
352 1278 445 1324 Ὅτι
474 1279 548 1322 ἐπὶ
572 1280 854 1336 Αὕρηλιανοῦ
879 1279 918 1322 οἱ
945 1281 1164 1335 Βανδῆλοι
1204 1278 1309 1323 κατὰ
1351 1278 1500 1337 κράτος
1527 1279 1775 1338 ἦτ-Α.Ο.α7ι

141 1346 337 1404 τηθέντες
365 1344 483 1402 παρὰ
514 1345 738 1400 Ῥωμαίων
765 1348 996 1402 πρεσβείαν
1023 1343 1270 1402 ἐποιήσαπο
1296 1345 1400 1404 πρὸς
1421 1347 1802 1401 Ῥωμαί-Αιιιοιῑα

143 1428 217 1463 ους
244 1414 344 1469 περὶ
370 1410 603 1462 διαλύσεως
629 1408 814 1466 πολέμου
842 1413 918 1454 καί
942 1411 1222 1467 συμβάσεως..
1242 1414 1316 1455 καί
1340 1412 1473 1455 πολλὰ
1502 1411 1607 1456 ἄνα-

141 1477 298 1537 μεταξὺ
333 1476 538 1521 εἰπόντων
579 1478 787 1534 ἀλλήλων,
824 1477 900 1521 τοῦ
926 1495 973 1521 τε
999 1479 1209 1533 βασιλέως
1236 1477 1310 1520 καὶ
1333 1481 1416 1521 τῶν
1440 1480 1609 1535 βαρβά-

84 1557 243 1601 ρορων,
283 1543 459 1600 διελύθη
494 1546 573 1598 μὲν
601 1543 623 1586 ὅ
652 1543 876 1600 σύλλογος,
923 1546 977 1601 τῇ
1005 1536 1052 1587 δὲ
1077 1545 1280 1602 ὖστεραίᾳ
1307 1543 1414 1598 τό,τε
1441 1549 1605 1601 πλῆθος

141 1613 228 1653 ’τῶν
247 1609 469 1664 ,Ῥωμαίων
497 1613 765 1665 στρατιωτῶν
793 1607 923 1660 αὖθις
949 1611 1177 1667 ἦθροάτθη,
1207 1610 1282 1652 καί
1296 1613 1499 1668 ἐρομένου
1519 1615 1637 1666 ,θα-Β

142 1674 303 1730 σιλέως,
332 1672 415 1729 δ’,τι
439 1675 566 1732 σφισί
591 1675 690 1733 περὶ
712 1678 796 1719 τῶν
822 1674 1038 1733 παρόντων
1066 1678 1173 1735 λῷον
1201 1673 1309 1720 εἶναι
1341 1679 1461 1720 δοκεῖ
1468 1711 1479 1731 ,
1511 1682 1604 1734 κρί-

237 1790 267 1812 1.
287 1776 496 1824 Ἠριδανοῦ
522 1778 703 1814 Valesius.
822 1804 829 1812 .
861 1778 907 1822 ἢν
930 1781 968 1814 τί
992 1778 1055 1813 δεῖ
1083 1781 1321 1826 προσίεσθαι
1344 1780 1398 1821 Β.,
1437 1778 1530 1821 ἤντι
1555 1777 1600 1824 δὴ

232 1827 446 1870 προσίεσθε
467 1826 563 1869 vulg.
640 1828 692 1860 13.
718 1837 815 1860 κατα
840 1826 922 1860 add.
947 1826 992 1862 N.
1054 1839 1110 1861 22.
1137 1827 1236 1872 λῷον
1260 1827 1319 1868 Β.,
1358 1827 1463 1862 λαῶν
1479 1828 1576 1871 vulg.

142 1915 256 1949 animi
279 1915 418 1949 viribus
449 1915 577 1960 pollet.
625 1915 762 1949 Inclusi
787 1917 887 1950 enim
911 1917 1009 1950 inter
1034 1915 1251 1949 Rhodanum
1276 1921 1314 1949 et
1337 1922 1481 1950 nostros
1509 1917 1600 1952 flues

137 1962 396 1997 alimentorum
407 1964 561 2008 penuria
587 1962 748 2008 aliisque
770 1962 1012 1995 incommodis
1038 1962 1220 2003 laborans,
1247 1962 1374 1996 multis
1399 1963 1504 1997 malis
1528 1963 1600 1999 hoc

142 2011 224 2055 ipso
249 2014 413 2055 tempore
439 2009 638 2055 premitur,
662 2008 744 2042 aliis
765 2019 849 2042 mox
864 2014 1061 2054 premetur.
1108 2009 1278 2042 Fractum
1301 2014 1338 2043 et
1350 2008 1599 2053 debilitatum,

172 2057 233 2090 uia
256 2056 334 2090 sine
355 2056 628 2090 intermissione
651 2054 812 2096 laborat,
837 2057 957 2089 minus
982 2056 1094 2089 audet
1117 2060 1154 2088 et
1168 2055 1336 2089 timidius
1356 2061 1420 2090 est.
1466 2059 1597 2103 Itaque

138 2068 385 2137 ¹diuturnioris
420 2108 499 2136 tum
531 2102 646 2136 studii
673 2107 752 2135 tum
778 2112 908 2147 operae
932 2103 1095 2136 nescium
1127 2113 1205 2136 sese
1247 2102 1356 2137 nobis
1379 2104 1459 2137 sine
1485 2115 1596 2149 proe-

142 2149 195 2184 lio
229 2149 425 2196 praebebit
456 2155 623 2196 paratum
648 2148 795 2190 subire,
822 2149 1000 2195 quicquid
1025 2148 1071 2183 de
1101 2159 1145 2182 eo
1166 2154 1329 2184 statuere
1353 2151 1595 2186 voluerimusz

142 2208 191 2231 ex
219 2208 293 2243 quo
319 2206 445 2230 omnes
469 2202 609 2231 vestrae
634 2207 690 2230 res
717 2196 756 2229 in
780 2201 948 2240 apertum
975 2195 1170 2230 discrimen
1206 2196 1450 2231 adducuntur.
1499 2199 1595 2233 Tota

144 2248 267 2278 antem
289 2248 407 2278 vestra
430 2245 530 2289 pacis
554 2243 688 2289 petitio
713 2242 809 2276 nihil
833 2249 889 2281 est
912 2243 984 2276 nisi
998 2242 1168 2277 decorum
1185 2244 1325 2277 timoris
1345 2249 1595 2288 praetextum,

141 2301 218 2337 quo
238 2296 374 2324 metum
402 2297 561 2325 vestrum
583 2296 706 2336 tegere
730 2290 874 2336 cupitis.
924 2289 1044 2334 Quam
1067 2301 1130 2324 cur
1151 2290 1390 2336 accipiamus,
1415 2292 1499 2324 data
1523 2304 1596 2326 no-

143 2337 201 2371 bis
224 2340 414 2372 occasione
437 2349 500 2372 vos
525 2336 691 2383 undique
715 2336 762 2368 ab
788 2338 909 2371 reditu
934 2337 1097 2370 exclusos
1122 2341 1160 2370 et
1183 2338 1288 2383 quasi
1311 2338 1407 2371 intra
1435 2339 1592 2372 claustra

141 2385 320 2418 coercitos
345 2383 441 2418 bene
468 2390 532 2418 aut
553 2384 648 2418 male
672 2382 856 2425 habendi,
891 2388 1080 2430 utcunque
1110 2383 1219 2418 nobis
1243 2395 1310 2429 pro
1334 2385 1447 2418 animi
1474 2386 1591 2419 nostri

145 2442 229 2475 erga
252 2442 315 2466 vos
343 2431 480 2466 affectu
494 2430 730 2466 videbitur?‘'‘
753 2431 818 2469 His
837 2430 883 2464 ab
899 2431 1122 2476 Imperatore
1143 2431 1263 2472 dietis,
1287 2431 1459 2477 Iuthungi
1484 2432 1589 2465 valde

144 2482 232 2511 sunt
257 2480 491 2520 consternati,
515 2489 672 2524 cumque
696 2477 844 2511 minime
868 2479 1066 2523 negotium,
1082 2483 1125 2512 ut
1143 2484 1395 2523 speraverant,
1419 2479 1580 2513 confecia
1599 2499 1603 2504 ,

145 2529 244 2565 sent,
269 2525 333 2559 sed
359 2526 508 2559 omnino
534 2525 694 2559 foederis
718 2526 899 2569 repulsam
921 2525 1114 2566 tulissent,
1138 2524 1186 2558 ad
1207 2537 1273 2558 sua
1297 2524 1495 2559 redierunt.

240 2583 272 2605 2.
320 2571 395 2605 Sub
413 2572 611 2606 Aureliano
633 2571 789 2606 Vandali
814 2583 834 2604 a
858 2573 1028 2605 Romanis
1043 2572 1120 2605 acie
1137 2571 1297 2616 superati
1316 2577 1409 2605 sunt.
1459 2574 1590 2616 Itaque

134 2617 366 2663 ,legationem
390 2618 438 2651 ad
461 2621 639 2653 Romanos
663 2619 919 2659 decreverunt,
951 2629 1045 2664 quse
1078 2617 1123 2652 de
1147 2618 1246 2652 bello
1270 2616 1518 2663 pacificatione
1545 2619 1591 2651 fl-

144 2664 282 2698 niendo
306 2670 439 2710 ageret.
487 2667 533 2700 Et
564 2677 645 2699 cum
677 2665 793 2700 multa
824 2666 922 2699 inter
943 2676 982 2699 se
1005 2666 1204 2711 Imperator
1236 2670 1273 2699 et
1301 2665 1448 2698 barbari
1474 2664 1590 2698 ‹lisse-

138 2713 328 2752 ruissent,
349 2711 508 2746 solutum
533 2718 590 2746 est
611 2713 848 2758 colloquium.
897 2712 1075 2746 Postridie
1105 2711 1301 2746 multitudo
1330 2712 1488 2744 militum
1514 2712 1589 2744 Ro·-

142 2767 334 2792 manorum
357 2770 478 2794 rursus
502 2763 693 2802 convenit,
719 2765 756 2793 et
778 2771 860 2794 cum
884 2769 947 2793 eos
972 2760 1172 2804 Imperator
1195 2759 1472 2803 interrogasset,
1488 2755 1589 2804 'quid
