1924 3164
438 164 716 209 EXCERPTA
746 164 783 206 E
820 159 994 206 Pmscl
1040 156 1313 203 ms'romA.
1490 138 1596 212 -167

153 270 426 328 προσοικοῦσι
460 268 534 311 τὸν
561 264 750 324 Ἴστρον,
800 265 874 308 καὶ
909 267 953 314 ἐς
991 263 1067 320 τήν
1099 260 1330 317 “Ρωμαίων
1371 258 1786 339 ὄμαιχμάινΑ-ῗζῼῧ

155 332 546 392 καταφυγγάνουσιν
562 368 574 387 ,
617 336 662 383 ἐς
700 333 844 387 μάχην
891 333 1033 374 ἐλθεῖν
1078 329 1362 387 προῃρημένος
1399 327 1601 378 ἐκπέμπει
1614 311 1804 390 ,Ῑιῖζέοιᾱῶε

144 397 325 454 Ἥσλαν,
365 399 545 443 εἰωθότα
572 406 660 449 τοῖς
688 396 910 454 διαφόροις
937 397 1056 454 αὐτῷ
1081 412 1126 439 τε
1153 397 1227 440 καί
1242 394 1481 447 ζΡωμαίοις
1508 393 1604 434 ’δια-

157 471 384 520 κονεῐσθαι,
416 463 534 508 λύειν
559 463 635 521 τήν
661 462 1020 520 προϋπάρχουσαν
1046 460 1217 518 εἰρήνην
1243 460 1450 512 οἷπειλῶν,
1479 459 1519 500 εἰ
1543 457 1603 513 μή

129 539 202 588 5γε
230 533 388 582 πάντας
414 530 512 580 τούς
539 528 654 587 ’παρὰ
684 531 796 585 σφᾶς
822 528 1144 585 καταφυγόντας
1169 528 1349 570 ἐκὸοἴεν.
1403 527 1607 579 βουλευο-

158 599 295 651 μένων
337 599 384 639 tis
421 595 650 650 εΡωμαίων
676 599 838 638 στεῖλαι
877 585 1104 650 πρεσβείαν
1131 592 1247 648 παρὰ
1276 589 1378 641 τούς
1408 586 1606 642 Οῧννους,

159 662 409 720 πρεσβεύειν
435 664 514 716 μὲν
540 658 691 718 ἤθελον
721 663 918 710 Πλίνθας
945 663 1018 702 καί
1042 658 1280 712 Διονύσιος,
1305 660 1504 706 Πλίνθας
1528 657 1608 709 μὲν

159 730 234 772 τοῦ
261 731 494 781 Σκυθικοῦ,
516 726 745 777 Διονύσιος
774 728 821 768 δὲ
846 729 924 768 τοῦ
953 727 1138 783 Θρᾳκίου
1165 727 1310 780 γένους
1328 757 1339 778 ,
1372 721 1651 780 ἄμφότεροιΒ

161 796 209 837 δὲ
247 796 540 851 στρατοπέδων
576 792 803 849 ἡγούμενοι
840 792 915 834 καὶ
950 788 1149 847 ἄρξαντες
1190 790 1266 846 την
1304 788 1466 833 ὕπατον
1495 787 1608 844 παρὰ

109 856 389 913 ΙοῬωμαίοις
416 861 469 915 ιίρ
472 859 565 914 χήν.
621 857 766 914 ἐπειδὴ
797 861 844 901 δὲ
867 857 1000 901 ἐδόκει
1022 853 1186 900 Ἧσλαν
1208 856 1327 914 παρὰ
1358 855 1429 899 τὸν
1452 854 1614 898 ‘Podar

161 926 436 982 ἀφικνεῖσθαι
462 924 664 982 πρότερον
691 928 766 980 τῆς
792 925 1195 981 ἐκπεμφθησομένης
1221 922 1445 979 πρεσβείας
1461 954 1474 975 ,
1514 935 1616 963 συν-ι

161 992 364 1044 εκπέμπει
391 993 590 1040 Πλίνθας
617 991 905 1046 Σηγγίλαχον,
950 986 1087 1047 ἄνδρα
1114 992 1199 1033 τῶν
1225 992 1495 1046 ἐπιτηδείων,
1525 994 1616 1029 πεῖ·-

162 1074 236 1099 σαι
270 1055 340 1099 τὸν
373 1055 536 1099 ‘Pov'av
577 1054 692 1114 αὐτῷ
730 1056 803 1098 καί
838 1056 896 1112 μή
940 1053 1100 1113 ἑτέροις
1138 1056 1369 1109 ςΡωμαίων
1396 1057 1440 1105 ἐς
1468 1052 1618 1108 λόγους

163 1123 316 1165 ἐλθεῖν.
370 1120 695 1178 τελευτήσαντος
723 1125 771 1165 δὲ
793 1121 931 1165 “Ροῦα
959 1122 1034 1165 καὶ
1059 1120 1314 1179 περιστάσης
1342 1124 1418 1176 τῆς
1447 1116 1619 1163 Οὔννων

114 1188 381 1243 ι5βασιλείας
416 1191 460 1237 ἐς
490 1185 697 1244 Ἀττήλαν
734 1186 871 1231 ἐδόκει
905 1190 958 1247 τῇ
983 1189 1217 1242 Ῥωμαίων
1252 1190 1386 1246 βουλῇ
1417 1188 1622 1229 Πλίνθαν

164 1254 478 1309 πρεσβεύεσθαι
505 1257 607 1310 παρ’
633 1253 812 1303 αὐτούς.
869 1254 944 1296 καὶ
967 1256 1230 1310 κυρωθείσης
1270 1255 1333 1295 ἐπ’
1363 1252 1478 1309 αὐτῷ
1504 1251 1619 1307 παρὰ

164 1321 371 1374 βασιλέως
405 1319 577 1376 ψήφου,
624 1319 820 1373 ἐβούλετο
855 1321 930 1362 καί
966 1321 1178 1376 Ἐπιγένην
1217 1319 1239 1362 ὅ
1269 1318 1467 1368 Πλίνθας
1506 1323 1654 1372 avit-C

166 1385 415 1441 πρεσβεύειν
441 1386 557 1444 αὐτῷ
580 1385 643 1435 ὥς
683 1387 880 1441 μεγίστην
911 1388 983 1429 ἐπὶ
1009 1387 1141 1446 σοφίᾳ
1168 1386 1292 1438 δόξαν
1319 1383 1623 1441 ἐπιφερόμενον

166 1453 240 1493 καί
265 1449 342 1506 τὴν
369 1449 510 1508 ἀρχήν
539 1450 692 1507 ἔχοντα
719 1452 796 1494 τοῦ
823 1455 1084 1509 κοιαίστορος
1105 1483 1116 1497 .
1172 1454 1436 1509 χειροτονίας
1474 1452 1520 1493 δὲ
1552 1450 1627 1492 καὶ

111 1519 236 1564 ,οέπ’
263 1518 377 1574 αὐτῷ
403 1519 637 1574 γενομένης,
665 1512 797 1574 ἄμφω
813 1518 885 1560 ἐπὶ
909 1517 986 1574 τὴν
1012 1521 1239 1576 πρεσβείαν
1265 1518 1524 1574 ἐξώρμησαν,
1552 1518 1627 1558 καὶ

169 1586 475 1639 παραγίνονται
503 1586 548 1634 ἐς
576 1580 788 1639 Μάργον.
841 1584 868 1640 ἦ
897 1586 944 1628 δὲ
972 1585 1090 1634 πόλις
1116 1587 1199 1628 τῶν
1227 1586 1272 1627 ἐν
1308 1585 1490 1641 Ἰλλυρία
1519 1587 1625 1625 Μυ-

170 1650 257 1695 σῶν
292 1648 396 1706 πρὸς
433 1651 493 1708 τῷ
521 1646 671 1709 Ἴστρῳ
715 1652 882 1707 κειμένη
910 1654 1085 1709 ποταμῷ·
1113 1647 1287 1708 ἅντικρυ
1320 1650 1625 1697 Κωνσταντίας

241 1737 274 1769 3.
285 1734 430 1767 Etutam
449 1734 543 1779 vulg.
604 1734 860 1783 15.’Λττήλαν]
879 1737 944 1768 καὶ
958 1733 1110 1777 Βλῆδαν
1126 1734 1208 1768 add.
1223 1734 1266 1769 N.
1316 1746 1371 1769 αι.
1389 1735 1515 1778 βυσῶν
1527 1733 1622 1777 vulg.

172 1801 343 1848 quodad
369 1811 553 1839 armorum
578 1802 791 1845 societatem
818 1814 895 1836 eune
924 1804 1094 1842 Romanis
1117 1802 1338 1847 iungendam
1362 1804 1626 1848 confugissent,

171 1849 272 1883 bello
298 1848 503 1887 decertare,
528 1848 648 1881 Eslam
673 1850 935 1894 componendis
960 1851 1204 1883 Romanorum
1238 1855 1275 1883 et
1298 1851 1512 1883 Hunnorum
1537 1859 1626 1882 con·—

173 1894 359 1929 troversiis
400 1893 572 1928 adhiberi
602 1894 752 1927 solitum
788 1896 908 1937 misit,
939 1896 1004 1940 qui
1038 1897 1208 1931 Romanis
1243 1895 1502 1935 denuntiaret,
1534 1907 1572 1928 se
1605 1905 1627 1927 a

172 1942 343 1982 foedere,
369 1940 468 1986 quod
492 1940 565 1973 sibi
589 1952 669 1974 cum
695 1941 771 1974 illis
795 1948 910 1979 esset,
934 1953 1181 1983 recessurum,
1207 1942 1278 1976 nisi
1302 1953 1426 1976 omnes
1452 1942 1629 1986 Scythas,

175 1988 241 2034 qui
266 1988 313 2020 ad
338 1999 398 2021 eos
433 1999 470 2020 se
503 1987 762 2029 contulissent,
797 1989 1004 2022 redderent.
1052 1989 1220 2021 Romanis
1249 1999 1336 2022 vero
1362 1990 1555 2025 consilium
1580 1987 1629 2022 de'

174 2033 364 2069 mittendis
389 2033 438 2067 ad
462 2033 613 2067 Hunnos
639 2034 768 2078 legatis
794 2035 1046 2079 capientibus,
1072 2035 1235 2067 Plinthas
1261 2042 1299 2069 et
1323 2036 1543 2080 DionysiuS,
1566 2036 1629 2069 hic

177 2094 224 2116 ex
248 2081 429 2121 Thracia,
461 2079 526 2113 ille
564 2092 608 2114 ex
645 2080 794 2124 Scythia
820 2080 1016 2122 oriundus,
1049 2082 1157 2114 ambo
1182 2083 1406 2116 exercituum
1433 2083 1565 2122 duces,
1590 2086 1629 2116 et

177 2129 244 2175 qui
267 2128 475 2162 consulatus
500 2126 717 2172 dignitatem
740 2127 837 2171 apud
862 2129 1038 2161 Romanos
1060 2134 1267 2172 gesserant,
1291 2128 1386 2163 hanc
1406 2130 1631 2176 legationem

179 2175 284 2209 obire
321 2175 525 2208 voluerunt.
582 2175 630 2207 Ut
661 2186 746 2208 vero
779 2175 895 2207 visum
934 2180 990 2208 est
1020 2185 1096 2207 non
1136 2181 1220 2208 ante
1254 2172 1392 2221 legatos
1426 2175 1630 2221 proficisci,

179 2233 290 2267 quam
311 2221 411 2255 Eslas
432 2220 480 2254 ad
495 2221 608 2255 Ruam
631 2221 812 2261 rediisset,
836 2218 996 2254 Plinthas
1021 2233 1096 2254 una
1122 2233 1204 2254 cum
1227 2222 1310 2256 Esla
1333 2223 1435 2257 misit
1458 2223 1628 2269 Singula-

181 2268 301 2309 chum,
322 2279 436 2301 unum
453 2279 497 2302 ex
513 2267 588 2300 suis
610 2269 837 2307 necessariis,
863 2269 1035 2313 quiRuae
1059 2268 1296 2312 persuaderet
1315 2280 1395 2303 cum
1423 2272 1527 2304 nullo
1552 2271 1627 2303 alio

181 2315 444 2354 Romanorum,
475 2325 583 2359 quam
608 2325 690 2350 cum
714 2316 818 2359 ipso,
845 2315 1070 2359 colloquium
1105 2316 1210 2348 inire.
1260 2315 1349 2349 Cum
1373 2322 1516 2359 autem,
1550 2317 1638 2350 Rua‘

181 2362 324 2396 mortuo
339 2386 351 2402 ‚
376 2361 592 2394 Hunnorum
617 2371 767 2406 reg-num
792 2360 837 2394 ad
861 2362 1012 2395 Attilam
1043 2362 1287 2407 pervenisset,
1311 2363 1465 2398 Senatus
1503 2364 1630 2397 deere-

182 2408 238 2442 vit
254 2407 436 2441 Plintham
459 2407 681 2452 legationem
704 2406 750 2441 ad
770 2408 922 2445 Attilam
948 2409 1109 2454 exsequi.
1157 2408 1241 2454 Quo
1266 2409 1300 2442 S.
1328 2410 1365 2443 C.
1394 2411 1630 2456 Imperatoris

184 2454 354 2499 suffragio
378 2453 614 2498 comprobato
629 2480 638 2495 ,
662 2452 844 2488 Plintham
877 2454 1010 2499 cupido
1042 2456 1214 2495 incessit,
1239 2457 1459 2502 Epigenem,
1484 2458 1548 2503 qui
1573 2468 1632 2489 sa·-

183 2501 350 2547 pientiae
390 2500 500 2534 laude
540 2500 694 2534 celebris
727 2505 806 2533 erat
837 2506 874 2534 et
917 2506 1132 2547 quaesturae
1164 2502 1379 2547 dignitatem
1412 2503 1629 2543 obtinebat,

186 2548 327 2585 socium
351 2547 544 2593 legationis
568 2548 639 2581 sibi
671 2547 881 2581 adsciscere.
931 2546 1014 2592 Qua
1046 2547 1091 2582 de
1114 2559 1153 2582 re
1187 2549 1263 2582 la'to
1289 2562 1437 2596 quoque
1461 2551 1632 2594 suffragio

187 2593 296 2627 ambo
320 2594 359 2627 in
384 2604 462 2627 eam
487 2594 704 2637 legationem
728 2594 883 2638 profecti
907 2599 1010 2635 sunt,
1035 2599 1072 2628 et
1092 2595 1255 2642 Margum
1278 2603 1531 2641 pervenerunt.
1570 2597 1634 2630 Est

188 2646 312 2673 autem
335 2640 478 2686 Margus
505 2642 588 2675 urbs
615 2643 654 2674 in
681 2642 828 2685 Illyrico
854 2640 1036 2684 Mysorum
1067 2641 1114 2675 ad
1137 2643 1268 2676 Istrum
1302 2644 1388 2685 sita,
1408 2655 1452 2677 ex
1479 2643 1631 2681 adverso

190 2686 426 2720 Constantine
448 2687 561 2727 arcis,
585 2687 632 2720 ad
656 2689 803 2721 alteram
828 2687 987 2721 fluminis
1010 2687 1125 2733 ripam
1149 2689 1359 2733 collocatae,
1381 2701 1454 2736 quo
1481 2695 1519 2723 et
1541 2688 1635 2733 regii

189 2732 346 2778 Scythae
370 2740 622 2772 convenerant.
669 2736 779 2773 Extra
801 2734 986 2772 civitatem
1010 2737 1117 2786 equis
1138 2735 1353 2774 insidentes.
1371 2737 1523 2785 utrique?
1547 2745 1639 2772 con-
