1924 3164
349 164 461 220 236
921 171 1201 221 EXCERPTA
1239 175 1245 190 ³
1293 167 1301 178 '

162 283 473 342 Α.Ο.476τούτῳ
519 274 688 340 ἐφεῖναι
725 281 952 335 διοίκησιν.
1022 281 1297 337 ἀφικνοῦνται
1325 280 1376 336 δὴ
1407 275 1558 338 ἄνδρες
1580 273 1658 339 τῆς
1685 286 1788 338 βου-

171 334 416 416 Ζὲζζιέίέλῆς
442 352 518 404 τῆς
548 351 593 390 ἐν
615 344 765 404 εΡοόμῃ
792 347 966 396 τούτους
994 349 1038 398 ἐς
1066 347 1297 398 Βυζάντιον
1329 348 1564 401 κομίζοντες
1590 349 1690 399 τοὺς
1716 348 1786 391 λό.

293 406 300 414 ’
343 431 464 471 γους,
493 416 567 455 καί
591 418 685 461 ταῖς
714 411 865 461 αὐταῖς
890 410 1069 467 ἡμέραις
1096 414 1143 455 ἐκ
1168 417 1247 455 τοῦ
1274 415 1472 463 Νέπωτος
1500 408 1673 469 ἄγγελοι,
1703 415 1787 456 τῶν

343 497 389 523 τε
415 479 692 534 γεγενημένων
717 476 1076 535 συνησθησόμενοι
1100 481 1160 536 τῷ
1185 480 1366 535 Ζήνωνι,
1393 478 1468 535 καί
1491 476 1680 534 δεόμενοι
1697 478 1787 533 ἅμα

345 552 439 594 ταῖς
482 543 595 592 ἴσαις
635 545 695 601 τῷ
722 546 896 587 Νέπωτι
932 550 1176 600 συμφοραῖς
1210 546 1475 603 χρησαμένῳ
1495 546 1813 590 συσπουδάσαιό

345 609 581 667 προθύμως»
605 611 823 662 βασιλείας
851 608 1096 666 ἀνάκτησιν,
1124 609 1325 666 χρήματά
1343 627 1389 652 τε
1417 612 1491 653 καί
1515 609 1702 667 στρατὸν
1719 612 1794 654 ἐπὶ

345 679 479 719 ταῦτα
507 672 699 728 διδόντα,
732 677 806 717 καί
829 682 914 725 τοῖς
942 671 1097 731 ἄλλοις,
1127 673 1191 725 οἷς
1227 677 1328 730 δέοι,
1358 679 1687 720 συνεκπονοῦντα
1714 675 1792 734 τὴν

237 740 337 786 Ρ·94
349 739 557 784 κάθοδον.
613 741 749 784 ταῦτά
777 758 821 783 τε
848 744 1043 794 λέξοντας
1089 740 1111 784 ὅ
1141 744 1294 792 Νέπως
1321 743 1591 785 ἀπέστελλεν.
1643 740 1794 797 Ζήνων
1845 742 1852 747 ’

347 809 393 850 δὲ
421 813 509 856 τοῖς
535 804 703 863 ἥκουσι,
743 814 830 857 τοϊς
857 810 935 862 μὲν
957 808 1039 850 ἀπὸ
1068 811 1142 864 τῆς
1170 810 1326 864 βουλῆς
1352 808 1601 864 ἀπεκρίνατο
1627 811 1792 862 ταῦταρ

345 871 404 923 ὥς
445 874 521 915 δύο
560 876 606 917 ἐκ
633 875 706 929 τῆς
742 875 798 916 ἕω
829 874 1031 927 βασιλέας
1068 874 1264 928 λαβόντες
1285 873 1375 917 τόν
1402 876 1480 928 μὲν
1517 871 1851 930 ἕξηλοίκασινμί)

341 939 571 992 Ἀνθέμιον
609 941 656 981 δὲ
685 939 957 982 ἀπέκτειναν·
1012 943 1086 983 καί
1122 942 1198 983 νῦν
1224 938 1270 983 τὸ
1297 937 1673 996 ποιητέον-αύτούς
1710 938 1794 996 ἔφη

344 1003 587 1061 γινώσκειν·
617 1005 670 1047 ου’
695 1002 777 1061 γάρ
808 1002 860 1048 ἂν
895 1009 1101 1061 βασιλέως
1139 1005 1200 1049 ἔτι
1239 1003 1351 1057 ὄντος
1393 1002 1536 1062 ἑτέραν
1561 1006 1796 1062 ἡγήσεσθαι

344 1070 513 1127 γνώμην
539 1067 570 1127 ἢ
595 1070 788 1114 κατιόντα
813 1074 1156 1128 προσδέχεσθαι.
1209 1079 1293 1122 τοῖς
1322 1074 1369 1115 δὲ
1399 1073 1445 1114 ἐκ
1470 1074 1546 1114 τοῦ
1571 1070 1797 1128 βαρβάρου

348 1134 415 1180 ὅτι
455 1139 592 1187 καλῶς
627 1135 779 1194 πράξοι
822 1135 940 1195 παρὰ
977 1140 1057 1180 τοῦ
1092 1140 1299 1193 βασιλέως
1336 1140 1539 1188 Νέπωτος
1571 1135 1648 1193 τὴν
1675 1133 1798 1189 ἀξίαν

347 1205 429 1246 τοῦ
469 1206 690 1259 πατρικίου
729 1204 955 1258 δεξάμενος
987 1201 1202 1259 Ὀδὸαχος.
1259 1203 1489 1258 ἐκπέμψειν
1527 1201 1607 1260 γὰρ
1646 1200 1852 1256 arithm&

347 1272 388 1313 εἰ
408 1268 468 1326 μή
498 1271 651 1320 Νέπως
691 1269 953 1329 ἐπεφθιίκει.
1018 1272 1202 1313 ἐπαινεῖν
1242 1272 1317 1324 δὲ,
1349 1268 1406 1319 ὥς
1433 1266 1569 1326 ἀρχὴν
1594 1269 1799 1312 ἐπιδέδει-

311 1342 449 1378 Βκται
484 1336 643 1391 ταύτην
680 1338 759 1378 τοῦ
796 1334 870 1378 τὸν
900 1335 1056 1390 κόσμον
1090 1338 1317 1393 φυλάττειν
1344 1335 1418 1378 τὸν
1454 1342 1542 1385 τοῖς
1564 1332 1800 1388 ζΡωμαίοις

349 1399 627 1458 προσήκοντα·
681 1403 756 1444 καί
770 1401 980 1445 πιστεύειν
1006 1403 1213 1456 ἐντεῦθεν,
1241 1402 1299 1452 ὥς
1325 1401 1398 1444 καί
1422 1401 1494 1444 τόν
1519 1401 1698 1455 βασιλέα
1723 1398 1800 1440 τὸν

350 1470 485 1510 ταῦτα
512 1467 745 1523 τιμησαντα
773 1470 1036 1520 καταδέξοιτο
1065 1470 1245 1521 θᾶττον,
1284 1469 1324 1510 εἰ
1347 1473 1482 1510 ποιεῖν
1508 1468 1626 1509 θέλοι
1652 1464 1705 1509 τὰ
1732 1463 1801 1506 δι’-

352 1550 478 1589 καια.
532 1535 604 1576 καί
638 1535 853 1587 βασίλειον
893 1534 1070 1590 γράμμα
1097 1533 1196 1590 περὶ
1222 1527 1281 1576 ὧν
1309 1523 1512 1589 ἠβούλετο
1540 1533 1715 1586 πέμπων
1740 1529 1852 1587 ‘ugho

252 1597 560 1657 Ἷ.64Ὀδοάχῳ,
588 1601 809 1656 πατρίκιον
836 1601 1036 1659 ἐντούτῳ
1063 1602 1123 1658 τῷ
1152 1598 1371 1656 γράμματι
1398 1595 1670 1651 ἐπωνόμασε.
1697 1600 1799 1640 ταῦ-

352 1681 405 1708 ca
438 1667 486 1707 δὲ
513 1665 827 1716 συνεσπούδαζε
855 1668 913 1724 τῷ
943 1669 1116 1709 Νέπωτι
1144 1665 1167 1707 ὅ
1196 1666 1342 1721 Ζήνων
1370 1665 1416 1707 ἐκ
1441 1666 1524 1706 τῶν
1550 1660 1703 1705 ἑαυτοῦ
1729 1678 1800 1704 κα·

447 1744 483 1787 4.
516 1744 847 1792 συνησθησόμενοι
868 1744 1042 1786 Cantocl„
1066 1744 1348 1790 συνθησόμενοι
1374 1743 1470 1788 vulg.
1546 1755 1598 1778 12-
1609 1741 1803 1787 εἴσηγῆσε-
1856 1765 1860 1770 .

451 1793 545 1824 σθαι
556 1791 649 1825 coni.
659 1793 697 1826 B.
763 1794 814 1827 13.
828 1791 1006 1826 κατιόντα
1017 1791 1112 1832 Val.,
1137 1792 1310 1827 κατιόντι
1331 1791 1428 1836 vulg.
1473 1788 1695 1836 ι4.προέξοιε
1707 1789 1804 1835 vulg.

355 1860 513 1894 Profecti
549 1865 635 1893 sunt
658 1860 769 1905 igitur
807 1871 851 1897 ex
884 1866 1011 1894 senatu
1038 1862 1196 1894 Romano
1222 1861 1313 1900 viri,
1345 1860 1409 1905 qui
1433 1857 1500 1893 hos
1522 1868 1705 1893 sermones
1730 1858 1804 1901 By*

357 1908 518 1943 zantium
542 1906 737 1940 deferrent.
785 1906 920 1940 Iisdem
947 1906 1075 1941 diebus
1094 1912 1271 1941 venerunt
1303 1910 1340 1940 et
1359 1917 1380 1938 a
1401 1906 1542 1950 Nepote
1570 1903 1712 1945 nuntii,
1735 1904 1804 1950 qui

357 1954 493 1987 Zenoni
524 1954 732 1987 restitutum
759 1955 956 1999 imperium
980 1954 1268 1998 gratularentur,
1306 1958 1344 1986 et
1366 1953 1486 1997 ipsum
1510 1952 1802 1991 obtestarentur,

357 2005 401 2034 ut
425 2000 523 2035 omni
551 2011 660 2044 opera
685 2005 722 2034 et
746 2001 868 2034 studio
893 2001 1010 2042 illum,
1027 2002 1091 2046 qui
1117 1999 1245 2036 eodem
1263 2005 1425 2044 tempore
1449 1999 1589 2039 eodem,
1613 2007 1686 2043 quo
1711 1997 1805 2041 ipse,

359 2059 443 2080 casu
471 2047 623 2080 afflictus
649 2052 756 2088 esset,
784 2047 822 2080 in
847 2047 1055 2092 recipiendo
1080 2047 1233 2091 imperio
1258 2046 1469 2088 adiuvaret,
1507 2050 1544 2080 et
1567 2044 1741 2089 pecunias
1766 2049 1807 2078 et

360 2095 538 2127 exercitus
564 2098 601 2127 et
624 2093 716 2135 alia,
743 2105 838 2139 quae
862 2105 951 2139 opus
976 2094 1116 2135 forent,
1141 2093 1412 2138 suppeditaret,
1448 2104 1520 2138 quo
1550 2090 1608 2124 illi
1643 2090 1804 2124 reditum

359 2141 406 2173 ad
428 2140 618 2184 pristinam
650 2141 832 2173 fortunam
855 2145 1008 2186 pararet.
1058 2141 1155 2174 Haec
1180 2140 1244 2186 qui
1269 2140 1432 2174 dicerent
1454 2139 1573 2182 Nepos
1599 2136 1708 2170 misit.
1757 2137 1806 2171 At

361 2188 454 2220 Zeno
481 2186 559 2228 his,
589 2187 653 2232 qui
676 2192 861 2228 venerant,
897 2187 987 2221 haec
1011 2198 1181 2232 responsa
1213 2186 1333 2220 dedit:
1370 2184 1610 2225 senatoribus,
1643 2183 1727 2216 illos
1759 2193 1805 2217 ex

363 2233 506 2266 duobus
533 2244 623 2278 quos
648 2233 692 2265 ab
719 2234 870 2267 Oriente
898 2235 1139 2279 accepissent,
1163 2233 1445 2278 Imperatoribus
1471 2242 1584 2265 uuum
1610 2229 1806 2274 expulisse,

361 2284 401 2313 et
426 2279 659 2313 Anthemium
695 2281 878 2315 occidisse.
927 2281 1032 2315 Nunc
1066 2281 1156 2326 quid
1190 2281 1261 2318 sibi
1295 2281 1391 2314 facto
1427 2290 1517 2324 opus
1553 2281 1668 2316 esset,
1704 2277 1806 2321 ipsos

363 2326 459 2359 dixit
482 2328 695 2370 perspicere.
745 2328 966 2371 Imperatore
995 2329 1093 2362 enim
1121 2327 1314 2372 superstite
1349 2337 1424 2359 non
1447 2325 1556 2357 aliam
1583 2322 1718 2357 debere
1740 2333 1806 2356 va-

359 2373 440 2405 lere
467 2374 697 2413 sententiam,
722 2385 829 2419 quam
855 2379 896 2411 ut
919 2374 1027 2407 illum
1055 2373 1267 2408 redeuntem
1292 2374 1509 2417 exciperent.
1559 2369 1614 2404 Ad
1638 2381 1681 2405 ea
1707 2379 1807 2410 vero,

362 2429 459 2464 quae
474 2417 647 2452 barbarus
662 2422 864 2457 nuntiarat:
893 2426 990 2454 recte
1016 2426 1053 2455 et
1076 2421 1170 2455 iuste
1194 2420 1383 2461 facturum,
1407 2419 1439 2452 si
1463 2417 1634 2462 aNepote
1646 2417 1807 2460 Impera-

362 2472 445 2499 tore
471 2465 636 2500 Odoacer
664 2468 877 2510 patriciatus
915 2468 1130 2513 dignitatem
1155 2467 1361 2512 susciperet.
1408 2466 1497 2499 Eam
1528 2475 1565 2497 se
1590 2463 1647 2496 illi
1673 2461 1808 2496 missu-

361 2523 460 2552 rum,
493 2511 565 2544 nisi
590 2512 710 2555 Nepos
743 2515 980 2557 praevenerit.
1038 2514 1202 2549 Laudare
1234 2523 1271 2546 se
1306 2523 1401 2551 eum,
1435 2510 1534 2557 quod
1566 2511 1636 2543 iam
1671 2519 1808 2543 morem

362 2559 535 2593 Romanis
562 2560 834 2592 convenientem
863 2571 1002 2594 servare
1032 2561 1210 2605 inceperit
1232 2558 1390 2604 ideoque
1415 2557 1608 2598 confidere,
1630 2556 1726 2596 sore,
1766 2559 1809 2588 ut

363 2606 645 2648 Imperatorem,
670 2606 732 2649 qui
757 2607 861 2639 illum
887 2606 957 2639 hoc
979 2607 1118 2642 honore
1144 2607 1323 2645 affecerit,
1345 2605 1375 2638 si
1400 2603 1547 2649 quidem
1570 2605 1666 2636 iusta
1689 2602 1807 2634 facere

366 2652 496 2691 vellet,
522 2662 630 2696 quam
655 2652 810 2695 primum
836 2655 1024 2697 reciperet.
1071 2655 1116 2688 Et
1139 2656 1179 2687 in
1203 2652 1335 2686 litteris
1353 2651 1472 2695 regiis,
1497 2650 1630 2696 quibus
1644 2648 1806 2684 odoacro

368 2698 592 2734 voluntatem
619 2708 721 2733 suam
749 2699 976 2744 significaret,
1004 2712 1086 2737 eum
1110 2699 1304 2746 patricium
1329 2698 1536 2735 nominavit.
1587 2696 1690 2743 Quae
1715 2695 1809 2731 Zeno
