1838 3210
284 501 611 556 ΠΕΡΙ
699 486 1420 560 ΠΡΕΣΒΕΩΝ

608 641 1101 691 ΡΩΜΑΙΩΝ

492 770 724 820 ΠΡΟΣ
777 771 1201 820 ΕΘΝΙΚΟΤΣ,

152 892 302 945 Ὅσους
328 898 519 949 ἐδέξαντο
549 899 743 953 πρέσβεις
769 901 974 952 βασιλέων
995 897 1221 952 Ῥωμαίων
1248 898 1424 954 ἐθνικοὶ,
1462 901 1534 942 καί

186 971 290 1033 ποίῳ
319 972 504 1029 σχήματι
530 973 704 1024 τούτους
733 977 945 1028 ἐδέξαντο,
973 975 1046 1017 καὶ
1067 978 1166 1028 μεθ’
1193 974 1338 1024 ὁποίας
1363 978 1503 1031 δοχῆς.

188 1155 314 1225 DE
375 1167 797 1228 LEGATIS
858 1165 1505 1229 ROMANORUM

532 1310 577 1358 A
605 1309 655 1357 D
719 1309 768 1358 G
801 1310 844 1357 E
876 1310 922 1357 N
952 1310 996 1357 Τ
1028 1310 1072 1357 E
1101 1310 1146 1358 s.

131 1438 245 1488 Quos
282 1437 430 1491 legatos
474 1439 766 1491 Imperatorum
804 1439 1075 1477 Romanorum
1114 1444 1248 1492 gentes
1290 1438 1522 1479 admiserint
1538 1469 1552 1493 ,

202 1527 281 1567 qua
309 1513 438 1553 forma
463 1527 530 1554 eos
556 1515 779 1568 exceperint
795 1543 805 1561 ‚
848 1521 887 1552 et
914 1527 1019 1567 quae
1043 1514 1087 1553 in
1112 1513 1191 1554 illis
1217 1514 1472 1555 admittendis

702 1589 965 1629 observarint.

548 1810 1127 1851 ΠΡΟΟΙΜΙΟΝ.

116 1884 269 1962 Οσοι
295 1916 375 1956 τῶν
402 1915 534 1956 πάλαι
552 1917 650 1957 ποτὲ
672 1917 876 1967 βασιλέων
896 1930 942 1956 τε
964 1932 1034 1956 και
1061 1915 1241 1956 ἰδιωτῶν
1265 1915 1322 1969 μή
1352 1914 1426 1957 τὸν
1451 1916 1620 1957 νοῦνΕά.
1631 1919 1706 1953 Par.
1723 1932 1737 1955 ι

125 1978 419 2036 παρεσύρησαν
445 1978 613 2035 ἡδοναῖς
643 1975 669 2034 ἢ
696 1979 1128 2033 κατεμαλακίσθησαν,
1157 1978 1263 2021 ἀλλὰ
1285 1978 1330 2021 τὸ
1360 1982 1435 2034 τῆς
1462 1966 1612 2033 usu-Ed·
1623 1966 1710 2001 ven·
1725 1978 1737 2001 ¹

126 2049 208 2100 χῆς
234 2046 397 2099 εὐγενὲς
425 2045 675 2099 α’κηλιῖἳωτον
704 2044 829 2101 ἀρετῇ
857 2043 1161 2098 συνετήρησαν,
1202 2039 1316 2086 ουτοι
1349 2043 1400 2098 δή
1431 2039 1548 2086 ουτοι

101 2113 200 2164 final
223 2108 364 2159 πόνοις
385 2111 711 2166 ἐνεκαρτέρησαν
735 2111 807 2150 καί
831 2106 966 2163 λόγοις
994 2106 1357 2164 ἑνησχολήθησαν,
1377 2107 1451 2150 καὶ
1476 2105 1552 2150 αλ-

126 2181 196 2225 λος
211 2170 312 2217 ἄλλο
333 2190 400 2229 τι,
429 2177 512 2217 τῶν
541 2172 631 2217 ὅσοι
661 2173 927 2229 λογικώτερον
945 2174 1176 2227 ἐπεβίωσαν
1192 2205 1204 2228 ,
1231 2173 1424 2223 παιδεώις
1450 2175 1547 2229 ἐρα·
1562 2184 1589 2217 Β

125 2240 228 2283 orat*
250 2237 460 2295 γεγονότες
485 2238 807 2295 σπουδαιότερόν
833 2255 926 2282 τινα
952 2238 1290 2294 συνεγράψαντο,
1320 2240 1441 2281 τοῦτο
1468 2240 1546 2292 μὲν

214 2320 249 2354 6.
269 2316 495 2366 λογιώτερον
517 2318 610 2352 coni.
636 2317 795 2355 Cantocl.

501 2425 1116 2471 ‚PROOEMIUM-

127 2486 378 2562 Quicumque
391 2516 480 2550 olim
506 2526 607 2560 reges
634 2522 697 2550 aut
722 2516 852 2561 privati
874 2520 1030 2549 mentem
1047 2514 1294 2559 voluptatibus
1315 2525 1390 2548 non
1414 2513 1544 2559 depra-

126 2567 256 2595 varunt
279 2567 341 2594 aut
365 2562 634 2603 emolliverunt‚
657 2562 721 2596 sed
740 2563 899 2594 innatam
922 2561 1059 2605 ingenii
1077 2562 1169 2601 vim,
1194 2561 1296 2594 nulla
1320 2561 1403 2594 labe
1423 2571 1542 2605 asper-

127 2619 226 2649 sam,
254 2609 425 2652 integram
453 2608 580 2641 virtuti
605 2613 848 2648 reservarunt,
873 2607 955 2647 illi,
983 2608 1041 2641 illi
1065 2608 1228 2653 inquam,
1249 2608 1391 2640 labores
1416 2611 1542 2658 pertu-

126 2655 247 2687 lerunt
271 2660 308 2688 et
332 2655 401 2687 arti
425 2655 569 2688 dicendi
591 2655 750 2688 studium
774 2659 811 2687 et
838 2664 980 2698 operam
1003 2659 1246 2694 navaverunt,
1261 2659 1299 2687 et
1321 2664 1454 2693 eorum,
1474 2651 1541 2696 qui

127 2700 257 2734 litteris
283 2700 454 2746 reliquam
480 2702 589 2734 vitam
604 2700 883 2746 impendebant,
904 2710 986 2733 cum
1006 2700 1191 2733 doctrinae
1209 2700 1334 2744 cupidi
1359 2705 1396 2733 et
1417 2708 1540 2730 aman-

126 2750 180 2780 tes
202 2747 443 2788 exstitissent,
469 2747 665 2781 accuratius
679 2746 856 2793 quaedam
876 2746 968 2782 alius
986 2746 1056 2780 alia
1082 2746 1386 2792 conscripserunt,
1407 2743 1538 2790 partim
