1924 3164
311 183 425 240 336
885 198 1169 241 ExcERPTA

127 301 630 359 Δ.0.’579οἷρχιερωσύνην
658 301 812 342 διέπων
849 298 924 350 τοὶς
948 301 1174 349 &comulas
1212 301 1383 353 βίβλους
1411 301 1526 359 αύτῷ
1557 299 1629 343 διὰ
1668 302 1762 343 τῶν

141 357 355 440 Ὶῖἧΐῖ“ζέν
381 367 494 424 μέσῳ
519 365 594 414 τὰς
618 366 808 420 α’γγελίας
828 364 1155 427 διακομιζόντων
1179 364 1420 419 ἐνεχείρισε.
1450 368 1524 407 καί
1549 364 1606 420 ὃς,
1633 368 1751 408 δολε-

257 428 266 437 ’
310 431 476 490 ρώτατά
504 448 592 480 πως
629 429 970 487 ἐπικρυψάμενος
1011 428 1084 472 τὸν
1125 433 1243 483 νοῦν,
1274 431 1496 472 α’νίσταταί
1513 447 1558 473 τε
1597 433 1642 473 ἐκ
1677 433 1752 486 τῆς

308 501 532 554 καθέδρας,
567 497 639 538 καί
676 496 753 539 σὺν
785 496 904 555 φόβῳ
941 498 1070 552 δῆθεν
1099 498 1236 553 πολλῷ
1263 495 1335 537 καί
1353 494 1589 550 σεβάσματι
1615 499 1751 539 ταῦτα

305 561 691 620 προσποιησάμενος
734 564 956 617 δέχεσθαι,
985 561 1058 604 καί
1097 561 1389 618 προσκυνήσας
1424 559 1722 617 προθυμότατα
1737 565 1779 615 ,5

306 626 459 683 ὄμνυσι
496 628 598 671 κατὰ
630 629 706 671 τοῦ
740 629 994 684 λαλήσαντος
1023 626 1073 670 τὰ
1121 631 1166 671 ἐν
1200 633 1290 677 ταῖς
1328 626 1469 681 ἁγίαις
1525 629 1754 683 διφθέραις

306 692 472 751 ῥήματα
489 696 606 748 θεοῦ,
626 696 756 750 μηδὲν
778 696 861 738 τῶν
883 696 1109 750 εἰρημένων
1136 697 1236 749 παρ’
1266 693 1399 734 adron?
1427 690 1754 747 διαψεύσεσθαι.

306 761 478 815 δέχεται
514 762 737 816 τοιγαροῦν
774 760 796 802 ὅ
832 761 975 816 Σῆθος
1011 758 1110 808 τούς
1137 761 1235 815 παρ’
1265 754 1400 800 αύτοῦ
1426 760 1643 815 πρέσβεις,
1682 757 1758 800 καὶ

307 823 552 869 ἀποστέλλει
593 828 652 876 εἷς
688 825 766 882 τήν
802 825 1002 886 βασιλίδα
1044 826 1220 883 Τιβερίῳ
1263 827 1322 882 τῷ
1350 822 1640 880 αὐτοκράτορι.
1676 825 1755 873 ἕως

307 894 355 935 δὲ
383 893 495 936 οἵτε
521 893 716 948 πρέσβεις
745 890 820 948 τήν
844 894 906 941 εἷς
933 890 1008 946 τὴν
1053 889 1360 944 βασιλεύουσαν
1392 889 1513 932 πόλιν
1552 888 1653 932 ὁδὸν
1689 890 1818 933 δι-ισ

304 958 457 1014 ήνυον,
487 957 562 1001 καί
587 958 610 1000 ὅ
639 958 911 1014 αὐτοκράτωρ
942 955 1088 1011 ἒζιιελλε
1115 958 1250 999 ταῦτα
1279 953 1562 1009 ἀκούσεσθαι,
1592 954 1615 996 ὅ
1654 957 1753 998 Χα-

180 1024 430 1083 Ρ.η9γάνος
457 1025 503 1067 ἐν
529 1026 643 1083 μέσῳ
673 1020 954 1078 διαμελλήσας
981 1023 1123 1075 οὐδὲν,
1162 1021 1275 1080 πάσῃ
1313 1015 1474 1078 σπουδῇ
1513 1020 1585 1063 καί
1623 1024 1752 1062 πολυ-

299 1091 464 1148 χειρίᾳ,
502 1088 726 1145 συμπάσης
761 1089 879 1147 αὐτῷ
918 1091 994 1144 τῆς
1017 1088 1231 1145 Ἀβάρων,
1262 1085 1320 1137 ὦς
1358 1089 1486 1129 εἰπεῖν
1496 1120 1508 1139 ,
1551 1087 1753 1142 στρατιᾶς

303 1153 601 1210 συμπονούσης
621 1187 634 1208 ,
682 1155 891 1212 ἐγεφύρου
947 1152 1018 1196 τὸν
1064 1153 1280 1207 ποταμὸν,
1309 1156 1452 1195 θεῖναι
1500 1151 1752 1206 βουλόμενος

302 1223 404 1277 πρὶν
433 1216 509 1276 ἢὸ
549 1218 819 1277 αὐτοκράτωρ
864 1216 998 1262 αὖτοῦ
1026 1219 1259 1275 συννοήσας
1311 1217 1356 1262 τὸ
1397 1218 1615 1273 βούλευμα
1657 1217 1806 1262 δια-15

303 1286 480 1329 κωλύειν
521 1285 649 1329 αύτὸν
690 1288 735 1328 ἐκ
771 1288 853 1328 τῶν
893 1286 1068 1328 ἐνόντων
1096 1284 1370 1341 ἐπιχειρήσω.

414 1351 493 1394 λα’.
536 1349 628 1394 ’Ότι
669 1352 934 1408 ἀφικομένων
982 1353 1065 1393 τῶν
1101 1353 1316 1407 πρέσβεων
1354 1354 1436 1394 ταῖν
1470 1348 1665 1407 Ἀβάρων
1692 1350 1753 1400 εἷς

303 1416 379 1473 τὴν
405 1418 605 1472 βασιλίδα
621 1451 634 1471 ,
663 1417 738 1459 καί
763 1415 986 1459 αἰτούντων
1013 1415 1085 1458 τὸν
1114 1414 1402 1473 αὐτοκράτορα
1429 1414 1754 1472 παρασκευάσαι

303 1482 383 1533 τοὶς
419 1485 520 1532 ναῦς
559 1485 616 1540 τῷ
655 1483 840 1540 Χαγάνῳ
883 1481 955 1523 καὶ
979 1483 1031 1538 τῇ
1061 1484 1236 1538 στρατιᾷ
1265 1484 1350 1524 ταῖν
1385 1479 1580 1538 Ἀβάρων
1607 1482 1650 1531 ἐς
1677 1479 1753 1523 τὸν

292 1543 455 1605 Ἴστρον
485 1549 764 1605 διαβησομένη
806 1547 912 1589 κατὰ
952 1549 1218 1602 Σκλαβηνῶν,
1257 1544 1524 1604 (θαρῥοῦντα
1551 1546 1631 1603 γάρ
1671 1541 1806 1602 ἦδηαο

303 1613 379 1657 τὸν
391 1613 589 1670 Χαγάνον
618 1615 662 1662 ἐς
689 1611 764 1669 τήν
793 1611 939 1669 φιλίαν
966 1611 1042 1668 τήν
1075 1609 1207 1654 αύτοῦ
1234 1612 1308 1667 τήν
1326 1611 1515 1670 γέφυράν
1541 1628 1584 1655 τε
1612 1614 1655 1661 ἐς
1680 1609 1754 1654 τὸν

201 1686 298 1734 V.87
311 1678 424 1725 Σάον
478 1678 734 1736 ἐργάζεσθαι
778 1676 990 1733 ποταμὸν,
1043 1677 1118 1720 καὶ
1161 1674 1394 1732 βούλεσθαι
1444 1676 1545 1727 τούς
1591 1674 1754 1726 κοινούς

401 1794 434 1817 2.
460 1779 673 1825 ἐνεχείρισε
695 1777 775 1812 add.
802 1779 845 1813 H.
1010 1778 1041 1812 5.
1070 1777 1352 1825 προθυμότατα
1375 1778 1469 1823 vulg.
1551 1779 1585 1813 6.
1608 1773 1754 1824 ὄμνυμι

399 1828 496 1872 vulg.
591 1838 610 1870 7
625 1851 634 1860 .
671 1827 747 1859 τῶν
771 1825 851 1858 add.
873 1825 915 1858 N.
1030 1837 1081 1859 ιο.
1106 1826 1159 1862 εἰς
1182 1823 1251 1867 τὴν
1280 1825 1362 1859 add.
1387 1825 1430 1858 N.
1594 1823 1754 1867 διήνυον

401 1875 459 1916 H.,
481 1871 645 1907 διδώνου
662 1873 769 1918 vulg,
795 1870 981 1907 διώδευον
994 1871 1037 1906 Ν.
1118 1872 1169 1916 ι4.
1182 1872 1322 1919 θεῖναι]
1348 1874 1466 1919 πέρας
1490 1869 1684 1906 ἐπιθεῖναι
1707 1870 1752 1904 N.

308 1964 489 1990 sacrorum
515 1956 734 1997 potestatem
760 1950 942 1992 habebat,
967 1951 1091 1984 statim
1115 1955 1239 1986 sancta
1259 1951 1379 1985 Biblia
1413 1961 1479 1995 per
1506 1949 1753 1984 internuntios

309 2001 407 2037 tradi
443 2000 561 2033 iussit.
609 1999 654 2031 Et
688 1998 751 2031 ille
785 1997 932 2043 quidem
964 1997 1148 2031 occultans
1184 2009 1247 2038 ea,
1284 2008 1379 2043 quae
1412 2002 1534 2030 mente
1559 1996 1755 2037 volvebat,

309 2049 426 2084 multo
454 2058 535 2080 cum
560 2050 715 2078 tremore
741 2049 776 2077 et
800 2056 927 2090 magna
952 2055 1034 2078 cum
1062 2046 1264 2078 reverentia
1297 2054 1334 2077 se
1364 2055 1406 2077 ea
1430 2044 1609 2087 suscipere
1634 2043 1754 2077 simu-

311 2097 408 2134 lans,
430 2091 598 2139 procedit
621 2103 640 2125 e
667 2090 860 2131 cathedra,
886 2096 922 2124 et
946 2091 1056 2128 alacri
1081 2090 1202 2125 animo
1228 2092 1266 2124 in
1292 2101 1407 2136 genua
1434 2090 1666 2135 provolutus,
1688 2090 1753 2122 iu-

312 2143 407 2176 ravit
428 2151 494 2185 per
518 2139 626 2171 deum
643 2163 652 2178 ‚
674 2138 737 2183 qui
762 2148 942 2171 sacrorum
966 2138 1142 2171 librorum
1167 2138 1275 2172 verba
1300 2137 1498 2177 emisisset,
1523 2147 1561 2169 se
1584 2135 1623 2168 in
1647 2137 1752 2171 nullo

313 2199 452 2228 eorum,
476 2197 569 2232 quae
593 2185 756 2225 dixisset,
781 2185 929 2217 mentiri
955 2189 992 2216 et
1014 2184 1152 2222 fallere,
1176 2186 1304 2230 Itaque
1330 2184 1458 2217 Sethus
1483 2181 1628 2215 admisit
1653 2183 1753 2227 lega-

313 2240 372 2269 tos
398 2233 442 2267 ab
480 2245 522 2267 eo
556 2233 707 2269 missos,
739 2236 776 2263 et
807 2230 853 2263 ad
885 2232 1140 2276 Imperatorem
1170 2231 1359 2264 Tiberium
1391 2231 1430 2264 in
1456 2231 1587 2274 regiam
1622 2228 1752 2262 urbem

312 2281 523 2315 transmisit.
573 2280 668 2313 Dum
691 2277 801 2322 legati
837 2278 906 2311 iter
932 2283 1127 2322 peragunt,
1162 2283 1199 2311 et
1233 2278 1431 2321 Imperator
1466 2287 1526 2309 eos
1557 2275 1755 2309 admittere

312 2332 434 2372 parat,
460 2326 647 2371 Chaganus
671 2326 810 2358 interea
837 2334 926 2368 opus
950 2335 1024 2357 non
1050 2324 1267 2365 intermisit,
1299 2323 1360 2356 sed
1386 2323 1484 2355 omni
1503 2333 1604 2363 cura,
1630 2320 1751 2355 studio

314 2379 353 2407 et
379 2373 592 2416 diligentia,
623 2377 701 2405 toto
730 2373 884 2404 Avarum
917 2372 1079 2404 erercitu
1112 2371 1151 2403 in
1173 2382 1251 2404 eam
1275 2381 1348 2403 rem
1375 2369 1630 2407 incumbente,
1660 2378 1754 2414 pon-

312 2425 388 2454 tem
420 2430 526 2463 super
553 2418 619 2452 Sao
652 2417 802 2450 flumine
835 2417 999 2451 absolvit.
1049 2417 1193 2451 Etenim
1225 2417 1396 2461 perficere
1429 2427 1518 2460 opus
1553 2419 1752 2456 statuerat,

312 2472 509 2511 antequam
538 2474 579 2496 ea
601 2474 655 2497 res
682 2463 726 2496 ad
747 2464 976 2508 Imperatoris
998 2465 1239 2509 coguitionem
1251 2463 1414 2503 veniret,
1441 2473 1511 2504 ne,
1536 2463 1566 2495 si
1582 2462 1752 2503 resciret,

314 2512 601 2547 aedificationem
624 2509 828 2543 disturbare
850 2515 1016 2543 tentaret.

407 2560 461 2594 31.
509 2559 634 2601 Itaque
661 2557 815 2601 profecti
838 2558 992 2590 Avarum
1022 2557 1132 2602 legati
1161 2558 1201 2589 in
1220 2555 1351 2599 regiam
1371 2554 1520 2595 urbem,
1554 2553 1600 2587 ab
1627 2554 1749 2598 Impe-

313 2612 432 2640 ratore
453 2604 642 2649 petierunt
656 2627 664 2642 ,
689 2608 730 2635 ut
749 2614 856 2636 naves
883 2609 1114 2648 praepararet
1137 2602 1306 2648 Chagano
1325 2608 1361 2635 et
1376 2602 1527 2634 Avarum
1554 2601 1750 2640 exercitui,

314 2652 449 2698 quibus
464 2652 554 2684 Istro
576 2649 727 2682 traiecto
747 2649 786 2680 iu
802 2650 985 2683 sclavinos
1009 2654 1203 2683 moverent.
1252 2648 1394 2681 Etenim
1411 2647 1616 2693 Chaganum
1635 2646 1750 2680 fiden-

314 2704 389 2733 tem
407 2697 566 2731 amicitia
582 2721 591 2736 ,
618 2706 711 2740 quae
732 2695 790 2728 illi
814 2706 892 2728 cum
909 2697 1074 2731 Romanis
1100 2701 1176 2730 erat
1186 2701 1201 2735 ,’
1221 2695 1292 2727 iam
1314 2699 1459 2739 pontem
1483 2701 1620 2727 struere
1640 2702 1749 2735 super

314 2746 386 2780 Sao
409 2744 557 2780 flumine
579 2742 878 2789 propositumque
903 2742 1038 2779 habere
1048 2768 1061 2785 ,
1095 2751 1300 2778 communes
1321 2752 1402 2775 suos
1422 2742 1543 2779 hostes
1562 2745 1599 2776 et
1619 2739 1750 2774 Roma-
