1924 3164
582 167 618 206 E
657 164 941 209 MENANnm
979 166 1251 210 ms'romA.
1514 150 1588 208 38
1603 172 1621 206 ι

183 263 232 305 δέ
261 278 368 313 τινες
395 265 470 305 τοῦ
501 260 638 320 φυ’λου
666 264 712 308 τὸ
742 265 850 309 κατὰ
883 269 998 324 σφᾶς
1027 267 1183 318 αὐτούς
1213 268 1520 324 ἅναφανέντες,
1550 267 1800 319 οῧςΑ.ο.563

181 324 292 371 εἶναι
319 327 458 384 ἔλεγον
483 332 567 372 τῶν
594 332 806 374 α’παισίων
830 333 1054 387 ἐλατῆρας,
1095 334 1231 388 ἀγχοῦ
1257 328 1390 390 ἦλθον
1419 337 1502 377 τῶν
1529 330 1764 392 meginda-

180 393 430 450 Ζήμαρχον.
489 394 563 437 καί
584 397 724 438 τοίνυν
752 394 920 439 ἅπαντα
949 395 1029 440 ὅσα
1058 400 1309 456 ἐπεφέροντο
1338 402 1496 456 φορτία
1524 376 1802 456 ἇρά-ῗςῃεῐω14

179 475 320 512 μενοι,
353 458 507 503 ἔθεσαν
534 463 580 504 ἐν
621 463 750 520 μέσῳ.
806 459 894 504 εἶτα
922 470 1008 512 τοῖς
1034 467 1112 506 τοῦ
1138 464 1312 519 λιβάνου
1340 465 1508 516 κλάδοις
1535 468 1620 523 πῦρ

157 523 435 579 5ιίνάψαντες,
461 528 512 584 τῇ
530 529 718 584 Σκυθικῇ
737 529 859 584 φωνῇ
878 528 1078 585 βάρβαρα
1098 526 1202 572 ἄττα
1221 530 1392 587 ῥήματα
1419 531 1632 586 ὕπεψιθύ-

182 592 314 646 ριζον,
345 593 700 646 ἐπιπαταγοῦντες
729 594 775 635 δὲ
805 591 976 636 κώδωνί
1006 611 1092 637 τινι
1119 596 1193 637 καί
1216 593 1416 654 τυμπάνῳ
1444 594 1632 653 ὕπερθεν

179 660 258 698 τοῦ
290 655 450 714 φόρτου
489 660 742 714 περιέφερον
783 658 831 701 τὸ
872 663 1093 715 φυλλῶδες
1119 664 1196 703 τοῦ
1223 660 1396 715 λιβάνου
1427 664 1478 719 τῇ
1507 666 1633 719 φλογὶ

179 719 465 776 λακιζόμενον,
495 723 568 765 καὶ
596 720 688 776 ἅμα
712 723 924 780 γινόμενοι
942 724 1170 779 μανιώδεις
1197 730 1272 769 καί
1299 726 1631 783 ἐμβριμοόμενοι
1676 762 1685 767 .

177 787 232 829 τὰ
259 786 419 843 πονηροὶ
449 787 700 831 ἀπελαύνειν
728 788 923 833 ἐδόκουν·
978 788 1085 834 οὕτω
1114 794 1193 847 γὰρ
1225 792 1509 848 α’ποτρόπαιοί
1524 810 1631 844 τινες

130 850 284 895 ιοεῖναι
311 854 384 895 καί
410 853 646 905 ἀλεξίκακοι
685 853 872 898 ἐδόκουν.
938 857 1411 913 ἆποδιοπομπησάμενοι
1439 857 1500 914 ’,δὴ
1530 853 1636 914 οὖν,

180 916 237 967 ὥς
266 913 415 976 ᾤοντο,
447 919 500 962 τὰ
534 921 747 978 δυσχερῆ,
788 921 1024 979 Ζήμαρχόν
1063 939 1108 965 τε
1136 922 1269 965 αὐτὸν
1306 924 1363 964 δι’
1392 920 1520 980 αὐτῆς
1546 941 1630 966 πα-

178 981 360 1040 ρήγαγον
400 986 474 1040 τῆς
520 984 694 1041 φλογός·
752 982 837 1038 ὧδέ
864 1004 908 1030 τε
952 987 1100 1040 ἔδοξαν
1123 990 1197 1030 καί
1222 990 1336 1044 σφᾶς
1370 989 1628 1045 ἄφαγνίζειν.

177 1049 340 1092 τούτων
382 1052 428 1092 δὲ
467 1050 598 1109 ταύτῃ
626 1054 908 1107 γεγενημένων
927 1085 940 1107 ,
979 1052 1124 1096 ἔπειτα
1166 1053 1410 1110 ἐπορεύοντο
1438 1053 1515 1105 ξῦν
1542 1061 1630 1105 τοῖς

176 1117 219 1165 ἐς
247 1114 294 1157 τὸ
323 1113 478 1157 τοιόνδε
506 1118 791 1171 τεταγμένοις,
824 1118 892 1160 ἵνα
921 1118 942 1161 ὃ
973 1116 1172 1173 Χαγάνος
1201 1116 1329 1168 αὐτὸς
1358 1113 1427 1173 ἦν,
1457 1118 1502 1161 ἒν
1530 1114 1656 1175 ἔρειο

128 1180 260 1223 ιότινί
283 1183 485 1240 λεγομένῳ
511 1181 682 1236 Ἐκτιὶγ,
710 1183 768 1232 ὥς
797 1180 849 1225 ἂν
866 1184 975 1227 εἴποι
1000 1187 1192 1239 χρυσοῦν
1220 1179 1313 1240 ὅρος
1330 1181 1479 1239 Ἕλλην
1507 1182 1628 1241 α’νήρ.

175 1246 248 1288 καί
276 1247 416 1289 τοίνυν
444 1247 580 1288 αὐτοῦ
610 1246 887 1304 α’φικόμενοι,
923 1247 1003 1304 ὅπη
1030 1252 1260 1304 τηνικαῦτα
1286 1251 1346 1308 τῷ
1374 1249 1626 1308 Λιζαβούλῳ

173 1309 284 1368 ἦσαν
316 1312 363 1356 αἱ
392 1313 614 1368 διατριβαὶ
625 1347 638 1367 ,
679 1313 785 1356 κατὰ
816 1314 868 1370 δὴ
898 1313 1074 1357 κοιλάδα
1103 1314 1196 1358 τινὰ
1230 1318 1308 1357 τοῦ
1338 1330 1629 1371 προσαγορευ-

175 1379 326 1431 ομένου
365 1381 534 1435 χρυσοῦ
572 1373 711 1435 ὅρους·
778 1380 873 1422 ἐπεὶ
904 1377 980 1423 οὖν
1030 1379 1069 1422 οἱ
1102 1380 1202 1437 περὶ
1234 1379 1468 1436 Ζήμαρχον
1495 1383 1628 1423 ἐκεῖσε

173 1444 411 1500 ἐφοίτησαν,
439 1445 688 1502 μετάκλητοι
716 1445 928 1502 γενόμενοι
955 1449 1219 1502 παραχρῆμα
1251 1449 1326 1488 τοῦ
1354 1444 1625 1500 Αιζαβούλου

119 1506 307 1565 αοῆλθον
337 1512 380 1561 ἐς
409 1506 521 1564 ὄψιν.
553 1507 606 1568 ἦν
633 1515 680 1555 δὲ
709 1509 795 1570 ἄρα
825 1512 945 1556 ἔνδον
972 1516 1144 1568 σκηνῆς,
1174 1514 1362 1567 καθῆστο
1393 1513 1438 1554 δὲ
1465 1511 1537 1553 ἐπὶ
1562 1513 1629 1553 δι-

170 1575 325 1632 τρόχου
355 1579 568 1634 καθέδρας
593 1580 787 1634 χρυσῆς,
819 1576 1038 1634 ἑλκομένης
1049 1611 1061 1632 ,
1092 1576 1264 1634 ὁπηνίκα
1302 1576 1411 1630 ἔδει,
1450 1578 1526 1633 ὑφ’
1554 1579 1745 1622 i'n-V.1o3

171 1659 251 1684 που
281 1640 387 1692 ἑνός.
442 1643 736 1699 προσειπόντες
775 1647 821 1686 δὲ
857 1644 927 1687 τὸν
954 1643 1196 1700 βάρβαρον,
1227 1643 1283 1693 ὥς
1312 1643 1410 1692 ἔθος
1441 1644 1613 1696 αὐτοῖς,

112 1706 116 1710 ’
170 1707 223 1750 τὰ
253 1710 372 1764 δῶρα
410 1713 669 1765 προΐσχοντο.
727 1710 801 1752 καὶ
836 1713 977 1753 τοίνυν
1006 1708 1069 1760 οἷς
1097 1726 1143 1765 γε
1181 1711 1303 1752 τοῦτο
1332 1708 1378 1752 ἐν
1408 1708 1624 1765 φροντίσιν

265 1800 296 1822 2.
323 1788 516 1824 ἀπαισίων
538 1788 603 1829 Ν.,
628 1787 828 1823 &novatam
848 1790 943 1834 vulg.
1086 1790 1106 1823 3
1130 1809 1178 1815 —
1207 1789 1236 1822 5.
1263 1787 1383 1821 Verba
1406 1787 1616 1832 ἐπεφέρον-

263 1845 306 1867 το
332 1853 371 1860 -
396 1835 563 1879 βάρβαρα
580 1860 589 1874 ,
622 1846 716 1880 quae
747 1836 787 1867 in
820 1836 894 1868 Ecl.
933 1835 1169 1875 exciderunt,
1194 1847 1238 1867 ex
1264 1834 1374 1868 Suida
1409 1844 1434 1866 s.
1466 1845 1496 1867 v.
1523 1845 1622 1878 φορ-

264 1883 327 1914 τία
359 1883 521 1916 restituit
552 1882 718 1925 'l‘oupius
745 1882 772 1914 1.
796 1893 831 1926 p.
858 1884 936 1918 552.
963 1882 1035 1927 (ed.
1073 1881 1134 1922 L.)
1161 1881 1205 1913 N.
1303 1881 1333 1914 5.
1379 1879 1491 1913 ἐάττα
1523 1881 1621 1926 vulg.

262 1929 364 1962 εἰᾶτο
391 1929 434 1962 Η.
459 1930 564 1961 Recte
583 1927 665 1960 Val.
1180 1943 1188 1949 -

169 1997 418 2041 ostenderent,
446 1998 485 2030 in
510 2006 575 2030 sua
599 1995 746 2040 regione
774 1995 862 2028 ferri
883 1994 1028 2029 fodinas
1050 2005 1139 2028 esse.
1186 1994 1260 2027 Alii
1282 2003 1429 2039 quoque
1452 1992 1620 2027 homines

171 2055 215 2077 ex
239 2044 363 2077 eadem
402 2049 507 2090 gente
542 2054 579 2076 se
616 2043 714 2087 ipsos
745 2048 874 2086 sponte
911 2041 1184 2081 exhibuerunt,
1222 2052 1314 2086 quos
1344 2039 1515 2072 dicebant
1539 2051 1618 2074 esse

171 2101 396 2124 aven-uncos.
447 2091 492 2124 Hi
519 2101 599 2122 cum
631 2088 676 2121 ad
701 2088 932 2121 Zemarchum
964 2087 1216 2128 accessissent,
1243 2087 1391 2120 sarcinis
1415 2086 1617 2129 depositis,

170 2137 290 2171 thuris
325 2139 413 2172 folia
440 2135 682 2170 incenderunt
700 2160 709 2174 ‚
736 2134 977 2180 Scythicaque
1002 2135 1127 2179 lingua
1152 2134 1277 2167 nescio
1303 2143 1395 2179 quae
1419 2133 1531 2166 verba
1556 2144 1617 2165 su-

171 2191 378 2224 sun-arunt,
401 2190 438 2218 et
470 2181 731 2217 tintinnabulis
757 2187 867 2226 atque
894 2182 1074 2226 tympanis
1100 2185 1322 2220 resonantes,
1346 2178 1475 2212 folium
1496 2178 1614 2212 thuris

170 2231 254 2275 igne
283 2243 364 2264 cum
389 2231 545 2275 strepitu
576 2231 776 2262 laceratum,
800 2227 1123 2267 circumferebant,
1155 2231 1193 2260 et
1213 2227 1336 2260 surore
1374 2226 1504 2271 perciti
1538 2225 1614 2259 fre-

170 2282 409 2323 mentemque,
434 2277 628 2310 daemones
657 2275 842 2318 depellere
865 2273 982 2308 videri
1004 2273 1188 2307 volebant.
1234 2273 1393 2306 Adversa
1417 2273 1549 2317 igitur,
1572 2277 1615 2305 ut

171 2325 448 2364 existimabant,
484 2324 557 2357 alio
590 2322 773 2362 aversuri,
804 2320 1035 2354 Zemarchum
1067 2321 1186 2364 ipsum
1209 2330 1274 2364 per
1296 2320 1474 2352 flammam
1499 2317 1615 2352 duxe-

170 2376 277 2411 runt,
302 2383 374 2417 quo
401 2372 474 2404 ritu
497 2381 534 2403 se
560 2370 656 2414 ipsos
672 2378 817 2413 quoque
835 2368 1003 2400 lustrasse
1029 2366 1099 2400 sibi
1111 2366 1339 2400 videbantur.
1364 2366 1428 2399 His
1453 2366 1503 2398 ita
1527 2375 1614 2398 con-

163 2416 298 2457 fectis,
325 2415 589 2451 deducentibus
625 2415 757 2461 quibus
781 2414 851 2447 hoc
876 2424 1007 2447 munus
1033 2413 1286 2454 incumbebat,
1314 2413 1360 2446 ad
1383 2413 1523 2452 locum,
1547 2411 1615 2445 ubi

171 2468 249 2496 erat
272 2463 472 2508 Chaganus,
498 2463 536 2494 in
560 2468 695 2502 monte,
724 2463 788 2506 qui
817 2465 967 2493 vocatur
989 2460 1087 2503 apud
1110 2460 1206 2504 ipsos
1222 2461 1344 2504 Ectag.
1368 2464 1528 2492 montem
1549 2468 1615 2490 au-

170 2520 270 2543 reum
286 2511 436 2550 diceres,
449 2510 604 2554 profecti
620 2513 713 2542 sunt.
743 2509 785 2540 In
809 2507 917 2540 huius
934 2506 1096 2539 convalle
1120 2512 1196 2539 tum
1220 2506 1390 2549 temporis
1416 2510 1493 2539 erat
1504 2504 1614 2537 Disa-

171 2557 250 2590 buli
279 2557 516 2590 domicilium.
538 2556 631 2590 llluc
656 2566 736 2587 cum
761 2555 958 2593 venissent,
973 2554 1094 2588 vocati
1114 2554 1232 2586 statim
1257 2552 1303 2585 ad
1317 2551 1525 2597 Chaganum
1549 2561 1610 2583 ac-

172 2609 366 2637 cesserunt.
414 2605 447 2636 Is
474 2613 559 2636 vero
586 2604 680 2635 intra
704 2601 901 2634 tentorium
916 2611 1020 2632 suum
1044 2600 1195 2633 sedebat
1218 2600 1256 2632 in
1279 2599 1370 2632 sella
1397 2598 1536 2631 duabus
1550 2607 1611 2629 ro-

171 2652 218 2683 tis
244 2651 413 2690 suffulta,
437 2660 554 2694 quae,
582 2650 612 2682 si
638 2659 727 2692 opus
756 2652 865 2686 esset,
890 2657 964 2678 uno
991 2658 1085 2692 equo
1111 2645 1331 2680 trahebatur.
1382 2645 1501 2689 Quem
1526 2653 1608 2675 cum

170 2697 399 2736 salutassent,
426 2706 596 2735 munera,
632 2701 672 2728 ut
696 2705 773 2727 mos
799 2698 866 2731 est,
891 2693 1145 2736 protulerunt.
1170 2704 1263 2739 quae
1290 2692 1342 2730 hi,
1379 2691 1512 2736 quibus
1537 2689 1608 2722 hoc

170 2743 382 2777 mandatum
407 2747 504 2784 erat,
539 2745 785 2787 susceperunt.
849 2740 943 2773 Tum
980 2738 1208 2773 Zemarcbus:
1258 2738 1392 2780 ‚‚Tibi,
1419 2736 1559 2782 iuquit,
1583 2746 1604 2768 o
