1924 3164
331 173 442 229 526
698 186 962 230 PmsciANi
1001 186 1390 228 PANEGYRICUS.

329 297 412 335 Nee
440 297 549 351 prius
577 294 718 332 enituit
753 294 878 345 pietas
895 321 906 342 ,
935 305 1054 345 quam
1082 298 1184 330 tecta
1214 279 1366 338 salute,

329 363 391 401 Ex
419 363 617 413 insperato
645 357 809 397 dederat
836 371 956 410 quam
984 357 1142 395 Numen
1171 355 1350 409 Olympi.

330 427 418 465 Hoc
445 440 512 464 rex
542 425 790 476 omnipotens
816 425 858 462 in
886 421 1002 461 vobis
1028 423 1111 474 ipse
1141 421 1324 474 probavit
1342 451 1353 469 ‚

330 492 412 542 Qui
440 490 591 543 peperit
618 487 813 528 mundum
832 517 843 538 ‚
873 488 941 540 qui
973 486 1123 525 lumine
1150 493 1294 525 cuneta
1321 493 1458 525 tuetur
1475 516 1487 536 ,

330 558 461 607 Quem
490 554 668 594 recolens
696 554 828 593 animo
856 554 1058 592 veneraris
1083 560 1240 606 tempus
1265 553 1306 591 in
1333 566 1451 592 omne
1467 582 1480 602 ,

330 620 572 675 Pignoribus
602 620 730 672 dignis
754 618 962 658 decoratus
988 618 1188 671 sanguinis
1215 618 1312 670 apti.

438 685 540 725 Nam
568 685 666 739 quid
693 697 1000 723 commemorem
1028 683 1145 722 Pauli
1173 683 1379 722 mitissima
1407 682 1527 722 corda
1545 712 1556 733 ‚

333 752 465 802 Quem
492 750 565 790 tibi
593 751 797 803 coniungit
823 751 1027 788 munimen
1057 748 1185 787 laudis
1209 748 1420 800 honestas,

330 817 420 856 Non
445 815 573 856 solum
601 816 755 870 generis
782 814 998 854 venerandi
1025 813 1185 854 vincula
1217 828 1327 853 sacra
1345 818 1365 853 Τ

331 883 436 922 Nam
462 895 594 922 mores
619 882 799 935 sequitur
825 880 1044 919 mediocres
1073 887 1231 933 pectore
1259 887 1381 919 casto.

443 949 527 988 Ore
555 961 696 987 canam
724 960 900 1001 quonam
928 947 1083 1000 pietatis
1113 945 1287 984 culmina
1315 952 1474 997 tantae,

335 1015 428 1064 Qua
451 1013 584 1053 fratris
612 1019 727 1052 natos
755 1013 888 1051 animo
916 1011 1186 1065 complecteris
1214 1025 1342 1064 aequo
1360 1041 1372 1061 ,

333 1080 422 1119 Non
453 1081 586 1132 patrui
610 1085 769 1118 tantum
787 1108 799 1130 ,
824 1078 893 1117 sed
917 1079 1038 1132 patris
1061 1090 1172 1116 more
1196 1075 1386 1115 colendo?

342 1143 482 1184 Indole
508 1158 608 1198 quos
640 1146 770 1184 nutris
793 1143 932 1197 dignos
959 1150 998 1182 et
1028 1144 1150 1196 stirpe
1176 1149 1402 1196 parentum.

334 1210 500 1263 Hypatii
521 1212 643 1249 vestri
666 1210 835 1249 referam
858 1209 1067 1248 fortissima
1094 1209 1218 1257 sacta,

336 1277 418 1326 Qui
448 1274 654 1329 Scythicas
681 1281 814 1328 gentes
845 1275 943 1327 ripis
963 1274 1132 1327 »depellit
1156 1274 1207 1313 ab
1233 1274 1384 1325 Histri,

336 1342 467 1392 Quem
486 1340 587 1380 vidit
610 1340 789 1380 validum
808 1340 983 1379 Parthus
997 1370 1006 1388 ,
1039 1341 1239 1392 sensitque
1260 1339 1481 1378 timendum
1499 1342 1517 1376 ’ἶ

449 1406 559 1456 Quas
580 1405 716 1445 laudes
738 1407 899 1444 meritas
921 1404 1125 1458 Augustae
1155 1406 1286 1443 dicere
1315 1406 1462 1457 possim
1481 1409 1499 1443 ?

335 1471 491 1511 Auctor
521 1485 623 1524 quae
646 1470 775 1509 fiserat
802 1478 1008 1509 tantorum
1028 1477 1067 1510 et
1095 1485 1212 1509 causa
1244 1470 1468 1520 bonorum,

339 1532 450 1576 Dum
470 1538 646 1590 patrium
679 1538 810 1575 munit
838 1544 922 1575 tam
944 1536 1059 1575 firmo
1087 1537 1265 1589 principe
1291 1551 1456 1588 regnum
1472 1565 1484 1586 ‚

339 1602 620 1655 Permittitque
642 1604 731 1642 viro
758 1602 955 1641 mundum
978 1616 1140 1655 seseque
1164 1602 1371 1640 tuendam.

339 1669 400 1707 Ex
432 1669 540 1707 omni
563 1681 698 1708 sensus
718 1669 866 1707 invicta
889 1668 1075 1721 cupidine
1097 1682 1220 1720 prava
1234 1697 1245 1718 ,

340 1733 463 1771 Cuius
479 1733 585 1771 fama
605 1733 693 1786 piae
723 1732 913 1786 vulgatur
944 1735 987 1771 in
1016 1733 1201 1779 omnibus
1220 1734 1314 1772 oris.

339 1798 437 1837 Plus
465 1798 557 1837 fecit
588 1812 710 1851 quam
741 1796 849 1851 quod
875 1813 987 1837 sexus
1014 1806 1257 1837 concesserat
1281 1798 1370 1848 illi,

342 1863 521 1903 Provida
544 1877 636 1902 cum
663 1870 820 1902 tantum
847 1865 1028 1903 Romano
1061 1864 1212 1916 profuit
1238 1864 1338 1903 orbi.

453 1929 612 1967 Numen
628 1958 640 1980 ‚
669 1930 778 1982 quod
806 1929 959 1968 caelum
981 1960 993 1981 ,
1021 1937 1169 1968 terram
1202 1937 1448 1983 pontumque
1474 1927 1609 1967 revisit
1627 1956 1638 1975 ‚

343 1995 532 2034 Ausoniis
552 2002 684 2034 servet
712 1997 844 2048 regnis
867 1995 965 2034 haec
985 2010 1151 2034 munera
1173 2009 1349 2047 semper,

342 2061 633 2113 Barbariaeque
653 2060 757 2100 ferae
788 2062 944 2114 capiant
977 2063 1068 2114 iuga
1092 2075 1187 2100 vera
1213 2061 1396 2099 subactae
1411 2090 1423 2112 ,

349 2126 532 2179 Votaque
557 2126 765 2167 firmentur
785 2127 924 2180 populi
956 2128 1159 2180 sanctique
1186 2134 1359 2166 senatus.

1681 353 1759 395 285

1686 695 1763 735 290

1689 1008 1767 1074 295

1699 1663 1774 1704 305

1698 1991 1777 2029 310
