1924 3164
283 83 395 153 422
873 101 1154 144 EXCERPTA

102 215 193 254 Ac,
209 203 416 260 58¹yv2'13,
451 207 525 247 καὶ
551 201 707 258 ἔφασκε
737 201 1016 261 Ζαχαριζι,ὥς
1044 205 1258 258 ἐνοχλοῖτο
1285 202 1367 246 ὕπὸ
1387 207 1466 248 τοῦ
1491 196 1733 266 ’Ταχοσδρῶ

138 263 216 317 [nd.
235 268 269 307 Νι
284 273 357 314 zac*
381 271 440 320 ὥς
466 267 670 325 ἐσήμηνέν
699 265 760 320 οἱ,
787 266 863 322 τὴν
890 273 1136 323 προθυμίαν
1160 271 1235 324 τοῦ
1263 274 1445 326 στρατοῦ
1472 270 1581 316 εἶναι
1615 275 1732 333 α’φόα

117 307 275 366 'siber-4
291 353 450 394 ρητον,
479 332 821 389 ἕγχαλινοῧσθαί
855 350 900 375 τε
932 330 1141 377 ἀδύνατον
1162 369 1175 389 ,
1220 337 1342 378 τοῦτο
1379 338 1458 389 μὲν
1495 339 1541 380 ἐν
1567 344 1741 390 πολλαῖς

285 400 468 458 μυριάσι
496 400 796 454 ξυνιοταμένης
822 401 893 455 τῆς
922 403 1139 456 Περσικῆς
1169 400 1413 456 δυνάμεως,
1442 407 1564 450 τοῦτο
1596 407 1643 448 δὲ
1669 410 1744 449 καί

287 471 331 517 ἐς
359 466 411 508 τά
441 465 624 519 μάλιστα
647 463 812 520 ἷεμένης
840 464 918 520 τήν
940 466 1170 520 εΡωμαίων
1197 465 1368 510 ἅπασαν
1393 468 1467 512 καὶ
1495 469 1547 526 δὴ
1574 472 1769 527 παραυ-5

240 536 379 576 Βτίκα
408 532 706 589 πυρπολήσξιν·
748 530 823 573 καί
848 529 918 585 ὥς,
952 533 992 574 εἰ
1015 534 1094 585 μὲν
1116 533 1326 587 “Ρωμαῑόι
1352 536 1530 590 ἕλοιντο,
1558 540 1653 579 καθ’
1693 534 1743 580 ὃν

287 595 341 642 ἂν
369 596 583 650 βούλοιντο
611 596 766 652 τρόπον
794 598 984 652 Πέρσαι,
1016 598 1259 651 ἐμπεδῶσαι
1285 598 1362 650 τὰς
1389 600 1577 652 σπονδὰς
1594 635 1606 655 ,
1637 598 1746 660 ἆφέῑ-

286 666 436 714 §soem
445 664 527 705 τῶν
544 658 695 704 ὅπλων·
718 663 758 704 εἰ
779 665 825 704 δέ
845 679 890 717 γε
909 659 958 705 οὗ
978 664 1202 719 βούλοιντο,
1218 668 1500 722 ξυγχωρήσειν
1527 664 1643 726 αὐτῷ
1670 669 1747 722 ἐμ·-

287 733 432 785 βαλεῖν
460 730 723 786 παραχρῆμα
751 730 795 780 ἐς
821 730 898 785 τήν
924 727 1033 787 ἑῴαν
1054 731 1294 784 “Ρωμαι’ων·
1324 733 1424 774 οῦδὲ
1450 731 1530 790 γάρ
1556 732 1748 786 ἀνθέξειν

291 793 451 844 αὐτούς
496 791 573 836 κᾶν
606 797 709 849 γοῦν
755 792 827 837 τὸν
863 795 1018 838 κτύπον
1054 799 1138 838 τῶν
1177 800 1398 854 φαρετρῶν
1427 801 1503 841 τοῦ
1530 802 1808 855 Περσικοῢῐῡ

297 860 561 902 ἀκούσεσθαι
600 861 803 916 πλήθους.
850 855 989 911 ἄλλως
1029 877 1075 903 τε
1115 863 1162 904 δὲ
1205 864 1392 906 δεδιέναι
1428 862 1502 919 τήν
1542 867 1621 907 τοῦ
1659 865 1748 908 κατ’

292 923 450 975 αὐτούς
475 927 683 979 βασιλέως
710 924 838 981 ὀργὴν
887 928 931 975 ἐς
972 928 1131 983 χρόνον
1172 927 1343 971 τοσόνδε
1386 930 1752 985 ἀναβαλλομένους

294 990 370 1033 τὸν
397 989 589 1045 πόλεμον.
633 988 745 1033 οὕτω
781 993 860 1045 μὲν
892 988 969 1035 οὖν
1005 993 1028 1035 ὅ
1066 993 1259 1049 Ἀνδίγαν
1301 993 1569 1052 δολερώτατά
1605 995 1755 1040 τεκαὶ

293 1053 633 1109 ἆλαζονικοότατα
661 1060 722 1116 τῷ
748 1057 891 1117 κόμπῳ
926 1060 1191 1116 χρησάμενος
1223 1064 1308 1103 τῶν
1334 1060 1536 1118 ῥημάτων
1555 1095 1568 1116 ,
1602 1060 1753 1106 ἐπλάτ-

292 1139 386 1166 τετο
403 1121 542 1166 ἑκοντὶ
565 1123 625 1180 μή
654 1123 907 1181 προσίεσθαι
934 1127 1012 1166 τοῦ
1039 1124 1220 1180 πολέμου
1263 1126 1307 1169 τὸ
1341 1126 1625 1179 αὐτεξούσιον.
1652 1130 1809 1172 συν-15

294 1188 355 1239 εἰς
381 1191 427 1231 δὲ
455 1190 528 1231 καὶ
554 1190 780 1246 Ζαχαρίας
807 1188 854 1232 τό
888 1189 1107 1246 ἀπατηλὸν
1144 1195 1228 1234 τῶν
1271 1193 1526 1249 εἰρημένων,
1566 1197 1640 1237 καί
1678 1191 1754 1250 τὴν

293 1257 572 1310 κομπολογίαν
601 1258 913 1311 παραπέτασμα
943 1253 1051 1299 εἶναι
1079 1259 1157 1299 τοῦ
1183 1258 1390 1312 ψεύδους,
1418 1252 1482 1312 »ὦ
1506 1256 1753 1315 Ἀνδι’γαν,”

178 1319 400 1377 Ρ.ι74ἔφη,
428 1317 539 1373 „oziae
565 1323 612 1364 ἐν
638 1323 698 1379 τῷ
727 1322 892 1379 οἷπατᾷν
918 1320 964 1364 τὸ
995 1323 1179 1380 ἐχέφρον
1208 1326 1431 1379 δηλοῦται,
1459 1325 1647 1379 μάλιστα
1676 1325 1755 1368 τοῦ

297 1381 573 1439 ἆπατωμὲνου
602 1384 847 1440 ξυνειδότος.
884 1382 913 1442 ἦ
941 1387 1022 1443 γάρ
1061 1389 1142 1430 οἴει
1167 1405 1223 1441 με
1247 1388 1307 1444 μὴ
1339 1391 1656 1443 ἕξεπάττασθαι,
1696 1391 1756 1441 ὥς
1804 1410 1810 1424 ν

288 1449 527 1505 πλάσματά
566 1453 655 1494 ἐστι
691 1450 744 1493 τὰ
772 1444 855 1493 ’ὑπὸ
910 1456 1097 1508 Περσῶν
1136 1453 1409 1510 πρασσόμενά
1446 1471 1490 1498 τε
1523 1456 1598 1499 καὶ
1637 1453 1811 1512 λεγό-Ἅο

297 1532 455 1570 μενοι»
481 1519 554 1559 καί
599 1513 724 1559 οὐδὲν
763 1516 906 1572 ἕτερον
933 1514 960 1573 ἢ
991 1517 1161 1575 δόκησις
1211 1524 1289 1562 καί
1323 1521 1646 1576 οἷποσκιάσματα
1682 1522 1758 1566 καί

301 1585 576 1638 φενακισμοι’;
611 1583 685 1626 καί
712 1581 768 1632 ὥς
795 1582 848 1625 σύ
881 1583 1012 1634 αὕτὸς
1044 1583 1209 1629 ἅπαντα
1237 1588 1374 1630 ταῦτα
1411 1587 1755 1646 ἒδραματούργη-

304 1738 378 1774 sibi
402 1741 553 1774 molesta
579 1750 680 1782 esse,
716 1751 808 1786 quae
832 1753 853 1774 a
879 1740 1089 1777 Tachosdro
1123 1743 1380 1778 nuntiarentur
1401 1757 1410 1779 ε
1442 1745 1579 1779 etenim
1603 1756 1670 1791 per
1690 1745 1756 1780 lit-

303 1791 401 1820 teras
427 1787 652 1832 significare,
677 1787 934 1821 incredibilem
962 1799 1040 1822 esse
1067 1790 1199 1823 Persici
1230 1791 1410 1825 exercitus
1444 1791 1490 1825 ad
1522 1792 1757 1838 pugnandum

304 1833 551 1874 alacritatem,
585 1844 680 1879 quae
704 1835 808 1868 nullo
836 1835 944 1869 modo
969 1837 1159 1881 comprimi
1182 1842 1316 1881 posset.
1374 1838 1548 1873 Constare
1573 1840 1759 1872 Persarum

302 1880 420 1913 aciem
443 1880 570 1913 multis
597 1880 789 1914 hominum
817 1881 981 1915 millibus
999 1907 1007 1922 ,
1039 1883 1172 1928 quibus
1198 1883 1294 1917 nihil
1318 1884 1420 1919 aliud
1457 1886 1506 1919 sit
1542 1885 1582 1920 in
1613 1886 1760 1927 animo,

303 1937 414 1972 quam
441 1926 481 1959 in
515 1927 759 1960 Romanorum
791 1928 881 1962 fines
919 1928 1094 1973 impetum
1125 1930 1267 1972 facere,
1302 1931 1454 1978 eosque
1476 1931 1552 1977 igni
1587 1932 1759 1978 ferroque

302 1979 468 2017 vastare3
494 1973 578 2007 illos
603 1972 753 2018 quidem
781 1975 888 2008 armis
913 1980 1196 2019 temperaturos,
1235 1977 1265 2009 si
1291 1979 1443 2012 Romani
1468 1990 1509 2012 ea
1532 1978 1757 2020 conditione,

300 2030 375 2066 qua
399 2020 524 2053 Persae
549 2020 758 2063 voluerint,
781 2020 931 2055 foedera
957 2022 1121 2056 fecerint.
1172 2024 1236 2057 Sin
1262 2025 1466 2059 recusarint
1484 2050 1494 2066 ‚
1519 2035 1559 2059 se
1581 2025 1655 2059 illis
1676 2036 1760 2070 per-

301 2066 510 2110 missurum,
534 2071 575 2099 ut
591 2066 771 2101 Romanos
796 2067 843 2100 ad
866 2067 1054 2102 Orientem
1078 2070 1367 2115 aggrederentur.
1417 2070 1525 2117 Quod
1543 2072 1574 2104 si
1592 2072 1733 2106 accidat
1748 2097 1760 2114 ,

303 2111 485 2146 Romanos
510 2124 558 2147 ne
579 2113 708 2147 auditu
728 2113 878 2160 quidem
900 2114 980 2159 ipso
1005 2114 1198 2161 strepitum
1219 2116 1467 2162 pharetrarum
1486 2118 1646 2152 Persicae
1663 2118 1761 2152 mul-

302 2160 479 2193 titudinis
504 2165 733 2194 sustenturos
759 2171 847 2195 esse.
895 2161 942 2194 Ni
969 2161 1132 2204 faciant,
1163 2164 1292 2198 timere
1317 2176 1364 2199 ne
1402 2166 1440 2198 in
1470 2175 1508 2198 se
1542 2165 1631 2198 iram
1663 2165 1759 2212 regis

305 2205 363 2238 sui
396 2211 669 2248 commoveant,
720 2208 820 2253 quod
850 2211 952 2242 tanto
989 2214 1154 2254 tempore
1190 2210 1402 2245 distulerint
1446 2211 1586 2245 bellum
1623 2222 1760 2258 gerere.

305 2251 363 2285 Ad
404 2251 503 2286 hunc
540 2253 692 2287 modum
729 2253 897 2299 Andigan
934 2254 1062 2288 doloso
1099 2262 1136 2290 et
1166 2258 1400 2304 magniloquo
1431 2257 1622 2291 verborum
1663 2259 1760 2293 fastu

309 2302 436 2339 utens,
484 2299 680 2334 simulabat
721 2301 871 2335 minime
915 2311 953 2335 se
987 2303 1134 2337 volente
1171 2304 1309 2338 bellum
1350 2305 1448 2346 fieri,
1489 2305 1589 2350 quod
1628 2312 1760 2351 sponte

312 2350 526 2389 erupturum
551 2351 657 2380 esset.
708 2346 798 2380 Cum
831 2352 953 2381 autem
983 2348 1166 2383 Zacharias
1200 2352 1287 2384 satis
1322 2351 1545 2396 intelligeret
1570 2351 1760 2394 fraudem,

312 2402 407 2437 quae
447 2391 594 2426 suberat
628 2392 707 2434 his,
741 2405 835 2440 quae
867 2394 1032 2439 Andigan
1066 2395 1233 2438 dixerat,
1268 2402 1305 2431 et
1343 2398 1525 2443 exquisito
1566 2399 1763 2434 verborum

312 2442 443 2470 ornatu
466 2439 592 2483 q‘uacri
616 2440 774 2474 colorem
800 2445 836 2473 et
859 2447 1088 2486 praetextum
1112 2444 1314 2483 mendacin,
1335 2444 1393 2485 „0
1415 2444 1601 2490 Andigan‚
1624 2447 1762 2494 inquit,

311 2495 389 2517 non
425 2485 465 2517 in
491 2484 708 2529 decipiendo
733 2487 929 2531 prudentia
954 2489 1179 2530 declaratur,
1209 2491 1364 2524 maxime
1392 2490 1421 2524 si
1449 2491 1502 2531 is,
1530 2493 1595 2537 qui
1619 2492 1761 2538 decipi-

305 2534 399 2572 tur,
432 2530 490 2571 id,
524 2530 624 2576 quod
656 2534 795 2577 agitur,
832 2534 1024 2580 intelligat.
1082 2536 1175 2570 Num
1210 2538 1305 2571 enim
1342 2538 1525 2571 existimas
1563 2550 1621 2573 me
1654 2540 1762 2584 igno-

314 2587 421 2617 rare,
450 2577 519 2610 ista
542 2578 688 2618 omnia,
723 2591 816 2624 quae
854 2581 980 2616 Persae
1011 2582 1139 2616 dicunt
1171 2589 1207 2617 et
1237 2585 1396 2624 faciunt,
1437 2595 1515 2618 esse
1547 2596 1602 2619 res
1637 2587 1761 2627 fictas,

313 2634 433 2668 neque
459 2623 580 2665 aliud,
604 2636 713 2670 quam
738 2628 1022 2670 simulationem,
1055 2635 1092 2663 et
1124 2636 1216 2664 artes
1249 2635 1287 2664 et
1323 2636 1434 2667 tectas
1469 2632 1637 2672 fraudes,
1671 2643 1761 2678 quas

314 2674 355 2704 tu
381 2670 458 2715 ipse
484 2677 705 2710 commentus
731 2684 779 2716 es,
805 2679 846 2708 ut
867 2677 1045 2711 Romanos
1073 2677 1380 2723 perterrefacias?
1413 2678 1484 2713 Sed
1510 2691 1585 2715 non
1615 2679 1760 2721 faciam.
