1924 3164
272 177 345 234 68
854 192 1128 234 EXCERPTA
1175 212 1177 216 .

267 296 496 341 Ἰουλιανόν
524 298 580 346 ὥς
602 297 644 346 ἔς
680 294 754 351 τήν
786 293 1004 347 βασιλείαν
1041 288 1268 348 ὦφελήσων
1294 288 1435 332 αὖτόν.
1476 288 1498 331 ὅ
1528 292 1713 334 &flav-³

269 362 412 417 μα’σας
437 361 482 405 τὸ
513 363 588 418 τῆς
610 359 876 413 ὑποσχέσεως
904 356 1018 410 ὕψος
1045 353 1218 410 ἑτοίμως
1245 354 1493 410 ὑπήκουσεν.
1547 356 1639 399 ἐπεὶ
1665 359 1712 400 δὲ

270 426 388 484 παρὰ
430 429 556 480 δόξαν
597 423 851 479 α’πήντησεν,
900 422 924 464 ὅ
950 419 1176 471 Ἰουλιανὸς
1203 419 1463 477 ἀντιγράψας
1493 421 1613 476 λόγον
1638 422 1713 478 τήν

272 490 429 535 ἑαυτοῦ
466 490 643 544 δύναμιν
677 491 851 546 ἐξέφηνε
897 487 971 529 καὶ
1002 486 1050 529 τὸ
1092 489 1164 542 τῆς
1192 484 1361 543 φύσεως
1390 487 1714 544 ἀνυπέρβλητον.

273 557 314 600 οἱ
342 560 389 600 δὲ
431 556 678 604 α’κούσαντες
703 554 1027 608 καταπλαγέντες
1046 550 1121 608 τήν
1148 552 1329 606 δύναμιν
1356 552 1432 594 τοῦ
1462 550 1608 606 λόγου,
1637 548 1739 596 ata-5

272 621 546 679 &dnep'steofi
573 618 888 677 προσεκύνησαν
927 617 1002 674 τήν
1031 619 1369 676 φιλανθρωπίαν,
1402 614 1466 659 ὅτι
1492 616 1563 660 τὸν
1590 621 1717 671 βασι-

272 687 387 730 λικὸν
412 685 554 740 θυμὸν
584 687 749 727 διέλυσε
790 685 931 740 λογικῇ
960 683 1188 741 φιλοτιμία.
1246 679 1268 723 ὅ
1309 684 1356 725 δὲ
1397 684 1470 725 καί
1495 680 1618 741 ἑτέρῳ
1643 681 1721 725 λά·-

271 769 330 811 γῳ
357 751 429 794 τὸν
457 749 581 794 αὐτὸν
613 748 779 794 κυνικὸν
807 748 1017 804 ἐτιζιιησεν.

96 817 185 851 A.c.
197 819 264 853 363
384 817 448 860 ιε’.
494 814 586 859 ’Ὅτι
611 818 668 874 τῷ
695 817 904 871 Ἰουλιανιῇ
930 809 1112 869 ἤκμαζεν
1139 813 1163 855 ὅ
1190 811 1297 868 πρὸς
1323 815 1500 871 Πέρσας
1526 813 1715 868 πόλεμος,

128 866 197 944 1Ξῖ
200 864 349 945 {jssrdg
376 899 421 925 τε
450 880 661 931 Σκυθικοὶς
690 879 871 935 κινήσεις
901 875 1038 935 (ὅσπερ
1062 881 1394 935 ἐγκρυπτομένας
1419 878 1481 922 ἔτι
1507 883 1770 933 *κυματιυῐο

276 947 377 1004 στῆν
412 949 547 990 ἐτίθει
589 944 811 1003 πόρ’ῥωθεν
852 940 880 999 ἢ
915 947 1155 987 θεοκλυτῶν
1201 940 1229 999 ἢ
1264 943 1543 999 λογιζόμενος.
1607 944 1717 999 λέγει

270 1010 348 1056 οὖν
386 1015 654 1056 ἐπιστέλλων·
680 1008 874 1065 „End-90⁶2
904 1012 951 1053 δὲ
991 1012 1064 1052 νῦν
1101 1012 1180 1063 μὲν
1214 1010 1496 1066 ἀ’τρεμοῦσιν,
1543 1009 1644 1061 ἴσως
1669 1012 1717 1053 δὲ

270 1078 347 1120 ούκ
387 1076 732 1135 α’τρεμήσουσιν.”
787 1078 830 1125 ἐς
858 1075 1028 1118 τοσόνδε
1064 1077 1262 1126 ἐξικνεῖτο
1300 1072 1451 1131 χρόνον
1489 1078 1571 1118 τῶν
1617 1080 1718 1130 μελ-

268 1144 419 1187 λόντων
447 1144 561 1202 αὐτῷ
587 1143 612 1199 ἧ
641 1141 844 1199 πρόνοια,
870 1140 989 1194 ὥσθ’,
1019 1137 1087 1183 ὅτι
1114 1142 1185 1184 τὸν
1204 1143 1277 1188 ἐπ’
1308 1139 1438 1183 αὐτοῦ
1464 1139 1592 1194 μόνον
1619 1158 1712 1183 και,

273 1208 345 1266 ρὸν
372 1207 663 1265 ἦσυχάσουσι,
693 1205 1002 1264 προγινώσκειν.-
1723 1205 1773 1249 15

385 1273 449 1324 ις’.
496 1271 588 1316 Ὅτι
615 1273 663 1315 τὸ
696 1273 776 1330 πρὸ
820 1274 1123 1329 Κτησιφῶντος
1164 1274 1306 1315 πεδίον
1333 1272 1570 1329 ὄρχήστραν
1597 1273 1719 1315 πολέ-

151 1348 190 1382 R.
202 1351 353 1397 261μου
383 1337 583 1396 πρότερον
611 1340 865 1391 ἀποδείξας,
897 1338 953 1388 ὥς
982 1337 1118 1393 ἔλεγεν
1145 1337 1480 1392 Ἐπαμινώνδας,
1507 1336 1717 1381 Διονύσου

283 1407 436 1462 σκηνήν
464 1405 675 1447 ἐπεδείκνυ
713 1402 936 1452 Ἰουλιανὸς
952 1436 966 1458 ‚
998 1404 1161 1453 α’νέσεις
1185 1402 1301 1455 τινὰς
1327 1409 1414 1453 τοῖς
1441 1401 1719 1458 στρατιώταις

283 1471 357 1514 καὶ
377 1468 530 1527 ἡδονάς
557 1467 838 1525 ποριζόμενος.

386 1535 449 1587 ιζ’.
497 1532 588 1577 Ὅτι
616 1531 796 1589 τοσαύτη
839 1535 883 1576 ἐν
925 1540 1013 1585 τοῖς
1040 1531 1308 1591 προαστείοις
1335 1536 1645 1591 Κτησιφῶντος»
1668 1533 1772 1575 ‹2-20

277 1603 434 1659 φθονιά
470 1603 550 1643 τῶν
588 1601 833 1655 ἐπιτηδείων
872 1594 945 1655 ἦν,
998 1597 1102 1643 ὥστε
1138 1600 1215 1656 τὴν
1252 1602 1495 1657 περιουσίαν
1532 1601 1721 1642 κίνδυνον

275 1672 362 1716 τοῖς
401 1664 678 1721 στρατιώταις
706 1666 867 1721 φέρειν,
893 1663 953 1720 μή
983 1681 1079 1707 ποτε
1106 1665 1188 1707 ὑπὸ
1215 1667 1381 1722 τρυφῆς
1409 1666 1720 1722 διαφθαρῶσιν.

377 1745 427 1790 14.
454 1745 476 1788 ἤ
503 1755 571 1778 om.
597 1743 653 1777 ed.
752 1744 802 1778 16.
827 1737 869 1777 τὸ
898 1743 978 1777 add.
1004 1743 1047 1776 N.
1152 1755 1208 1782 22,
1234 1744 1378 1790 τροφῆς
1396 1743 1451 1776 ed.

375 1813 426 1857 14.
475 1812 664 1846 Heraclius
699 1812 844 1855 cynicus
883 1811 1061 1845 lulianum
1089 1812 1277 1853 invitavit,
1312 1817 1354 1846 ut
1386 1823 1423 1846 se
1452 1815 1722 1857 praeceptorem

279 1859 446 1900 audiret,
473 1870 538 1892 ceu
563 1868 672 1902 regno
698 1858 985 1891 administrando
1015 1857 1143 1891 utilem
1166 1858 1336 1892 futurum.
1384 1859 1418 1892 Is
1443 1864 1563 1892 autem
1580 1859 1721 1902 magni-

278 1906 445 1941 tudinem
471 1906 727 1949 promissorum
750 1903 942 1946 admirans,
961 1905 1128 1938 alacriter
1163 1915 1298 1938 morem
1323 1906 1440 1950 gessit.
1488 1905 1585 1947 Mox,
1609 1915 1722 1951 quum

279 1964 335 1986 res
362 1953 453 1986 citra
476 1961 574 1995 spem
600 1951 809 1990 evenisset„
825 1950 999 1992 Iulianus,
1027 1956 1151 1984 contra
1176 1951 1281 1984 illum
1306 1952 1469 1986 oratione
1494 1953 1638 1996 scripta.
1659 1951 1723 1984 in-

279 2000 427 2044 genium
454 2009 557 2032 suum
579 2002 816 2042 naturamque
848 1998 1016 2034 eximiam
1055 1997 1321 2031 demonstravit.
1371 1996 1600 2044 Quicumque
1634 2007 1720 2031 vero

279 2046 453 2090 scriptum
478 2043 572 2077 illud
598 2043 775 2088 legerunt,
785 2047 862 2075 tum
887 2044 1121 2089 eloquentiae
1142 2044 1216 2078 vim
1239 2049 1489 2088 suspexerunt,
1514 2050 1591 2078 tum
1615 2054 1723 2088 prae-

281 2092 386 2135 cipue
422 2090 556 2124 Iuliani
580 2090 829 2130 clementiam,
854 2094 1034 2136 tamquam
1058 2089 1140 2130 dci,
1164 2091 1315 2124 osculati
1339 2095 1444 2132 sunt,
1502 2091 1541 2124 ui
1565 2091 1723 2134 regalem

281 2138 370 2170 iram
392 2137 571 2170 litteraria
595 2135 858 2180 disceptatione
882 2136 1059 2175 dissolvit,
1104 2136 1247 2171 Deinde
1269 2137 1432 2171 Iulianus
1466 2146 1488 2169 a
1505 2138 1541 2170 ia
1571 2145 1721 2183 quoque

282 2183 448 2217 oratione
472 2182 637 2226 cynicum
660 2182 758 2215 ultus
785 2187 849 2216 est.

381 2230 431 2263 15.
479 2228 562 2273 Quo
594 2234 757 2273 tempore
780 2228 960 2262 Persicum
984 2227 1122 2263 bellum
1149 2228 1311 2269 calebat,
1340 2229 1503 2263 Iulianus
1535 2226 1721 2272 scythicos

281 2285 429 2321 quoque
461 2280 578 2308 motus
616 2275 772 2308 latentes
809 2274 946 2315 adhuc,
978 2276 1159 2321 procellae
1195 2276 1327 2316 instar,
1361 2276 1488 2320 procul
1517 2274 1722 2316 sentiebat,

279 2322 340 2356 vel
360 2320 420 2353 dei
438 2320 628 2355 familiaris
645 2321 784 2355 monitu
798 2346 808 2362 ‚
826 2322 885 2355 vel
905 2321 1052 2366 proprio
1077 2321 1278 2356 ratiocinio.
1303 2322 1404 2356 Dicit
1422 2333 1505 2367 ergo
1527 2322 1568 2356 in
1582 2321 1722 2367 episto-

283 2367 342 2401 la:
362 2366 537 2410 „Scythae
554 2379 651 2401 nune
672 2368 883 2413 quiescunt;
909 2367 1061 2402 fortasse
1079 2361 1200 2402 tamen
1222 2367 1316 2402 hanc
1340 2370 1499 2414 quietem
1523 2380 1598 2402 non
1634 2369 1724 2402 reti-

283 2413 462 2450 nebunt‚“
508 2413 655 2448 Scilicet
686 2414 763 2447 cius
787 2413 990 2448 futurorum
1016 2415 1174 2460 provisio
1198 2415 1237 2448 in
1261 2420 1402 2448 tantum
1426 2420 1566 2459 tempus
1591 2419 1721 2448 exten—

284 2458 459 2499 debatur,
482 2464 524 2492 ut
546 2459 629 2493 illos
660 2471 724 2494 sua
751 2466 870 2495 aetate
894 2461 1144 2496 tantummodo
1168 2472 1294 2507 pacem
1319 2467 1520 2496 servaturos
1548 2466 1632 2495 ante
1657 2471 1722 2495 co-

305 2505 457 2539 noverit.

282 2518 304 2552 g
380 2552 432 2586 16.
478 2550 642 2585 Iulianus
664 2551 702 2584 in
724 2563 849 2596 campo
870 2553 966 2598 apud
991 2553 1266 2599 Ctesiphontem
1297 2553 1386 2587 belli
1415 2552 1581 2586 choream
1604 2555 1721 2599 primo

284 2603 496 2638 ostentans,
522 2602 563 2630 ut
595 2596 717 2630 aiebat
743 2599 1031 2642 Epaminondas,
1071 2599 1202 2634 Bacchi
1245 2610 1387 2634 scenam
1424 2599 1614 2642 exhibuit,
1646 2601 1722 2634 otia

286 2643 462 2692 quaedam
486 2649 523 2689 et
541 2644 744 2688 voluptates
771 2645 951 2679 militibus
969 2646 1172 2691 indulgens.

383 2702 434 2736 ¹7·
483 2689 601 2722 Tanta
624 2695 702 2723 erat
725 2691 763 2723 in
792 2689 1037 2735 Ctesiphontis
1064 2692 1279 2727 suburbanis
1304 2703 1421 2726 rerum
1446 2693 1562 2737 copia,
1588 2697 1631 2728 ut
1652 2691 1720 2728 ab·

286 2735 463 2771 undantia
482 2735 659 2770 militibus
682 2737 881 2781 periculum
913 2740 1102 2780 creaverit,
1127 2750 1173 2774 ne
1196 2738 1338 2773 luxurie
1362 2743 1685 2785 corrumperentur.
