1924 3164
358 174 375 208 ι
387 154 461 221 44
928 174 1198 224 EXCERPTA
1233 142 1236 146 ⁴

169 277 257 311 ΑΟ.
275 277 339 323 447
351 273 397 313 δέ
425 273 514 314 ἐστι
543 270 753 329 φρούριον
772 271 991 327 καρτερὸν,
1034 271 1082 313 οὗ
1112 271 1216 314 πολὺ
1243 274 1322 326 μὲν
1352 274 1503 329 ἀπέχον
1530 278 1604 332 τῆς
1627 278 1766 320 Ἰλλυ-

153 323 564 416 .1,,Ῑ1’ἐὲ;1“4ῗ)ρίὸος,-τῷ
593 339 638 378 δὲ
668 336 833 393 Θρᾳκίῳ
862 337 1153 392 προσκειζιιενον
1179 341 1317 394 μέρει·
1365 335 1465 396 ὅπερ
1495 341 1533 385 οἱ
1561 344 1763 384 ἐνοικοῦν-

285 400 292 411 '
346 419 414 452 τες
443 399 586 458 ἄνδρες
614 401 740 443 πολλὰ
770 400 880 443 δεινὰ
922 401 1020 452 τούς
1057 403 1239 459 ἐχθρούς
1279 403 1544 460 εἰργάσαντο,
1575 409 1648 448 οὐκ
1681 405 1763 449 οἷπὸ

344 471 491 521 τειχῶν
522 464 790 519 ἆΛιιυνόμενοι,
820 465 996 518 ἄλλ’ἑξω
1034 470 1107 522 τῆς
1133 469 1293 524 τάφρου
1322 467 1462 523 μάχας
1487 470 1764 527 ὑφιστάμενοι

345 532 447 588 πρός
473 548 516 573 τε
546 528 713 586 ἄπειρον
739 534 896 587 πλῆθος
922 532 994 574 καί
1020 533 1268 588 στρατηγοὺς
1295 537 1484 589 μέγιστον
1515 537 1631 592 παρὰ
1652 534 1786 580 End-5

345 602 442 645 θαις
470 596 636 650 ἔχοντας
674 600 814 648 κλέος,
856 595 962 639 ὥστε
1002 597 1099 647 τούς
1135 601 1211 652 μὲν
1257 598 1438 649 Οὕννους
1478 599 1764 656 οἷπορήσαντας

343 664 419 703 τοῦ
449 663 654 716 φρουρίου
683 662 1025 717 ὑπαναχωρῆσαι,
1056 662 1155 713 τους
1183 666 1227 706 δὲ
1256 667 1572 721 ἐπεκτρέχοντας
1598 669 1669 707 καί
1694 681 1764 707 πε-

346 729 524 782 ραιτέρω
551 729 633 769 τῶν
661 728 819 769 οἰκείων
843 731 1103 781 γινομένους,
1137 729 1255 784 ἡνίκα
1283 727 1532 784 ἀπήγγελλον
1559 731 1699 780 αὐτοῖς
1724 729 1764 772 οἱ

344 791 493 833 σκοποί
519 793 669 834 διιέναι
697 791 796 841 τούς
822 795 1040 846 πολεμιόυς
1075 796 1190 836 λείαν
1227 796 1460 851 Ῥωμαϊκὴν
1502 794 1730 850 ἀπάγοντας
1749 829 1761 850 ‚

345 855 559 911 οἷὸὀκήτοις
595 873 637 898 τε
678 859 892 910 ἐμπίπτειν
938 858 1011 900 καί
1047 861 1227 915 σφέτερα
1263 860 1315 902 τὰ
1355 861 1518 904 ἐκείνων
1553 864 1816 903 aeternamm

244 931 278 963 Ρ.
294 919 541 978 36λάφυρα,
570 921 719 978 πλήθει
746 926 823 976 μὲν
853 925 1118 976 λειπομένους
1143 928 1225 967 τῶν
1252 922 1640 979 ἀντιπολεμούντων,
1669 926 1765 981 ἄρε-

338 988 390 1044 τῇ
419 990 464 1029 δὲ
491 989 563 1029 καί
591 987 711 1044 ῥώμῃ
743 990 1030 1045 διαφέροντας.
1060 989 1277 1039 πλείστους
1306 991 1445 1054 τοίνυν
1473 992 1511 1033 οἱ
1534 990 1764 1046 Ἀσημούν-

339 1069 421 1094 τιοι
449 1051 494 1095 ἐν
520 1054 625 1110 τῷδε
646 1053 717 1110 -τῷ
754 1055 918 1111 πολέμῳ
961 1055 1128 1103 Σκύθας
1169 1056 1248 1108 μὲν
1289 1056 1530 1098 ἀπέκτειναν
1540 1088 1552 1108 ,
1584 1056 1764 1108 Ῥωμαί-

340 1134 412 1167 ους
442 1119 487 1159 ὃὲ
513 1119 833 1173 ἠλευθέρωσαν,
871 1117 971 1167 τούς
999 1119 1044 1161 δὲ
1088 1118 1160 1160 καί
1189 1119 1508 1176 ἀποδράσαντας
1533 1122 1616 1162 τῶν
1643 1122 1763 1163 ἐναν-

337 1187 435 1225 τίων
463 1185 666 1234 ἐδέξαντο.
724 1180 799 1224 οὗκ
837 1183 1012 1238 ἀπάγειν
1050 1180 1125 1226 οὖν
1162 1183 1243 1241 ἔφη
1282 1183 1302 1226 ὃ
1341 1184 1538 1241 Ἀττήλας
1565 1183 1815 1241 στρατὸν,15

341 1246 442 1291 οὐδὲ
473 1250 694 1304 ἐπικυροῦν
722 1249 796 1299 τὰς
825 1252 898 1304 τῆς
925 1250 1089 1305 εἰρήνης
1121 1250 1352 1305 συνθήκας,
1390 1253 1430 1293 εἰ
1461 1250 1520 1305 μὴ
1560 1252 1766 1293 ἐκδοθεῖεν

341 1313 380 1354 οἱ
421 1318 521 1369 παρ’
558 1316 737 1363 ἐκείνους
773 1315 1080 1371 καταφυγόντες
1114 1316 1337 1369 Ῥωμαῖοι,
1378 1316 1451 1357 καί
1483 1314 1588 1371 ὑπὲρ
1627 1313 1765 1358 αὖταῖν

341 1382 502 1422 δοθεῖεν
529 1376 807 1434 ἆποτιμήσεις,
839 1380 1096 1436 ἆφεθείησαν
1123 1383 1168 1423 δὲ
1195 1383 1267 1423 καί
1293 1381 1332 1422 οἱ
1357 1379 1472 1436 παρὰ
1496 1382 1766 1435 Ἀσημουντί-

214 1447 255 1482 V·
274 1448 317 1482 25
335 1461 391 1487 ων
430 1446 704 1499 ἀπαχθέντες
744 1445 996 1501 αἰχμάλωτοι
1031 1444 1251 1502 βάρβαροι.
1317 1446 1536 1500 ἀντιλέγειν
1578 1448 1623 1488 δὲ
1651 1447 1764 1501 αὐτῷ

337 1511 393 1559 ὦς
422 1511 503 1564 οὐχ
532 1507 617 1560 οἷός
645 1527 689 1552 τε
717 1507 768 1565 ἦν
797 1506 890 1553 οὔτε
917 1510 1153 1562 Ἀνατόλιος
1177 1510 1515 1566 πρεσβευόμενος,
1544 1505 1636 1552 οὗτε
1659 1507 1815 1552 Θεό-20

338 1578 484 1625 ὃουλος
522 1573 544 1616 ὅ
571 1578 653 1617 τῶν
681 1579 981 1631 στρατιωτικῶν
1020 1576 1126 1619 κατὰ
1156 1576 1202 1617 τὸ
1239 1573 1418 1633 Θρᾴκιον
1442 1573 1660 1630 ταγμάτων
1709 1575 1762 1632 ἧ-

302 1640 559 1694 Βγούμενος,
590 1635 706 1697 (οὔτε
731 1642 808 1696 γὰρ
839 1640 1032 1694 ἔπειθον,
1074 1637 1167 1683 οἷῖτε
1205 1640 1255 1683 τὰ
1286 1637 1431 1695 εὔλογα
1460 1641 1761 1696 προτείνοντες,

337 1708 412 1750 τοῦ
439 1707 516 1759 μὲν
537 1704 654 1763 [γὰρ]
683 1706 895 1762 βαρβάρου
939 1704 1248 1763 τεθαρρηκότος
1277 1708 1349 1748 καί
1374 1704 1604 1762 προχείρως
1633 1707 1676 1756 ἐς
1708 1704 1760 1749 τοὶ

427 1786 460 1821 6.
498 1783 646 1838 ἔχρντες
683 1784 773 1829 vulg.
905 1782 1171 1829 ἅπορῆσαντας
1212 1784 1254 1815 N.
1269 1808 1280 1824 ‚
1321 1782 1630 1830 εἷποῤῥεύσαντας
1669 1784 1764 1828 vulg.

433 1830 485 1866 15.
511 1842 579 1864 τον
607 1838 685 1874 στρ.
699 1830 739 1864 Ν.
811 1831 866 1865 16.
891 1829 1086 1864 ἐκδοθεῖεν
1111 1830 1167 1870 Η.,
1186 1829 1389 1863 ἔκποθεῖεν
1411 1830 1502 1873 vulg.
1556 1841 1605 1874 ¹7·
1623 1827 1645 1870 ἧ
1668 1830 1766 1863 coni:

428 1877 465 1908 B.
490 1887 555 1922 pro
586 1877 660 1911 καὶ.
729 1887 783 1910 21.
808 1876 1044 1922 στρατιωτῶν
1066 1876 1160 1921 vulg.
1241 1877 1296 1910 23.
1320 1869 1395 1922 γὰρ
1418 1876 1517 1910 uncis
1541 1876 1760 1909 inclusimus.

336 1949 411 1977 tum
437 1943 481 1976 ab
505 1943 648 1987 Illyrico
674 1942 830 1984 distans,
862 1942 960 1989 quod
982 1943 1076 1988 parti
1098 1943 1273 1976 Thraciae
1297 1942 1453 1984 adiacet,
1487 1943 1586 1976 cuius
1621 1943 1760 1978 incolae

337 1991 501 2035 gravibus
527 1990 666 2023 damnis
689 1989 807 2023 hostes
831 1991 1036 2023 affecerunt.
1061 1991 1143 2022 Non
1168 1989 1223 2022 illi
1248 1989 1395 2034 quidem
1419 2000 1457 2023 se
1480 2000 1659 2022 murorum
1684 1999 1761 2022 am-

336 2038 416 2070 bitu
443 2036 659 2077 tuebantur,
683 2036 745 2068 sed
763 2040 860 2069 extra
887 2036 1154 2081 propugnacula
1179 2035 1371 2068 certamina
1387 2034 1611 2068 sustinebant
1639 2041 1759 2068 contra

338 2083 514 2115 infinitam
540 2082 747 2125 Scytharum
772 2081 1043 2116 multitudinem
1069 2086 1105 2115 et
1130 2082 1235 2114 duces
1259 2081 1376 2125 magni
1399 2081 1494 2126 apud
1517 2092 1576 2114 eos
1599 2082 1756 2118 nominis

339 2135 379 2173 et·
397 2129 685 2162 existimationis.
729 2128 857 2173 Itaque
882 2128 1005 2161 Hunni
1031 2129 1160 2160 omissa
1199 2138 1261 2172 spe
1289 2128 1334 2160 ab
1359 2126 1597 2172 oppugnando
1623 2127 1757 2171 oppido

338 2175 565 2208 destiterunt.
614 2175 672 2208 Illi
708 2179 829 2208 autem
865 2179 1031 2219 vagantes
1071 2179 1107 2207 et
1143 2185 1163 2205 a
1200 2174 1272 2206 suis
1305 2175 1444 2218 lougius
1472 2172 1697 2213 aberrantes,
1726 2173 1761 2207 si

338 2220 483 2267 quando
507 2221 627 2255 hostes
654 2220 766 2254 exisse
792 2224 829 2253 et
846 2220 996 2265 praedas
1016 2231 1059 2253 ex
1074 2221 1238 2253 Romanis
1264 2221 1397 2264 egisse,
1426 2219 1663 2263 explo‘ratores
1691 2219 1762 2252 de-

337 2268 582 2303 nuntiabant,
616 2266 845 2311 inopinantes
876 2266 1029 2311 aggressi
1061 2271 1162 2310 parta
1196 2266 1240 2298 ab
1267 2267 1319 2298 eis
1343 2265 1456 2309 spolia
1492 2265 1562 2297 sibi
1593 2263 1758 2300 vindica-

334 2312 447 2353 bant,
483 2323 632 2348 numero
664 2311 809 2358 quidem
845 2313 1034 2347 inferiores
1067 2311 1300 2352 adversariis,
1324 2311 1386 2344 sed
1409 2309 1536 2344 robore
1565 2315 1601 2343 et
1622 2310 1756 2344 virtute

333 2364 568 2404 praestantes,
614 2361 739 2403 Itaque
765 2359 959 2392 Asimuntii
983 2358 1154 2402 plurimos
1181 2367 1223 2390 ex
1248 2356 1385 2400 Scythis
1409 2357 1447 2389 in
1472 2356 1539 2390 hoc
1562 2356 1659 2390 bello
1687 2368 1757 2390 ne-

335 2411 527 2445 caverunt,
565 2410 602 2439 et
635 2405 767 2438 multos
798 2405 1037 2438 Romanorum
1071 2405 1110 2436 in
1133 2403 1336 2437 libertatem
1359 2407 1604 2442 asseruerunt,
1629 2408 1667 2438 et
1688 2402 1757 2437 ho-

336 2452 443 2484 stium
473 2452 671 2496 transfugas
696 2456 916 2495 receperunt.
966 2450 1208 2494 Quamobrem
1232 2449 1372 2488 Attilas,
1398 2459 1436 2481 se
1461 2449 1654 2482 exercitum
1681 2459 1755 2482 non

335 2502 421 2530 ante
457 2503 655 2538 moturum,
689 2502 753 2530 aut
785 2496 941 2531 foederis
978 2496 1201 2530 conditiones
1232 2501 1325 2528 ratas
1345 2494 1553 2531 habiturum
1575 2496 1754 2537 professus

338 2548 412 2583 est,
446 2553 553 2587 quam
579 2543 751 2583 Romani,
785 2544 849 2589 qui
880 2543 925 2578 ad
958 2543 1176 2576 Asiinuntios
1211 2541 1474 2585 pervenissent,
1498 2539 1754 2580 redderentur,

337 2594 400 2623 aut
423 2598 486 2632 pro
510 2587 566 2621 his
590 2589 721 2622 mulcta
755 2594 927 2623 conventa
956 2589 1173 2626 solveretur,
1205 2592 1242 2619 et
1264 2586 1504 2621 liberarentur
1541 2584 1686 2620 abducti
1714 2586 1754 2619 in

338 2636 545 2669 servitutem
567 2634 722 2668 barbari.
773 2635 892 2679 Quum
909 2660 917 2674 ‚
942 2646 1035 2679 quae
1061 2638 1181 2668 contra
1201 2642 1242 2664 ea
1269 2631 1478 2672 dissereret,
1503 2644 1573 2665 non
1603 2630 1757 2666 haberet

338 2680 527 2716 Anatolius
552 2681 689 2724 legatus
704 2705 713 2721 ,
737 2691 854 2725 neque
880 2680 1111 2720 Theodulus,
1135 2678 1446 2724 praesidiariorum
1460 2677 1633 2713 Thraciae
1657 2676 1754 2711 mili-

338 2732 416 2765 tum
438 2727 529 2769 dux,
559 2726 667 2776 (nihil
704 2726 799 2762 enim
830 2726 1030 2764 rationibus
1067 2727 1139 2764 suis
1169 2724 1359 2762 barbarum
1384 2725 1585 2769 movebant,
1611 2723 1673 2773 qui
1697 2733 1755 2760 to-
