1924 3164
679 169 1083 216 PANEGYRICUS.
1497 148 1608 227 507

149 277 268 336 δήμῳ
294 277 568 333 παρεδιΰοντο
590 281 680 325 τοῖς
708 277 878 331 θηρίοις
901 307 913 331 ,
938 273 1097 324 θεατὰς
1115 271 1280 329 ἔχοντες
1303 269 1402 322 τούς
1436 270 1483 315 τὸ
1514 287 1618 327 συγ-ι

146 346 262 400 γενὲς
296 344 372 399 τῆς
401 342 572 401 φύσεως
600 343 898 398 κεκτημένους·
932 343 1006 384 καί
1026 338 1146 397 ἥδετό
1172 357 1236 391 τις
1261 340 1350 383 σῦκ’
1382 336 1461 383 οἶδ’
1499 336 1617 389 ὅπως

150 408 258 466 οἷνὴρ
311 406 451 467 ἄνδρα
507 405 799 462 διασπώμενον
831 410 1011 462 θεωρῶν
1047 406 1134 450 ’καὶ
1175 409 1285 463 μηδὲ
1327 407 1384 465 γῇ
1411 403 1458 449 τὸ
1487 408 1614 460 σῶμα

148 474 458 533 κρυπτόμενον,
504 473 596 519 ἄλλ’
627 473 768 532 ὥσπερ
798 472 895 518 οἷντί
921 471 1063 532 τάφου
1096 474 1177 525 τὰς
1197 475 1281 518 τῶν
1319 475 1482 532 θηρίων
1509 478 1618 530 πλη-

121 544 306 601 5ροῦντα
337 543 558 600 γαστέρας.

261 608 331 659 ις’.
383 610 530 666 Ἑτέρα
562 609 610 651 δέ
637 624 701 657 τις
734 607 953 657 παντελῶς
985 606 1093 665 πρὸς
1128 604 1372 651 τούναντίον
1410 605 1617 653 ἄπὲνευσεῑ

149 676 260 717 θέα·
305 670 482 732 ἄρ’ῥενες
514 673 597 731 γὰρ
634 676 811 728 παῖδες,
851 669 992 729 ὥσπερ
1040 672 1119 729 τὴν
1157 673 1274 717 ἰδίαν
1310 674 1372 725 εἷς
1410 677 1617 728 γυναῖκας

151 738 427 796 ἀμειβόμενοι
487 740 621 799 φύσιν
641 775 655 795 ,
704 746 901 796 γυναῖκες
947 736 1103 797 ἤθελον
1142 737 1249 783 εἶναι
1293 742 1350 798 τῷ
1401 737 1618 796 σχήματι,

150 807 226 851 καί
253 810 474 851 διεκλῶντο
503 813 590 858 τοῖς
613 809 812 863 μέλεσιν,
845 807 945 851 α’ντὶ
966 805 1151 863 γλώττης
1174 809 1386 858 κινοῦντες
1411 809 1491 861 τῆν
1522 810 1618 860 χεῖ-

101 886 209 931 ιορα
225 908 236 927 ,
263 875 338 916 καί
358 876 493 930 δῆμον
520 872 618 917 ὅλον
643 872 750 929 πρὸς
782 875 940 931 ἀσελγῆ
966 876 1074 917 θέαν
1091 873 1356 928 ἑκμαίνοντες
1373 890 1385 902 ·
1418 869 1520 915 ὅθεν
1549 874 1621 915 §n-

150 939 366 994 καιόμενοι
399 938 507 997 πρὸς
546 939 637 997 ἔριν
674 935 894 997 ἅνθρωποι
926 941 999 982 καί
1036 942 1217 994 μανίαν,
1251 941 1490 997 ἒμεριζοντο
1557 937 1620 995 τῷ

150 1008 301 1061 μίσει,
347 1008 422 1050 καί
456 1011 547 1050 κατ’
598 1005 791 1063 ἀλλήλων
823 1008 1035 1050 ὠθοῦντο.
1089 1011 1223 1050 ταῦτα
1259 1009 1414 1061 τοίνυν,
1449 1001 1519 1049 οἷα
1562 1002 1616 1061 δή

151 1089 246 1115 τινα
281 1071 432 1129 κηλῖδα
469 1076 553 1116 τῶν
591 1072 791 1130 ὑπηκόων
833 1074 1087 1128 ἅπεσόβεις·
1127 1073 1202 1117 καὶ
1235 1078 1330 1116 κατ’
1361 1068 1494 1130 ἄμφω
1532 1088 1620 1116 σω-

154 1145 308 1197 φρονεῖ
328 1146 414 1191 τοῖς
434 1140 672 1198 ἀνθρώποις
697 1141 722 1196 ἡ
746 1140 877 1198 φύσις
897 1158 907 1169 ·
946 1140 991 1183 αἱ
1019 1143 1068 1184 δὲ
1095 1140 1240 1190 πόλεις
1275 1138 1496 1193 ἐσώζοντο.

104 1205 152 1247 15
266 1206 330 1258 ιζ’.
383 1208 497 1249 Ἀλλ’
528 1208 598 1250 ἵνα
628 1206 688 1263 μή
733 1207 886 1265 πόρ’ῥω
928 1209 1007 1250 τοῦ
1038 1210 1197 1264 καιροῗίι
1222 1210 1439 1263 γένωμαι,
1481 1210 1619 1264 πέρας

46 1267 49 1271 ’
152 1273 313 1323 τούτοις
342 1275 532 1327 ἐπιθείς,
553 1274 625 1317 καί
658 1271 710 1330 δη
740 1273 847 1330 πρὸς
882 1273 935 1316 τὰ
971 1273 1098 1316 λοιποὶ
1129 1276 1366 1329 βαδιοῦμαι
1405 1275 1465 1332 τῷ
1484 1271 1620 1333 λόγῳ.

154 1336 204 1383 οὗ
236 1338 318 1395 γὰρ
360 1341 504 1395 ἀρκεῖν
547 1340 691 1397 ἡγήσω
724 1343 856 1398 μέχρι
884 1343 961 1397 τῆς
995 1343 1135 1396 κοινῆς
1165 1342 1317 1396 χρείας
1354 1339 1432 1396 τήν
1465 1345 1620 1397 φιλαν-

153 1405 353 1462 θρωπίαν
376 1407 594 1461 ἐκτείνειν,
632 1409 722 1450 ἀλλ’
750 1404 891 1464 ὥσπερ
920 1406 1154 1464 εὐεργετεῖν
1181 1408 1252 1450 αἐἱ
1274 1409 1421 1450 ποθῶν
1448 1410 1620 1451 ἐπισκο-

153 1477 246 1522 πεῖς
275 1471 375 1522 τούς
406 1468 458 1513 εὖ
489 1476 641 1515 παθεῖν
665 1475 916 1529 δεομένους,
951 1474 1024 1516 καί
1052 1471 1132 1516 δ’σα
1162 1472 1272 1516 κατὰ
1313 1472 1443 1531 μέρος
1470 1474 1620 1517 ἐλύπει

101 1537 232 1588 αοτὰς
257 1537 412 1587 πόλεις.
466 1537 590 1594 γνούς
616 1541 662 1581 δὲ
682 1542 817 1582 ταῦτα
839 1541 1103 1595 προσετίθεις
1124 1539 1171 1583 τὸ
1205 1545 1372 1593 λεῖπον,
1405 1541 1480 1582 καί
1514 1538 1625 1595 πρὸς

157 1602 206 1647 τό
239 1604 425 1661 κρεῖττον
462 1605 742 1659 μεταβάλλειν
778 1606 946 1662 ἠξίους·
990 1608 1066 1649 καί
1095 1604 1415 1661 μετεβάλλοντο.
1474 1599 1534 1649 ὧν
1566 1605 1621 1650 τὰ

157 1675 333 1714 πλεῖστα
361 1673 532 1728 παρείς,
566 1671 699 1726 μειζω
731 1670 815 1729 γὰρ
851 1674 991 1717 ταῦτα
1023 1675 1110 1717 καῖ’
1129 1674 1206 1716 τοῦ
1243 1673 1396 1731 καιροῦ
1427 1675 1624 1724 νικῶντος

157 1841 198 1875 in
223 1839 374 1887 quibus,
399 1846 592 1886 praesente
618 1841 770 1887 populo,
803 1842 890 1877 feris
914 1842 1153 1877 tradebantur
1180 1842 1349 1878 homines
1376 1843 1515 1885 miseri,
1538 1854 1623 1889 spe-

158 1888 343 1922 ctantibus
383 1887 430 1921 iis
485 1889 620 1933 quibus
658 1888 822 1923 eiusdem
856 1895 1008 1924 naturae
1046 1890 1229 1924 affinitate
1266 1891 1456 1932 coniuncti
1486 1897 1622 1927 essent.

158 1935 279 1981 Atque
301 1934 565 1976 delectabatur,
595 1937 719 1970 nescio
746 1937 941 1983 quomodo,
955 1937 1074 1971 homo
1100 1937 1288 1971 hominem
1315 1937 1509 1972 dilacerari
1533 1949 1624 1972 con-

160 1982 342 2027 spiciens,
370 1986 408 2015 et
437 1993 482 2015 ne
510 1988 606 2016 terra
632 1983 779 2029 quidem
806 1985 884 2017 eius
911 1984 1063 2019 cadaver
1089 1985 1292 2027 occultari,
1317 1985 1382 2020 sed
1404 1997 1471 2032 pro
1497 1985 1623 2032 sepul-

160 2040 220 2064 cro
250 2028 409 2062 ferarum
432 2039 582 2074 corpora
606 2030 671 2062 illo
697 2031 858 2075 impleri.

261 2077 313 2110 16.
362 2075 470 2110 Porro
497 2078 652 2110 alterum
675 2083 755 2111 erat
778 2077 1037 2123 spectaculum,
1063 2076 1164 2123 quod
1194 2077 1242 2110 ad
1270 2080 1494 2113 contrarium
1514 2091 1624 2125 pror-

160 2132 220 2155 sus
256 2122 439 2167 vergebat.
499 2123 664 2170 Namque
697 2126 828 2169 pueri,
869 2126 974 2171 quasi
1005 2135 1107 2159 suam
1147 2131 1315 2159 naturam
1351 2126 1391 2160 in
1426 2126 1623 2161 femineam

159 2174 356 2211 mutantes,
382 2172 542 2215 corporis
566 2170 698 2204 habitu
724 2169 886 2206 feminae
910 2173 1027 2206 videri
1052 2171 1236 2214 volebant,
1259 2178 1298 2207 et
1319 2173 1462 2208 incessu
1488 2175 1618 2217 fracto,

159 2227 383 2262 manumque
410 2228 475 2262 pro
506 2218 631 2262 lingua
656 2225 866 2260 moventes,
890 2224 1009 2253 totum
1035 2220 1215 2265 populum
1240 2219 1443 2255 libidinoso
1472 2226 1623 2267 aspectu

161 2263 209 2296 ad
233 2262 390 2297 furorem
419 2263 678 2299 incendebant.
728 2266 902 2300 Homines
926 2267 978 2301 ita
999 2266 1187 2312 instigati,
1211 2267 1257 2301 ad
1282 2270 1481 2302 certamina
1507 2274 1545 2303 et
1565 2271 1623 2302 in-

163 2309 305 2343 saniam
349 2311 442 2352 acti,
479 2311 565 2346 odio
603 2311 887 2354 dividebantur,
924 2320 960 2347 et
991 2315 1030 2347 in
1063 2313 1283 2351 seinvicem
1310 2316 1510 2350 irruebant.
1549 2315 1620 2351 His

161 2357 274 2402 igitur
301 2360 518 2402 spectaculis
543 2359 649 2404 quasi
679 2360 822 2393 macula
858 2361 1025 2395 subditos
1052 2363 1244 2407 purgasti„
1272 2364 1317 2397 In
1340 2368 1501 2410 utroque
1523 2373 1624 2396 nunc

162 2403 331 2438 homines
358 2411 455 2439 caste
479 2411 611 2450 agunt,
638 2412 675 2440 et
700 2408 867 2441 civitates
890 2408 1011 2442 salvae
1035 2414 1129 2442 sunt.

263 2463 318 2496 ¹7·
366 2452 439 2486 Sed
469 2464 515 2486 ne
549 2453 692 2497 longius
715 2454 907 2496 «aberrem,
938 2454 1037 2489 hisce
1068 2456 1188 2490 missis
1218 2455 1266 2489 ad
1298 2456 1440 2501 reliqua
1465 2455 1622 2491 dicenda

163 2508 221 2531 me
247 2505 427 2533 converto.
453 2499 536 2533 Non
562 2501 658 2533 enim
683 2503 771 2534 satis
799 2512 876 2536 esse
900 2502 1038 2547 putasti
1063 2507 1298 2537 communem.
1315 2504 1515 2538 utilitatem
1536 2515 1623 2537 mu-

165 2544 355 2578 nificentia
379 2552 442 2583 tua
467 2547 681 2591 complecti,
713 2547 777 2581 sed
810 2549 912 2595 quasi
943 2555 1122 2595 perpetuo
1148 2549 1406 2585 benefaciendi
1433 2550 1617 2584 desiderio

166 2597 311 2631 motus,
347 2593 412 2639 qui
449 2592 653 2628 benefactis
678 2594 909 2640 indigerent,
942 2597 1152 2644 quibusque
1190 2603 1441 2642 premerentur
1476 2598 1622 2641 singula

165 2638 299 2683 oppida
327 2639 566 2674 incommodis
590 2641 905 2688 circumspiciente,
939 2643 1039 2690 quod
1064 2644 1207 2679 deesset
1231 2644 1485 2691 suppeditare,
1509 2650 1621 2690 atque

165 2685 205 2718 in
229 2685 430 2731 meliorem.
450 2692 584 2721 statum
609 2701 734 2723 eorum
764 2701 840 2723 rem
864 2696 1074 2726 convertere
1099 2691 1271 2726 statuisti.
1320 2692 1440 2737 Atque
1467 2697 1620 2725 eventus

164 2732 390 2768 voluntatem
423 2741 638 2771 consecutus
667 2742 734 2772 est.
784 2736 948 2785 Quarum
980 2749 1099 2782 rerum
1129 2739 1298 2786 plurimis
1329 2739 1619 2785 praetermissis,
