1838 3210
243 215 278 253 X
803 210 1119 252 PRAEFATIO.

246 322 395 364 propter
418 317 608 351 amicitiam
647 326 719 363 qua
754 320 938 357 tenemur,
981 325 1090 362 quam
1127 319 1276 361 propter
1308 316 1451 350 unicam
1473 316 1546 351 vim
1565 309 1682 363 'atque

242 387 486 427 celeritatem,
515 397 621 431 quam
655 386 695 417 in
731 382 960 418 recensendis
985 382 1204 417 Graecorum
1229 384 1333 418 libris
1359 394 1439 416 cum
1464 385 1679 419 eruditionis

241 456 456 502 ingeniique
472 455 609 488 lumine
627 453 854 487 coniunctam
868 450 1025 485 exhibet.
1054 452 1103 486 Ac
1114 456 1209 487 certe
1225 454 1259 486 ei
1280 453 1380 487 laudi
1403 451 1472 498 qua
1482 452 1681 488 politianus

244 525 384 558 Ioctum
414 524 591 569 pictorem
620 527 745 556 ornat:
769 521 874 566 „plus
899 520 1077 555 neminem
1094 522 1256 567 potuisse
1269 522 1515 568 pingere‚nec
1531 522 1683 556 melius''

243 605 367 638 parem
391 594 538 627 omnino
564 592 603 625 in
629 596 751 625 nostro
777 591 980 623 litterarum
1002 601 1130 636 genere
1149 589 1310 624 Bekkero
1336 590 1568 624 tribuendam
1592 601 1681 631 esse,

243 673 372 702 nemo,
397 661 503 695 credo
515 685 527 702 ,
552 660 721 706 ambiget.
770 660 901 704 Rogavi
925 671 1006 694 eum
1028 660 1160 704 igitur,
1183 659 1247 693 sed
1271 659 1420 705 timide;
1448 660 1584 705 quippe
1606 670 1685 693 non

245 732 389 764 nescius
415 741 498 763 eum
521 729 695 764 hactenus
720 729 867 763 nonnisi
893 729 1032 764 collatis
1058 729 1243 763 codicibus
1278 729 1443 763 innixum
1479 728 1593 762 libros
1625 738 1685 762 re-

245 797 444 831 censendos
474 796 693 842 suscepisse3
728 802 765 831 at
787 798 826 831 in
847 797 904 831 his
928 797 1148 841 legationum
1174 797 1350 842 excerptis
1376 795 1541 830 codicum
1566 796 1685 830 subsi-

249 866 350 899 dium
374 865 498 900 aderat
522 866 687 899 nullum:
714 877 798 899 nam
822 866 1076 901 Monacensem
1101 866 1146 899 ab
1170 865 1386 900 Hoeschelio
1411 865 1680 899 accuratissime

247 936 465 980 exscriptum
493 945 570 969 esse
594 939 755 976 constat,
780 934 944 970 Vaticani
959 939 1080 969 autem
1093 935 1213 969 variae
1238 933 1488 969 lectiones'ab
1515 934 1569 971 ill,
1586 933 1683 967 Maio

244 1003 408 1049 prolatae
435 1013 551 1048 paene
577 1002 785 1037 absolutum
809 1013 890 1036 cum
915 1003 981 1036 illo
1006 1014 1217 1037 consensum
1242 1003 1418 1048 probant:
1437 1013 1558 1048 neque
1588 1002 1687 1036 ullus

242 1076 388 1117 praeter
407 1069 486 1111 hos,
510 1070 654 1105 sublato
680 1082 724 1104 ex
750 1071 1078 1105 hominumnotitia
1093 1070 1300 1111 Schottano,
1314 1081 1499 1116 superesse
1524 1071 1683 1105 videtur.

246 1140 341 1181 Sed,
367 1139 466 1186 quod
487 1139 636 1187 quidem
651 1150 896 1186 speraveram,
923 1139 1071 1174 deflexit
1081 1139 1264 1174 nokkerus
1287 1150 1368 1173 mea
1388 1150 1494 1173 causa
1518 1139 1564 1174 de
1586 1149 1686 1175 more

243 1219 331 1252 suo;
361 1210 589 1255 acceptisque
599 1208 886 1244 Hoeschelianae
897 1209 1135 1255 Maianaeque
1159 1208 1361 1242 editionum
1377 1209 1570 1253 exemplis,
1589 1202 1685 1255 quo-

244 1289 324 1311 rum
342 1278 495 1322 margini
521 1278 744 1312 coniecturas
767 1277 858 1312 mihi
881 1283 1002 1320 natas,
1022 1277 1233 1323 Valesiique
1259 1277 1529 1312 emendationes
1552 1276 1687 1311 adscri-

242 1356 398 1391 pseram‚
422 1346 501 1392 ipse
527 1347 705 1381 universis
727 1347 827 1380 hisce
850 1347 1017 1391 reliquiis
1047 1345 1280 1381 emendandis
1303 1357 1341 1380 se
1369 1345 1482 1380 dedit.
1516 1346 1562 1379 Et
1585 1344 1686 1392 quod
1707 1366 1709 1368 -

243 1415 291 1447 ad
314 1415 396 1449 illas
423 1414 571 1460 quidem
600 1415 759 1456 attinet,
783 1415 994 1449 Parisiensis
1020 1414 1191 1449 editionis
1216 1414 1417 1460 exemplar,
1445 1413 1685 1460 Maianaeque

245 1483 449 1528 eclogarum
484 1483 529 1516 de
561 1484 776 1525 sententiis,
814 1483 980 1528 plurimis
1017 1483 1107 1517 locis
1141 1487 1318 1524 correcta,
1354 1482 1517 1526 remisit;
1560 1492 1685 1517 verum

244 1555 295 1587 ita
329 1557 370 1586 ut
402 1551 552 1586 arbitrio
584 1563 665 1586 meo
691 1551 916 1597 relinqueret
940 1552 970 1585 si
1001 1551 1091 1597 quid
1117 1550 1253 1585 addere
1280 1555 1345 1584 aut
1368 1555 1508 1584 mutare
1542 1549 1685 1584 vellem.

245 1621 328 1667 Quo
358 1621 528 1668 equidem
550 1621 602 1654 ita
630 1632 715 1655 usus
747 1631 826 1654 sum
839 1645 852 1662 ,
879 1624 920 1653 ut
943 1620 1117 1665 plurimas
1144 1620 1358 1666 praesertim
1379 1618 1539 1654 Bekkeri
1563 1630 1686 1653 emen·-

248 1690 416 1724 dationes
443 1700 534 1735 quae
562 1689 780 1722 certissimae
815 1687 1025 1724 viderentur
1048 1690 1087 1722 in
1111 1688 1275 1722 ordinem
1299 1689 1472 1722 sermonis
1496 1687 1688 1735 inferrem?

243 1757 412 1792 adderem
445 1758 556 1792 etiam
582 1758 740 1792 subinde
775 1768 867 1803 quae
898 1758 1029 1792 iterato
1061 1757 1225 1791 examine
1252 1757 1291 1791 in
1317 1761 1475 1791 mentem
1499 1756 1591 1790 mihi
1625 1767 1688 1792 ve-

244 1827 384 1861 nirent:
411 1837 456 1859 ex
478 1825 535 1859 his
558 1830 679 1859 autem
695 1837 789 1871 quae
812 1836 833 1858 a
858 1837 915 1860 me
939 1826 1128 1871 proposita
1143 1824 1305 1860 Bekkero
1315 1850 1327 1866 ,
1352 1825 1455 1859 cuius
1480 1825 1688 1859 auctoritati

247 1896 289 1929 in
323 1897 499 1929 sermonis
532 1895 741 1940 cognitione
786 1896 934 1936 omnia,
968 1894 1060 1928 mihi
1093 1894 1190 1928 nihil
1223 1894 1300 1928 fere
1333 1895 1480 1936 tribuo,
1514 1894 1689 1940 displicu-

248 1965 319 1999 isse
356 1964 544 2005 videbam,
567 1963 664 1998 nihil
696 1963 849 2004 reduxi,
886 1969 1031 2009 praeter
1063 1974 1234 2009 perquam
1265 1974 1378 2009 pauca
1425 1975 1518 2012 quae
1550 1975 1595 1998 ex
1630 1963 1689 1997 hi-

247 2035 361 2068 storia
384 2032 619 2067 diiudicanda
644 2034 773 2066 essent.
822 2032 943 2077 Usque
976 2030 1067 2065 adeo
1098 2015 1218 2066 autem
1243 2030 1406 2066 Bekkero
1434 2031 1588 2077 obsequi
1610 2042 1689 2066 me-

248 2113 349 2136 arum
370 2104 529 2146 partium
562 2112 638 2136 esse
664 2100 771 2142 duxi,
795 2105 859 2141 ut,
890 2100 1033 2134 etiamsi
1066 2100 1220 2134 subinde
1244 2099 1451 2145 suspicabar
1474 2087 1688 2145 scriptorum

248 2170 371 2216 potius
401 2170 512 2212 vitia,
544 2181 701 2215 quorum
727 2180 842 2203 sermo
871 2170 1006 2203 saeculi
1031 2170 1087 2202 sui
1111 2169 1195 2203 labe
1218 2172 1404 2203 contactus
1432 2174 1544 2210 esset,
1580 2179 1688 2215 quam

252 2238 451 2273 scribarum
492 2238 694 2283 sphalmata
717 2239 824 2279 tolli,
858 2238 1050 2284 impudens
1086 2242 1207 2271 tamen
1239 2236 1329 2269 mihi
1361 2237 1458 2271 visus
1489 2247 1625 2277 essem,
1655 2237 1687 2269 si

249 2299 496 2353 contraquam
519 2307 584 2341 ille
615 2308 823 2348 statuisset,
851 2307 1067 2341 deciderem.
1095 2306 1242 2340 Ad-hoc
1265 2317 1375 2351 genus
1395 2305 1494 2339 illud
1515 2305 1690 2350 pertinet,

250 2382 293 2410 ut
326 2377 488 2422 exempla
518 2376 696 2421 proferam
715 2401 725 2418 ,
750 2376 850 2422 quod
872 2388 978 2421 saepe
1007 2387 1071 2421 pro
1094 2376 1228 2410 aoristo
1251 2376 1369 2420 primo
1393 2375 1554 2409 futurum
1578 2384 1687 2418 repo-

250 2446 333 2487 nit,
360 2449 442 2489 aut,
472 2444 536 2478 ubi
560 2443 657 2489 apud
679 2444 854 2485 Priscum,
877 2443 1080 2486 Malchum,
1102 2441 1363 2484 Menandrum,
1389 2443 1560 2476 articulus
1585 2442 1685 2475 desi·-

253 2512 420 2555 deratur,
453 2524 560 2559 quem
587 2517 684 2547 certe
723 2524 796 2546 non
819 2513 938 2546 minus
963 2513 1112 2546 rationis
1138 2522 1245 2558 quam
1278 2521 1383 2545 sanae
1415 2510 1688 2544 consuetudinis

252 2582 349 2627 leges
373 2582 536 2627 flagitant
552 2607 561 2624 ‚
587 2593 669 2616 eum
700 2582 848 2623 inserit,
874 2581 931 2615 vel
953 2592 1052 2615 casus
1080 2581 1249 2626 obliquos
1280 2581 1535 2626 pronominum
1560 2574 1624 2613 ὅδε
1651 2583 1689 2612 et

253 2643 366 2688 οὗτος
388 2662 469 2685 cum
486 2651 614 2686 iisdem
636 2651 700 2697 qui
718 2661 737 2682 a
759 2649 909 2684 τοιόσδε
926 2655 963 2684 et
986 2651 1159 2686 τοιοῦτος
1176 2650 1394 2690 formantur,
1415 2653 1538 2682 mutat.
1570 2647 1688 2684 Chro-

254 2720 504 2764 nographiam,
530 2730 637 2766 quam
660 2719 774 2753 editio
799 2723 919 2753 nostra
937 2719 975 2751 in
998 2719 1157 2764 margine
1183 2716 1353 2759 exhibet,
1379 2717 1424 2751 ad
1449 2721 1617 2762 excerpta
1642 2716 1687 2750 de

252 2788 498 2833 legationibus
524 2800 598 2824 non
621 2790 694 2826 lcvi
718 2787 845 2823 labore
869 2786 1124 2823 stabiliveram.
