1924 3164
536 157 570 197 E
607 155 892 214 MENANnm
927 155 1200 199 ms'romA.
1486 136 1598 211 395

126 258 407 316 τάνθρώπων.
464 257 572 301 ἀλλὰ
618 257 693 301 καὶ
746 258 927 315 γηράσαι
969 259 1224 313 βουλόμενον
1258 259 1391 314 μηδὲν
1429 273 1474 300 τι
1518 261 1603 301 τῶν
1613 261 1782 309 Δ.(Ζ.576

156 323 325 374 ,πάντων
369 323 490 376 ζώων
521 326 724 379 ἐντυχεῖν.
794 327 840 370 ἐν
866 325 1003 382 τούτῳ
1029 323 1104 366 καί
1131 321 1350 379 Θεόδωρος
1374 323 1397 368 ὅ
1425 309 1744 392 Ba'xfflvfflssffi
1756 368 1798 393 η

156 393 379 448 ,ἐφοίτησεν
408 390 465 439 ὥς
494 389 648 444 αὐτὸν,
677 389 844 442 ἐδέξατό
873 406 921 432 τε
949 389 1019 433 τὸν
1047 385 1183 447 ἄνδρα
1209 391 1285 432 καί
1296 388 1533 444 ,ξυνόμιλός
1561 388 1602 433 οἱ

155 455 313 512 ἐγένετό
354 459 489 514 [πως]
515 453 766 514 ἡμερώτατα
793 473 903 509 πως,
939 454 1014 499 τὸν
1039 459 1119 510 μὲν
1146 455 1353 512 Καίσαρα
1383 458 1441 498 δι’
1467 457 1604 514 εὐφη-

131 526 260 577 5μιἀς
288 520 421 579 ἄγων,
453 523 625 579 φάσκων
651 538 696 565 τε
725 522 994 575 ἀσπάζεσθαι
1017 522 1090 579 τὴν
1117 523 1175 573 ὥς
1204 519 1334 566 αὐτὸν
1359 524 1528 579 εἰρήνην
1555 538 1602 566 τε

155 588 230 631 καί
263 586 603 646 φιλοφροσύνην·
675 590 787 645 μηδὲ
831 589 913 645 γὰρ
947 591 1160 644 γεγονέναι
1206 590 1282 644 τῆς
1320 587 1483 645 ἔχθρας
1517 591 1603 632 τῶν

154 657 346 699 σπονδῶν
382 654 515 699 αἴτιον
529 669 539 678 ·
602 653 825 697 Ἰουστῖνον
859 656 908 697 δὲ
948 653 1023 697 τὸν
1065 656 1245 709 βασιλέα
1281 656 1326 705 ἐς
1361 654 1603 698 τούναντίον

154 723 286 776 λέγων
313 723 465 770 κακῶς.
522 715 611 763 εἶτα
649 722 694 771 ἒς
723 720 777 765 τὰ
814 720 962 778 πρόσω
1003 715 1162 777 ἤλαυνε
1190 721 1262 764 διὰ
1290 724 1366 776 τῆς
1395 723 1604 775 καλουμέ-

153 803 228 842 νης
253 788 491 841 Βαὸιανῆς,
514 784 725 841 ἑπομένου
772 787 811 832 οἱ
839 787 914 829 καί
940 788 1189 845 Θεοδώρου·
1244 787 1440 841 ἐσβάλλει
1467 803 1514 829 τε
1541 788 1602 836 εἶς

104 851 230 909 ιοτὴν
252 853 473 906 Ῥωμαίων
510 852 738 908 Ἀρμενίαν
771 852 875 896 κατὰ
909 852 1278 907 Θεοδοσιούπολιν,
1299 853 1489 909 λήγοντος
1515 849 1641 910 ἦὸηῐ)

151 921 226 964 τοῦ
254 917 393 974 ἔαρος·
422 915 530 961 ὥστε
556 917 663 961 κατὰ
691 918 851 963 ταύτὸν
879 922 1180 975 ξυνενεχθῆναι
1207 918 1307 970 τούς
1333 935 1378 962 τε
1407 919 1602 974 ἀγγελια-

153 984 311 1041 φόρους
338 986 570 1040 ἀφικέσθαι
598 987 644 1028 ἐν
671 986 892 1044 Βυζαντίῳ
926 984 1028 1035 τούς
1057 984 1332 1042 δηλώσοντας,
1359 985 1416 1040 ὥς
1443 986 1603 1042 α’προσ-

152 1050 307 1107 δόκητα
350 1052 501 1106 ἐπέστη
553 1053 606 1108 τῇ
643 1051 873 1105 εΡωμαίων
897 1053 1100 1111 ἈρμενίᾳΙ
1138 1050 1343 1106 βασιλεῦς
1371 1051 1395 1094 ὅ
1415 1053 1603 1107 Περσῶν

151 1119 225 1161 καί
257 1114 357 1160 ὅσον
399 1112 517 1160 οὔπω
546 1115 930 1173 προσενεχθήσεται
952 1115 1338 1172 Θεοδοσιουπόλει,
1371 1119 1445 1160 καὶ
1470 1115 1602 1160 αὐτὸν

100 1185 285 1230 ι5ἐκεῖσε
313 1189 523 1240 παρεῖναι.
579 1185 675 1226 ἐπεὶ
710 1178 783 1227 οὖν
811 1182 971 1239 ἐγένετο
1002 1182 1619 1239 αὕτοῦ,“ἔστρατοπεδεύσατο.

152 1251 196 1299 ἐς
222 1249 267 1293 τὸ
298 1248 573 1307 Ἀραβησσῶν
599 1252 917 1306 ἑπικεκλημένον
942 1254 1124 1308 χωρίον,
1154 1250 1269 1307 ἀμφὶ
1292 1249 1338 1292 τὸ
1366 1253 1603 1305 μεσημβρι-

149 1315 220 1360 νὸν
256 1318 385 1370 κλίμα
412 1320 490 1360 τοῦ
518 1311 688 1371 ἄστεος,
722 1314 767 1360 τὸ
789 1318 846 1359 -δὲ
874 1315 927 1372 δὴ
951 1317 1180 1371 ζΡωμαίων
1207 1315 1472 1373 στράτευμα,
1501 1313 1605 1358 miro

149 1399 196 1436 γε
235 1383 369 1437 δήπου
406 1381 455 1424 τὸ
498 1385 833 1439 συναθροισθὲν,
859 1380 917 1432 ὦς
943 1381 1051 1439 πρὸς
1079 1377 1235 1439 ἄρκτον
1273 1381 1374 1437 περὶ
1396 1380 1443 1424 τὸ
1475 1383 1604 1435 κλίμα

148 1448 194 1492 τὰ
226 1450 482 1503 καλούμενον
509 1452 531 1472 ⁴*
548 1449 855 1504 συναγόμενον,
884 1447 928 1498 ἐς
955 1445 1172 1505 ὑπώρειαν
1199 1465 1294 1491 τινα
1324 1440 1464 1504 ὅρους.
1493 1446 1601 1503 οἶτοὶρ

95 1516 174 1564 2οό
206 1516 404 1573 Χοσρόης
430 1517 565 1559 αὐτοῦ’
591 1515 691 1573 περὶ
719 1514 1096 1570 Θεοδοσιούπολιν,
1124 1516 1188 1558 ἐπ’
1217 1510 1345 1569 ὄψεσι
1359 1511 1602 1570 Θεοδώρου,

148 1584 339 1633 ἐξέταττε
377 1580 456 1632 τὰς
490 1580 664 1634 ἱππικὰς
692 1583 916 1636 δυνάμεις,
945 1583 988 1633 ἐς
1015 1580 1169 1636 λόχους
1196 1597 1242 1624 τε
1274 1579 1350 1622 καὶ
1376 1578 1595 1638 φάλαγγας
1606 1585 1640 1620 Ρ.
1656 1585 1720 1620 160

148 1650 376 1704 διακρίνων
400 1640 445 1691 τέ
473 1644 549 1690 καί
570 1651 856 1703 μετακοσμῶν.
912 1647 986 1690 καὶ
1021 1646 1150 1698 αὐτὸς
1173 1646 1248 1690 τὸν
1277 1649 1403 1690 ἵππον
1436 1644 1607 1688 διελαύ-

245 1794 273 1816 ι.
299 1782 467 1827 θηρᾶσαι
495 1783 588 1816 coni.
618 1783 781 1818 Cantocl.
897 1796 929 1819 2.
957 1783 1062 1824 ζώων
1085 1784 1146 1825 H„
1167 1782 1260 1824 ζῶεν
1286 1783 1381 1828 vulg.
1406 1782 1538 1826 ἔτυχεν
1562 1780 1605 1815 H.

241 1831 275 1864 6.
305 1830 458 1876 ἔχθρας]
484 1829 627 1868 λύσεως
645 1830 688 1863 N.
803 1843 835 1876 7.
861 1829 902 1864 δὲ
926 1830 1006 1872 add.
1033 1831 1071 1864 Β.
1179 1843 1229 1865 ιι.
1252 1824 1346 1863 κατὰ
1375 1827 1517 1862 ταύτὸν
1542 1829 1606 1869 B..

243 1877 323 1922 κατ’
352 1874 471 1912 αυίὁν
497 1877 592 1923 vulg.
686 1877 892 1922 anidxovc
904 1877 961 1919 N.,
983 1876 1123 1923 λόγους
1134 1877 1244 1922 vulg„
1270 1873 1464 1922 λοχαγοὺς
1476 1876 1519 1910 Η.

147 1999 303 2036 usquam
327 1987 471 2036 aliquid
495 1988 569 2027 vivi
590 1988 896 2034 conspiciebatur.
921 1989 1065 2022 Interea
1090 1988 1319 2029 Theodorus,
1342 1986 1474 2021 Bacchi
1496 1986 1608 2026 filius,

147 2037 250 2072 venit
273 2036 319 2070 ad
344 2047 450 2077 eum3
485 2036 515 2069 is
540 2035 727 2069 hominem
750 2036 911 2081 benigne
938 2036 1108 2083 excepit,
1136 2042 1174 2070 et
1196 2046 1278 2070 cum
1304 2045 1347 2067 eo
1371 2033 1606 2069 familiariter

148 2088 379 2118 conversatus
405 2082 450 2116 de
478 2083 629 2117 Caesare
650 2082 747 2119 bene
771 2083 916 2116 locutus
957 2088 1037 2124 est,
1070 2094 1183 2130 seque
1214 2093 1296 2116 cum
1319 2081 1386 2116 illo
1419 2085 1457 2117 et
1480 2091 1606 2126 pacem

150 2138 190 2166 et
214 2130 415 2165 amicitiam
442 2141 574 2175 cupere
602 2129 718 2163 dixit:
749 2141 818 2164 nec
848 2130 946 2163 enim
979 2141 1063 2164 eum
1095 2129 1395 2170 inimicitiarum,
1440 2138 1534 2175 quae
1559 2137 1606 2162 ex

150 2179 291 2212 violato
317 2177 467 2211 foedere
497 2183 599 2211 ortae
626 2182 750 2218 erant,
781 2181 967 2210 auctorem
992 2187 1093 2219 esse3
1126 2177 1308 2212 Iustinum
1333 2180 1457 2209 autem
1481 2175 1606 2220 Impe—

148 2230 306 2263 ratorem
330 2224 558 2258 sermonibus
591 2224 686 2257 male
720 2223 893 2257 habebat.
940 2223 1085 2260 Deinde
1115 2223 1271 2258 ulterius
1304 2233 1371 2268 per
1399 2220 1605 2257 Vadianam

147 2281 356 2318 progressus
392 2277 471 2313 est,
508 2276 545 2305 et
576 2283 660 2306 eum
692 2271 915 2318 sequebatur
938 2269 1162 2305 Theodorus.
1219 2270 1314 2304 Vere
1349 2270 1423 2303 iam
1455 2274 1605 2312 exacto,

149 2318 381 2358 Armeniam,
417 2329 513 2364 quae
549 2318 718 2352 Romanis
756 2317 912 2363 parebat
949 2322 986 2353 et
1011 2316 1302 2361 Theodosiopoli
1325 2317 1491 2362 proxima
1515 2321 1604 2358 erat,

149 2365 305 2398 invasit:
333 2375 406 2410 quo
431 2365 567 2399 factum
582 2371 647 2406 est,
668 2370 708 2399 ut
727 2364 856 2398 eodem
879 2370 1044 2411 tempore
1066 2365 1188 2400 nuntii
1202 2365 1416 2408 Byzantium
1434 2364 1606 2411 perveni-

150 2417 233 2445 rent
246 2410 431 2445 Persarum
442 2423 560 2456 regem
572 2412 791 2453 Armeniam,
806 2422 877 2458 qua
892 2410 1044 2445 Romani
1061 2409 1355 2452 dominabantur,
1370 2421 1414 2444 ex
1429 2410 1606 2454 improvi-

149 2469 190 2492 so
204 2458 382 2499 adortum,
393 2458 719 2503 Theodosiopolim
732 2470 848 2505 usque
860 2463 1071 2504 penetrasse
1084 2460 1311 2502 nuntiarent3
1335 2463 1373 2492 et
1384 2457 1462 2536 igse
1476 2457 1516 2490 in
1544 2456 1603 2490 his

149 2505 240 2538 locis
262 2509 365 2538 esset.
389 2505 440 2539 Eo
465 2517 546 2540 cum
569 2505 796 2546 advenisset,
833 2516 853 2539 e
878 2505 1025 2550 regione
1057 2505 1186 2552 oppidi
1222 2505 1269 2540 ad
1304 2504 1395 2539 meri
1423 2505 1495 2538 iem
1532 2504 1603 2537 sita

150 2562 242 2599 quae
257 2551 514 2586 Abaressorum
531 2558 691 2594 vocatur,
723 2558 838 2587 castra
866 2553 1013 2597 posuit:
1032 2553 1274 2588 Romanorum
1293 2563 1378 2586 vero
1398 2550 1578 2584 exercitus
1595 2575 1606 2591 ,

151 2603 328 2644 quantum
360 2597 518 2634 militum
549 2602 629 2645 cogi
654 2600 798 2646 potuit,
823 2599 1104 2645 septentrionali
1127 2604 1230 2646 parte
1254 2600 1295 2634 in
1320 2599 1467 2643 regione
1495 2597 1510 2613 *
1537 2608 1607 2630 vo-

149 2651 243 2686 cata,
261 2646 301 2685 in
330 2645 449 2679 radice
473 2647 662 2680 cuiusdam
686 2647 819 2680 montis
849 2648 1064 2681 constitutus
1090 2652 1155 2681 est.
1212 2645 1383 2682 Ceterum
1422 2643 1602 2678 Chosroes

150 2693 191 2725 in
223 2697 417 2736 conspectu
454 2692 640 2728 Theodori
675 2695 879 2740 equitatum
914 2692 953 2727 in
983 2694 1097 2728 aciem
1130 2693 1271 2735 eduxit,
1304 2703 1414 2739 quem
1448 2693 1487 2725 in
1521 2695 1602 2723 tur-

150 2750 227 2785 mas
253 2745 289 2774 et
308 2737 506 2787 phalangas
538 2740 684 2784 divisit,
710 2746 747 2777 et
770 2741 868 2790 ipse,
896 2751 989 2787 equo
1022 2751 1241 2784 conscenso,
1278 2741 1385 2788 quasi
1410 2737 1449 2774 id
1477 2738 1602 2785 inopi-
