1924 3164
315 155 430 233 394
708 210 718 218 ,,
902 173 1181 218 EXCERPTA

140 278 540 332 Α..0576Σαβεῖρα,“
561 275 619 326 ὥς
660 276 715 317 οὔ
750 274 857 318 κατὰ
897 274 942 318 τὰ
985 277 1078 319 δέον
1117 275 1426 334 ἐπεπράχεσαν,
1462 279 1677 340 παρώφθη
1702 295 1749 326 τε

214 333 271 366 ¹²·‘l
282 339 393 383 9ὖπὸ
423 343 544 398 σφῶν
568 339 613 385 τὸ
639 345 858 395 συνοῖσον,
899 339 1041 398 ωσπερ
1073 342 1220 396 οἷμέλει
1250 344 1296 386 ἐκ
1321 349 1591 399 μεταμελείας
1618 345 1748 400 avan,-

120 379 209 421 lust
182 381 252 415 uni
269 393 531 458 ιἎέλοίσαντες
575 410 645 451 ἐν
660 409 899 466 Ἀλβανίοιἰ
934 411 1158 464 πρεσβείας
1190 405 1293 464 ἦγον
1329 408 1426 460 τούς
1454 414 1674 470 Σαβείρους
1700 429 1749 457 τε

309 491 378 518 και
407 471 673 527 Ἀλβανούς,
704 476 899 517 πανοικία
942 477 1055 531 σφᾶς
1079 475 1415 528 μετοικίζοντες
1405 478 1449 539 ἐς
1473 477 1523 520 τὰ
1547 481 1646 538 τῇδε
1674 482 1751 523 τοῦ

308 539 459 595 Κύρου
487 542 702 593 ποταμοῦ,
732 539 790 589 ὥς
817 539 964 582 λοιπὸν
991 541 1036 582 ἐν
1078 542 1129 598 τῇ
1150 541 1365 600 Ῥωμαὶκῇ
1394 544 1638 587 διαιτᾶσθαι
1659 542 1776 600 χαί-5

306 623 374 664 ρα.
429 603 493 647 ἔτι
521 601 598 648 ουν
618 604 841 661 Θεόδωρός
867 621 914 649 τε
942 623 1013 649 και
1043 609 1242 662 Κοῦρσος
1271 609 1316 650 ἐν
1341 607 1501 659 τούτοις
1527 608 1751 667 ἐνησχολη-

304 674 425 725 μένοι
446 669 685 725 ἐτύγχανον.
714 667 805 714 εἶτα
830 671 1163 727 εγκαλεσαμένου
1180 688 1254 715 του
1235 674 1490 731 Καίσαρος
1507 675 1752 719 'Iuvanum

305 736 375 780 νόν
401 737 472 779 τὸν
497 739 573 792 τῆς
601 739 656 780 ἕω
684 738 922 794 στρατηγὸν
958 741 1268 796 μεταφοιτῆσαι
1294 757 1366 782 και
1393 741 1439 783 ἐν
1461 741 1657 802 Ἀρμενία
1681 757 1751 797 γε-

303 805 456 847 νέσθαι
485 801 611 846 αὐτὸν
636 803 893 859 ἡγησόμενον
907 807 984 847 τοῦ
1010 804 1219 860 πολέμου,
1249 806 1376 849 οὐδὲν
1406 801 1524 862 ηττον
1551 809 1625 850 καί
1645 803 1752 851 'Iov-

304 868 511 919 στινιανός
538 885 655 912 ουπω
682 873 849 928 παρῆν,
878 872 935 929 τῷ
965 873 1151 928 σημῆναι
1178 873 1303 914 τοῦτο
1334 874 1449 931 αὐτῷ
1475 872 1544 916 τὸν
1578 871 1804 918 Kalaa-m

273 946 364 991 Βρα
413 936 495 991 ὀψὲ
532 938 606 989 καί
631 938 706 979 οὐκ
747 938 794 980 ἐν
817 940 952 996 καιρῷ
989 943 1075 988 τοῖς
1103 935 1323 994 πράγμασι
1347 939 1617 995 χρήσασθαι,
1645 937 1752 996 πρός

302 1018 350 1057 γε
378 1004 452 1043 καί
475 1004 548 1058 τῆς
576 1000 790 1058 συνήθους
819 1004 1019 1059 διανομῆς
1056 1006 1133 1046 τοῦ
1159 1005 1342 1060 χρυσίου
1371 1011 1458 1055 τοῖς
1483 1001 1597 1064 ἑῴοις
1621 1015 1754 1047 κατα-

304 1065 444 1122 λόγοις
461 1070 734 1124 γεγενημένης
755 1069 829 1111 οὐκ
852 1071 1096 1125 ἐπικαίρως,
1127 1068 1235 1113 οἷλλὰ
1268 1072 1371 1125 δῆτα
1399 1068 1752 1128 ἐφυστερησάσης.

302 1135 368 1175 ἐπ’
397 1130 546 1184 ἀδείας·
573 1131 650 1177 οὖν
679 1132 787 1177 οὕτω
815 1151 904 1184 πως
945 1135 1018 1177 καί
1044 1137 1209 1178 α’κονιτί
1234 1135 1459 1187 ἐλάσαντος
1484 1137 1523 1179 ἐι
1549 1140 1752 1193 Περσαρ-

301 1199 426 1256 μενίᾳ
454 1199 678 1256 Χοσρόου,
719 1201 900 1257 μηδενός
937 1200 976 1242 οἱ
1016 1201 1455 1256 οἶντικαθισταμὲνου,
1495 1201 1535 1244 -οἶ
1566 1203 1645 1256 μὲν
1673 1203 1805 1247 δτι-15

302 1265 514 1322 σμοφόροι
541 1269 617 1322 τῆς
645 1263 816 1322 ἥττονος
842 1265 1064 1323 Ἀρμενίας
1090 1262 1185 1309 οὔτε
1214 1265 1444 1324 ἐχρήσαντο
1475 1270 1609 1325 φυγῇ,
1640 1269 1755 1310 §ule-
1798 1326 1800 1328 Υ
1845 1318 1851 1322 .

302 1332 495 1381 λοιπότες
534 1331 633 1381 τοὺς
663 1331 822 1389 οἷγροῦς
851 1333 957 1387 οἵγε,
1000 1331 1108 1374 α’λλά
1137 1331 1216 1388 γὰρ
1248 1332 1325 1375 καὶ
1350 1332 1402 1375 τὰ
1433 1330 1509 1376 ὅσα
1537 1334 1755 1388 ἐπιτήδεια

306 1395 574 1451 ξυνεκόμιζον
596 1399 653 1456 τῷ
679 1399 859 1455 στρατῶ.
879 1397 1157 1454 προβαίνοντι
1186 1400 1233 1441 δὲ
1259 1395 1433 1456 Χοσρόῃ
1459 1396 1535 1442 ἄνα
1566 1398 1620 1441 ’τὰ
1649 1397 1754 1455 πρό-

304 1479 367 1504 σω
397 1461 435 1504 οἱ
476 1465 522 1506 ἐν
565 1465 625 1520 τοῖ
669 1466 841 1516 κλίματι
870 1465 1203 1519 Μακραβανδων
1242 1480 1314 1506 και
1346 1467 1569 1520 Ταραννων
1601 1462 1753 1521 η’κιστοι

259 1528 272 1571 <
303 1526 477 1581 ἔμενον,
509 1544 567 1578 ως
596 1530 758 1584 μηδένα
787 1545 988 1582 παμπαν,
1017 1528 1125 1584 μήτε
1157 1525 1380 1585 ανθρωπον
1406 1530 1507 1586 μήτε
1532 1547 1620 1585 μην
1646 1529 1812 1575 {mo—20

304 1591 451 1647 ζύγιόν
479 1610 520 1637 τι
551 1595 760 1651 ὀφθῆναι.
795 1591 893 1636 ἅτε
928 1593 1010 1651 γὰρ
1051 1596 1252 1648 πολεμίου
1280 1598 1487 1649 βασιλέως
1513 1593 1755 1647 επελθόντος

285 1656 532 1717 (ἶᾶπέὃρασε
558 1662 643 1703 πᾶν
675 1658 720 1703 τὸ
747 1660 1004 1717 γεηπονοῦν,
1047 1659 1121 1703 καὶ
1145 1659 1291 1719 πάντῃ,
1308 1660 1361 1703 τὰ
1392 1662 1522 1719 ἐκείνῃ
1550 1660 1752 1719 ἐχήρευεν

399 1784 453 1809 21.
477 1783 517 1808 τε
539 1783 606 1820 pro
630 1784 668 1808 τι.
692 1772 786 1820 vulg.

306 1863 380 1898 biri
412 1874 432 1896 a
467 1863 635 1898 Romanis
664 1864 884 1898 defecerant.
942 1864 1072 1910 Itaque
1100 1863 1208 1898 rebus
1237 1869 1311 1898 tam
1344 1863 1439 1898 male
1474 1864 1600 1910 gestis,
1627 1864 1758 1910 poeni-
1799 1861 1802 1863 ’

306 1910 424 1944 tentia
449 1911 633 1952 commoti,
657 1922 779 1946 rursus
805 1912 844 1944 in
870 1910 1063 1945 Albaniam
1088 1912 1264 1956 impetum
1290 1911 1471 1951 fecerunt,
1507 1915 1543 1944 et
1561 1911 1758 1954 legationi-

307 1957 376 1990 bus
405 1957 553 1992 Sabiros
579 1963 616 1992 et
640 1957 801 1991 Albanos
828 1958 902 1991 suis
927 1957 1078 1992 sedibus
1114 1958 1251 1992 excitos
1279 1957 1370 1991 citra
1394 1958 1489 2003 ripas
1524 1957 1607 2001 Cyri
1642 1958 1758 1991 amnis

308 2005 549 2046 collocarant,
575 2010 618 2039 ut
642 2005 682 2038 in
706 2010 892 2050 posterum
918 2004 959 2038 in
985 2005 1228 2038 Romanorum
1264 2003 1417 2038 ditionis
1451 2003 1659 2049 regionibus
1691 2002 1760 2037 ha·-

306 2051 479 2086 bitarent.
529 2051 675 2095 Quibus
701 2051 809 2085 rebus
837 2051 1053 2096 peragendis
1088 2051 1224 2086 Cursus
1256 2057 1294 2084 et
1317 2050 1529 2085 Theodorus
1553 2050 1672 2084 adhuc
1695 2061 1760 2084 oc·-

308 2099 431 2141 cupati
457 2098 754 2144 erant.1taque
781 2098 909 2134 Caesar
942 2097 1186 2132 lastinianum
1214 2097 1342 2131 ducem
1360 2109 1431 2143 -per
1463 2098 1649 2133 Orientem
1673 2108 1761 2143 pro-

308 2145 446 2186 ficisci,
483 2150 520 2178 et
554 2145 594 2179 in
618 2145 789 2180 Armenia
813 2145 914 2178 bello
950 2144 1107 2190 gerendo
1138 2155 1300 2189 praeesse
1335 2145 1451 2178 iussit.
1509 2143 1760 2178 Nihilominus

306 2202 428 2236 neque
454 2192 679 2226 Iustinianus
702 2192 816 2232 venit,
840 2192 928 2237 quia
953 2191 1024 2224 hoc
1047 2191 1104 2225 illi
1129 2193 1242 2225 serius
1272 2191 1406 2226 Caesar
1433 2190 1661 2235 significarat,
1692 2202 1761 2225 ned

310 2247 383 2282 que
414 2238 468 2271 rei
505 2239 544 2272 in
578 2243 743 2284 tempore
778 2237 957 2283 gerendae
982 2238 1259 2283 opportunitate
1290 2249 1375 2272 usus
1403 2236 1531 2270 suerat.
1581 2237 1638 2271 Ad
1667 2236 1760 2272 haec

308 2285 389 2317 auri
419 2284 655 2326 distributio,
691 2286 792 2331 quod
816 2284 1057 2318 orientalibus
1083 2284 1301 2319 exercitibus
1329 2282 1553 2324 debebatur,
1586 2295 1661 2318 non
1692 2294 1760 2318 suo
1922 2309 1924 2323 ,

305 2336 472 2374 tempore
497 2357 508 2373 ,
553 2331 618 2365 sed
650 2332 789 2368 tardius
825 2332 920 2365 facta
958 2331 1089 2365 fuerat.
1162 2333 1290 2377 Itaque
1334 2330 1513 2364 chosroes
1550 2330 1761 2365 Armeniam
1921 2328 1924 2349 ¹

308 2377 404 2409 liber
445 2377 490 2412 ab
532 2380 633 2412 omni
665 2385 773 2416 metu
822 2379 901 2412 sine
937 2379 1013 2412 ulla
1045 2378 1265 2412 difficultate
1300 2377 1506 2422 occupavit,
1540 2387 1619 2410 cum
1652 2389 1760 2412 nemo

307 2423 477 2456 inventus
505 2430 612 2466 esset,
638 2426 702 2470 qui
727 2412 784 2458 illi
808 2426 1007 2460 resisteret.
1056 2425 1187 2470 Neque
1210 2434 1294 2458 vero
1322 2424 1431 2458 etiam
1460 2423 1611 2458 minoris
1635 2424 1763 2458 Arme-

307 2469 393 2505 niae
419 2470 587 2511 incolae,
613 2474 678 2517 qui
704 2472 873 2506 Romanis
899 2472 1090 2517 vectigales
1118 2475 1245 2511 erant,
1272 2470 1390 2515 fugam
1417 2475 1611 2514 ceperunt,
1638 2481 1760 2516 nequo

307 2527 408 2561 agros
433 2517 733 2562 dereliquerunt,
761 2519 825 2553 sed
852 2524 1072 2552 commeatus
1100 2518 1277 2552 exercitui
1306 2516 1636 2551 subministrarunt.
1687 2516 1761 2551 Sed

310 2574 391 2596 cum
429 2563 611 2598 Chosro'es
650 2565 803 2598 ulterius
827 2565 1132 2610 progrederetur,
1165 2564 1231 2610 qui
1257 2564 1296 2597 in
1327 2564 1473 2607 regione
1497 2563 1761 2598 Macrabando-

310 2621 390 2643 rum
434 2615 471 2643 et
515 2609 764 2645 Tarannorum
812 2611 1032 2645 habitabant
1074 2611 1223 2645 minime
1273 2610 1470 2643 manebant
1490 2635 1499 2651 ,
1553 2615 1595 2644 ut
1650 2621 1759 2645 nemo

311 2657 545 2697 mortalium,
582 2668 700 2702 neque
726 2669 812 2691 vero
842 2659 954 2692 etiam
980 2659 1095 2692 ullum
1120 2656 1253 2692 animal
1276 2661 1444 2690 vecturae
1479 2662 1600 2701 aptum
1633 2657 1673 2694 in
1702 2657 1760 2690 his

311 2703 399 2737 locis
437 2704 712 2749 conspiceretur.
782 2705 870 2738 Cum
905 2706 1003 2738 enim
1041 2716 1102 2738 rex
1138 2703 1321 2738 hostiliter
1355 2704 1603 2748 irrumperet,
1638 2714 1761 2737 omnes

313 2751 488 2796 agricolae
514 2751 731 2796 aufugerunt
756 2758 792 2786 et
818 2753 937 2787 omnia
964 2752 1037 2786 late
1063 2750 1274 2786 hominibus
1299 2760 1408 2783 vacua
1436 2757 1563 2793 erant,
1597 2751 1613 2767 *
1638 2757 1760 2798 neque
