1924 3164
132 1323 173 1357 A.
186 1322 222 1355 C.
243 1323 309 1358 562

323 133 437 203 428
923 149 1200 191 ExcssRPTA

434 254 481 304 ς’.
527 251 618 297 ’Ότι
646 254 690 295 ἒν
726 255 811 301 τοῖς
838 253 1050 304 μεγίστοις
1087 248 1291 299 κινδύνοις
1318 249 1514 302 πολλάκις
1539 251 1763 309 παραπέσῃ

321 337 368 377 γε
390 323 441 379 τῇ
466 320 599 376 τόλμῃ
628 316 675 360 τὸ
702 317 958 368 ἑλπίζεσθαι.
1424 372 1427 374 v
1563 353 1578 360 ,

434 385 482 438 ζ’.
545 384 607 427 Οὕ
632 381 714 439 γάρ
758 383 859 435 ἐμοί
879 398 926 437 γε
964 382 1129 437 τάληθῆ
1168 381 1378 437 σιγητέον,
1409 382 1497 423 ἄλλ’
1530 383 1629 425 ου’δὲ
1657 379 1765 438 πρὸς

256 491 262 498 ,
318 454 449 509 χάριν
478 448 529 492 ἂν
558 449 719 502 εἴποιμι
753 451 834 491 τῶν
863 449 968 502 μέγα
1014 449 1267 501 δυναμένων.
1326 444 1387 496 οἷς
1414 446 1495 503 γὰρ
1526 447 1601 488 οὐκ
1628 445 1764 490 ἔνεστι

320 517 365 562 τὸ
393 511 578 568 εὔκλεὲς,
606 513 772 564 τούτοις
801 514 987 567 ἐγκώμια
1016 515 1268 569 προσφέρων
1295 529 1357 562 τις
1394 510 1511 568 παρὰ
1554 511 1631 568 τὴν
1658 507 1788 569 miv-5¹

319 599 402 626 των
441 579 565 632 δόξαν
605 582 904 634 καταγέλαστον
945 581 1090 635 τίθησι
1124 578 1197 621 τὸν
1239 579 1562 633 ἐπαινούμενον,
1592 579 1665 620 καί
1688 576 1785 633 τήν,

319 647 525 703 α’λήθειαν
553 647 807 696 ἐπισκιάζειν
821 645 1072 699 βουλόμενος
1090 642 1168 687 κοῖν
1183 652 1268 695 τοῖς
1286 645 1629 700 ὁμολογουμένοις
1654 643 1764 699 ψεύ-

319 716 471 756 δεσθαι
500 710 624 763 δόξει.
1524 726 1527 728 ·
1761 725 1763 727 ’

427 780 480 834 η’.
524 775 618 821 ’Ότι
648 778 945 833 ἄναπτερωτόν
972 794 1014 820 τι
1058 779 1205 834 χρῆμα
1234 777 1261 832 ἦ
1290 778 1410 833 νίκη,
1443 776 1516 818 καί
1542 777 1765 833 διαδιδρά-
1819 817 1823 822 ,

320 859 435 888 σκειν
469 845 582 886 οἶάτε
637 841 746 886 οὖσα
786 843 950 903 ῥαδίως.
1033 846 1165 886 ταῦτά
1203 860 1268 886 τοι
1310 846 1384 886 καί
1415 839 1598 900 (Όμηρος
1637 841 1818 899 αὖτὴνιό

320 928 450 969 φησιν
477 912 780 965 ἐπαμειβεσθαι
810 909 907 960 τούς
935 906 1106 967 ἄνδρας.

427 975 482 1019 θ’.
528 973 620 1019 Ὅτι
659 975 778 1032 ψυχὴ
820 978 1131 1033 τυραννουμένη
1171 974 1277 1032 πρὸς
1305 973 1442 1034 φόβου
1474 977 1558 1018 τῶν
1585 972 1766 1030 δεόντων

317 1045 404 1085 κατ’
433 1043 558 1085 ου’δὲν
586 1041 725 1084 ὁτιοῦν
753 1041 1107 1097 προμηθεύσεται.
1332 1095 1336 1100 .

399 1142 402 1143 γ
428 1106 466 1150 ι’.
525 1110 629 1151 Πᾶν
654 1106 735 1164 γὰρ
784 1107 945 1163 α’γαθόν
976 1124 1019 1149 τε
1056 1110 1131 1150 καί
1163 1106 1292 1150 κακὸν
1326 1110 1380 1167 τῇ
1421 1104 1663 1165 οἷνθρωπίνῃ
1689 1123 1767 1150 τα-
1793 1135 1795 1137 v
1830 1131 1835 1135 ·

314 1172 562 1217 λαντεύεται
611 1172 752 1231 γνώμῃ
772 1208 785 1228 ,
828 1172 902 1215 καί
954 1176 1014 1232 τῷ
1060 1176 1300 1234 βουλομένῳ
1362 1175 1642 1232 προσδέχεται
1687 1172 1817 1229 τὴνιὸ

319 1238 465 1297 ῥοπήν.

429 1305 495 1348 ια’.
541 1301 633 1349 ’Ότι
664 1305 772 1362 φησί
786 1308 1039 1360 Μένανδρος
1067 1303 1088 1347 ὃ
1121 1304 1330 1360 ἱστορικὸς
1356 1307 1455 1362 περὶ
1482 1306 1657 1362 Πέτρου
1685 1305 1764 1347 τοῦ

152 1369 229 1423 1³5¹·
262 1374 524 1428 Ιῡπρέσβεως
550 1371 624 1414 καί
663 1370 884 1428 Χοσρόου·
938 1373 1057 1425 „owe
1093 1375 1172 1426 μὲν
1202 1367 1275 1414 οὖν
1321 1372 1358 1413 οἱ
1388 1371 1503 1425 λόγοι
1549 1372 1764 1427 προῆλθον

116 1417 308 1507 Ῑιέἑὶἷὲῖῗ
319 1441 362 1489 ἐξ
390 1435 577 1494 ἆμφοῖν,
615 1437 690 1479 καί
735 1439 816 1492 οὔχ
861 1441 982 1494 ἕτερα
1010 1436 1197 1494 νοήματα
1226 1439 1380 1493 ἐλέχθη
1409 1439 1617 1486 Σουανιάς
1643 1438 1764 1491 πέρι·

186 1501 414 1546 Β.356οὖὃὲ
441 1502 528 1558 μὴν
556 1505 653 1545 ἄνθ’
680 1499 833 1558 ἑτέρων
861 1501 1025 1559 ’ἑτέραις
1052 1506 1208 1554 λέξεσιν
1235 1501 1492 1559 ἐχρησάμην,
1521 1499 1547 1559 ἢ
1574 1501 1619 1545 τὸ
1648 1505 1816 1557 >fla-20

313 1567 557 1626 μαλώτερόν
584 1586 674 1618 πως
700 1567 812 1612 ἔστιν
837 1565 864 1627 ᾗ
891 1572 973 1612 τῶν
1000 1568 1156 1625 λόγων,
1185 1567 1373 1612 καθόσον
1402 1567 1534 1614 οἷόντέ
1560 1584 1656 1622 μοι,
1685 1584 1764 1622 με-

313 1636 506 1693 τέφρασα
548 1635 591 1686 ἐς
627 1633 674 1677 τὸ
706 1631 1016 1693 Ἀττικώτερον.
1086 1633 1133 1678 οὗ
1172 1636 1253 1692 γάρ
1287 1637 1389 1690 ἐμοί
1408 1651 1454 1691 γε
1492 1637 1683 1692 θυμῆρες
1708 1632 1760 1676 τὰ

410 1750 440 1777 1.
467 1742 685 1788 παρέπεται
704 1743 748 1788 τῇ
777 1742 894 1791 τόλμῃ
928 1734 970 1776 τό
999 1743 1222 1790 λογίζεσθαι
1246 1743 1339 1777 coni.
1365 1743 1404 1778 B.
1562 1741 1594 1787 4.
1620 1737 1671 1775 ἂν
1693 1752 1764 1775 om-

408 1790 466 1823 ed.
537 1802 570 1835 9.
595 1788 862 1836 dv-oentsqwtdv
874 1793 910 1836 Β.
926 1815 935 1829 ,
958 1790 1273 1838 ἅναπτεριότατόν
1297 1789 1352 1824 ed.
1452 1791 1504 1827 18.
1543 1789 1582 1822 οἱ
1604 1786 1687 1823 add.
1717 1790 1755 1822 B.

416 1849 474 1872 αι.
500 1836 605 1872 ἔστιν
628 1837 649 1884 ᾖ
675 1837 732 1879 Ν.,
757 1838 862 1873 ἐστιν
887 1834 910 1881 ἤ
933 1837 990 1872 ed.

408 1935 443 1970 6.
491 1934 534 1967 In
558 1933 724 1967 maximis
748 1933 921 1978 periculis
945 1944 1053 1980 saepe
1081 1932 1233 1967 audacia
1257 1944 1359 1979 spem
1385 1936 1541 1978 superat.

413 1993 444 2026 7.
504 1980 634 2026 Neque
674 1991 694 2013 a
740 1991 798 2014 me
835 1982 967 2014 veritas
1010 1980 1195 2015 reticenda
1238 1981 1329 2022 est,‘
1356 1992 1477 2026 neque
1521 1978 1566 2013 ad
1610 1979 1762 2023 gratiam

315 2028 524 2074 potentium
563 2027 599 2060 lo
629 2027 799 2061 neudum.
865 2029 1010 2061 Etenim
1056 2028 1087 2060 si
1130 2027 1341 2061 hominibus
1361 2053 1370 2069 ,
1417 2027 1480 2073 qui
1530 2026 1625 2060 nihil
1664 2037 1765 2059 com-

316 2075 527 2109 mendabile
550 2041 697 2108 'hagent
714 2100 723 2116 ‚
769 2074 896 2107 laudes
933 2079 1056 2108 contra
1103 2075 1264 2107 omnium
1305 2074 1523 2108 sententiam
1565 2073 1760 2120 quisquam

316 2122 477 2164 tribuat,
500 2126 578 2154 tum
606 2123 661 2162 is,
697 2122 759 2167 qui
792 2120 985 2163 laudatur,
1020 2121 1194 2155 ridiculus
1220 2121 1364 2161 evadit,
1398 2126 1476 2153 tum
1508 2121 1571 2166 qui
1614 2120 1761 2154 veritati

316 2168 441 2202 fucum
484 2169 603 2202 facere
642 2168 792 2210 nititur,
826 2169 866 2201 in
910 2169 1112 2202 manifestis
1156 2168 1266 2202 etiam
1304 2167 1413 2201 rebus
1453 2167 1599 2201 mentiri
1633 2171 1763 2211 postea

315 2214 512 2250 videbitur.
1489 2223 1493 2228 ’

411 2265 442 2297 8.
491 2262 658 2297 Volucris
679 2261 873 2294 admodum
891 2262 1044 2297 victoria
1062 2266 1117 2295 est
1129 2287 1137 2302 ‚
1153 2266 1190 2294 et
1203 2261 1310 2294 facile
1325 2262 1496 2307 aufugere
1513 2260 1625 2302 solet3
1651 2265 1762 2307 atque

316 2308 365 2342 ob
391 2308 429 2341 id
453 2309 543 2341 mihi
567 2308 711 2342 videtur
735 2309 814 2353 ipsa
840 2309 885 2340 ab
914 2309 1070 2342 Homero
1096 2309 1169 2342 dici
1197 2309 1293 2342 inter
1319 2307 1484 2342 homines
1510 2307 1702 2340 alternare.

410 2367 444 2399 9.
492 2357 641 2388 Animus
665 2357 797 2390 timore
819 2367 1010 2400 oppressus
1035 2356 1179 2389 nullum
1204 2356 1315 2389 officii
1340 2360 1539 2402 respectum
1563 2353 1729 2391 habebit.

390 2413 442 2436 ιο.
492 2401 655 2448 Namque
684 2414 789 2436 omne
816 2402 952 2436 bonum
980 2403 1190 2449 malumque
1227 2404 1267 2436 in
1292 2402 1451 2435 humano
1478 2401 1636 2435 libratur
1660 2399 1761 2434 iudi-

317 2449 395 2490 cio,
425 2453 534 2494 atque
560 2461 579 2481 a
604 2449 792 2483 voluntate
818 2450 1095 2484 inclinationem
1119 2451 1263 2494 accipit.
1373 2450 1377 2458 '
1747 2455 1752 2468 ·’

394 2506 443 2529 ιι.
491 2495 691 2528 Menander
727 2495 921 2530 historicus
963 2496 1008 2529 de
1034 2497 1138 2530 Petro
1166 2498 1285 2541 legato
1309 2501 1344 2529 et
1368 2495 1412 2529 de
1441 2494 1600 2528 chosroe
1629 2494 1681 2527 sic
1703 2493 1761 2526 lo—

312 2541 459 2588 quitur:
482 2543 555 2583 „Hi
582 2553 664 2586 ergo
693 2544 874 2590 utrimque
901 2543 1017 2576 habiti
1043 2549 1128 2577 sunt
1152 2553 1342 2582 sermones,
1358 2552 1477 2588 neque
1502 2543 1583 2575 aliis
1610 2545 1759 2574 senten-

315 2589 379 2621 tiis
403 2593 522 2622 actum
546 2594 600 2622 est.
624 2589 668 2622 ‹le
694 2588 838 2622 Suania.
887 2590 1015 2635 Neque
1041 2591 1137 2624 enim
1154 2600 1219 2635 ego
1235 2590 1307 2622 alia
1325 2589 1406 2622 aliis
1431 2589 1540 2621 verba
1563 2587 1759 2631 substitui3

315 2645 438 2680 neque
473 2634 596 2683 siquid
630 2635 805 2669 humilius
845 2636 983 2670 dictum
1020 2638 1111 2678 suit,
1146 2636 1184 2669 id
1209 2647 1274 2680 ego
1299 2641 1448 2668 conatus
1475 2646 1553 2668 sum
1576 2645 1642 2679 pro
1668 2636 1758 2667 mein

314 2681 455 2715 viribus
480 2683 520 2716 in
534 2682 642 2716 Attici
671 2682 844 2715 sermonis
871 2684 1087 2729 elegantiam
1108 2684 1321 2716 transferre:
1354 2693 1475 2728 neque
1506 2681 1597 2715 mihi
1623 2678 1761 2722 libuit,

322 2739 416 2776 quae
438 2729 589 2779 proprie
613 2727 710 2764 dicta
734 2735 821 2764 sunt
845 2740 1012 2778 quaeque
1033 2730 1079 2766 ad
1102 2740 1160 2765 me
1181 2729 1414 2776 incorrupta,
1439 2733 1480 2763 ut
1503 2725 1759 2770 arbitrorub-
