1924 3164
355 181 465 238 308
914 189 1193 235 ExcERPTA

159 301 433 356 1.Α.Ε.569μὲν
460 292 534 342 οὖν
562 297 615 339 σύ
643 293 747 338 κατὰ
790 294 865 348 τῆς
895 293 1116 355 Ῥωμαίων
1143 286 1318 348 ἦλασας,
1347 287 1494 332 λοιπὸν
1521 289 1592 342 δὲ,
1622 282 1687 336 ὅτι
1715 283 1788 347 καὶ

237 358 379 406 1nd.25
411 361 610 418 βασιλεύς
638 363 683 403 ἓν
708 361 840 415 βουλῇ
871 357 1096 413 ἐποιήσατο
1123 354 1322 412 χρήματά
1350 359 1418 398 σοι
1437 355 1676 397 ἐπιδοῦναι·
1701 366 1788 395 vot-

179 405 510 486 ἶωὲῗιιξγαροῧν
550 428 625 468 καί
662 426 849 481 παρέσχε
889 428 975 473 τοῖς
1001 421 1107 464 κατὰ
1137 424 1184 464 σὲ
1211 422 1464 478 πρέσβεσιν.
1517 418 1611 460 ἐπεὶ
1637 420 1682 460 δὲ
1711 434 1788 459 κα-

349 491 541 548 τενόησεν
586 487 953 542 αὔθαὸιαζόμενον
989 487 1062 530 καὶ
1086 487 1195 542 ὑπὲρ
1225 482 1360 540 αὗτῆν
1389 484 1441 540 δή
1470 499 1551 526 που
1579 482 1655 538 τὴν
1680 485 1790 538 βαρ-

348 556 527 615 βαρικὴν
556 557 800 607 α’λαζονειάν
828 551 1138 608 ἐξογκούμενον,
1163 548 1332 608 ῥήματά
1361 566 1404 593 τε
1432 546 1686 605 ὑπερήφανα
1711 555 1816 602 ‹sn-5

347 623 552 679 μαίνοντα
580 620 653 663 καὶ
676 621 749 675 τῆς
777 619 854 674 σῆς
884 618 1101 672 δυνάμεως
1119 619 1425 673 καθυπέρτερα,
1453 615 1686 670 τηνικαῦτα
1711 611 1789 654 καὶ

349 685 478 737 αὖτὸς
507 684 578 729 ἅτε
606 687 804 740 α’γχίνους
823 685 1033 727 ἐπετέλεσε
1063 681 1114 726 τὰ
1138 685 1283 725 οἰκεῖα.
1313 680 1387 723 καὶ
1409 678 1454 723 τὸ
1484 680 1560 723 νῦν
1588 680 1634 721 δὲ
1667 677 1790 733 ἔχον,

346 750 552 808 ἡμέτερόν
596 752 710 793 ἐστιν
752 749 808 800 ὥς
857 751 1035 804 βασιλέα
1075 753 1238 791 στεῖλαι
1280 743 1354 796 οὓς
1382 741 1434 789 ἂν
1460 743 1514 789 σύ
1542 745 1791 800 βουληθείης

347 819 544 872 πρέσβεις
598 814 698 865 τούς
747 814 1054 870 βεβαιώσοντας
1094 811 1146 855 τὰ
1189 814 1288 868 περὶ
1320 813 1398 867 τῆς
1439 809 1628 867 εἰρήνης.
1680 809 1790 864 μηδὲ

349 881 430 938 γὰρ
461 883 506 924 ἐν
545 881 645 937 ἡμῖν
671 877 778 923 εἶναι
805 871 948 934 νόμιζε
986 875 1062 922 κᾶν
1085 880 1186 934 γοῦν
1214 877 1493 935 φθέγξασθαί·
1521 893 1588 929 τι,
1615 873 1716 930 μήτι
1741 888 1843 928 γεω

255 977 257 980 -
317 950 426 990 Βκαί
442 943 594 1003 ἑτέρως
613 943 641 1001 ἢ
669 944 782 987 καθὰ
811 948 983 999 βασιλεῖ
1001 946 1059 1001 τῷ
1087 943 1270 1001 ἡμετέρῳ
1298 944 1415 984 δοκεῖ
1436 939 1788 997 διαπράξασθαι.”

349 1015 486 1055 ταῦτα
526 1011 674 1054 Βώνου
705 1010 940 1067 εἰρηκότος,
969 1004 1018 1052 εὖ
1065 1007 1176 1063 ἔχειν
1203 1007 1318 1058 ἔδοξε
1345 1009 1404 1064 τῷ
1431 1006 1606 1063 Βαϊανῷ
1630 1003 1682 1047 τὰ
1711 1000 1790 1061 ῥή-

345 1094 484 1132 ματα.
513 1076 692 1132 ἐσήμανε
731 1077 777 1117 δὲ
804 1069 945 1124 αὖθις·
984 1072 1155 1129 ,,ἒπειδὴ
1183 1071 1237 1115 τοὶ
1265 1075 1308 1123 ἐς
1333 1070 1568 1126 ὅμαιχμίαν
1594 1067 1779 1124 ἑπόμενά

346 1158 421 1197 μοι
459 1141 561 1197 ἔθνη
606 1139 888 1194 αἰσχύνομαι,
929 1136 1060 1188 αἰδώς
1099 1139 1146 1180 τέ
1172 1153 1226 1191 με
1264 1136 1377 1191 ἔχει,
1428 1135 1473 1178 εἴ
1502 1151 1548 1190 γε
1575 1133 1708 1193 πάντῃ
1738 1130 1790 1177 οἷ’-

346 1222 526 1263 πρακτος
554 1205 722 1248 ἐνθένδε
750 1202 1014 1259 οἷναχωρήσω
1032 1199 1204 1258 ,μηδέν
1239 1217 1281 1245 τι
1311 1200 1467 1257 ὄνήσας
1490 1199 1702 1254 ἐμαυτόν·
1732 1196 1843 1251 ὦςιέ

347 1267 401 1313 ἂν
425 1269 484 1326 μη
527 1265 602 1312 οὖν
641 1269 746 1320 δόξω
775 1267 911 1324 μάτην
953 1269 1223 1323 πεποιηκέναι
1251 1266 1324 1309 καί
1342 1266 1500 1321 ἆκερδῆ
1526 1264 1601 1321 τὴν
1629 1266 1791 1319 ἐπιχεί-

347 1352 488 1391 ρησιν,
517 1336 680 1391 βραχέα
708 1332 787 1387 μοι’
805 1349 896 1375 τινα
926 1335 1122 1386 πέμψατε
1154 1334 1296 1388 δῶρα.
1323 1334 1396 1374 καί
1420 1329 1499 1387 γὰρ
1529 1333 1574 1374 ἐν
1601 1333 1653 1387 τῇ
1680 1332 1792 1372 Σκυ-

345 1403 422 1459 θία
449 1399 702 1456 περαιωθείς
735 1399 857 1441 οὐδὲν
886 1397 1030 1440 ὁτιοῦν
1056 1397 1340 1453 ἐκομισάμην,
1366 1396 1440 1439 καί
1463 1398 1544 1439 ταῖν
1574 1393 1792 1438 ἀδυνάτων

346 1467 439 1508 ἐστι’
467 1465 692 1508 κάντεῦθεν
718 1460 871 1518 ἥκιστα
900 1463 1191 1519 ὠφεληθέντα,
1201 1478 1256 1516 με
1284 1460 1627 1504 ἄπελεύσεσθαι.”
1654 1458 1787 1519 Βοόνῳ

347 1531 396 1571 δὲ
431 1531 490 1587 τῷ
527 1530 743 1586 στρατηγῷ
769 1527 842 1569 καί
875 1533 959 1576 τοῖς
988 1523 1080 1569 ὅσοι
1106 1543 1153 1582 γε
1180 1523 1288 1584 ἄμφ’
1318 1525 1448 1569 αὐτὸν
1489 1522 1561 1583 (ἦν
1589 1528 1636 1569 δὲ
1664 1523 1687 1567 ὅ
1714 1528 1843 1582 τῆςαο

307 1591 511 1643 (Ξπόλεως
532 1594 725 1648 μέγιστος
750 1591 907 1650 ἱερεῦς)
935 1591 1072 1643 ἔδοξεν
1102 1587 1271 1647 εὔλογον
1298 1594 1377 1647 μὲν
1403 1589 1512 1634 εἶναι
1541 1590 1586 1634 τό
1619 1606 1802 1650 προσ-ει·-

343 1657 535 1713 νόμενον·
594 1658 691 1700 οὐδὲ
716 1655 797 1714 γὰρ
826 1661 1002 1700 πλεῖστα
1029 1655 1220 1712 ἐβούλετο
1248 1660 1534 1711 κομίσασθαι,
1564 1657 1653 1700 ἀλλ’
1682 1650 1788 1712 ἄχρι

438 1750 469 1784 5.
495 1747 760 1794 ἐξογκώμενον
782 1746 876 1792 vulg.
964 1759 998 1792 9.
1021 1747 1298 1792 βεβαιώσαντας
1320 1747 1413 1794 vulg.
1488 1757 1538 1782 n.
1567 1743 1593 1790 ἤ
1617 1745 1699 1781 add.
1723 1747 1765 1786 Β.

343 1817 384 1850 in
407 1815 584 1850 Romanos
625 1814 774 1848 irruisti.
824 1814 927 1859 Quin
967 1816 1077 1850 etiam
1100 1816 1297 1861 Imperator
1320 1814 1414 1850 dona
1441 1814 1513 1849 tibi
1535 1814 1680 1848 mittere
1704 1815 1788 1849 aui-

342 1873 442 1897 mum
468 1862 634 1901 induxit,
659 1861 770 1906 idque
794 1861 922 1905 legatis
950 1861 995 1894 ad
1020 1867 1056 1895 te
1079 1863 1196 1898 missis
1219 1862 1413 1896 mandavit.
1462 1861 1534 1896 Sed
1556 1873 1637 1895 cum
1658 1865 1696 1895 te
1722 1872 1789 1894 au-

343 1909 523 1943 daciorem
563 1907 699 1941 sactum
734 1913 927 1948 cerneret,
963 1912 1000 1941 et
1031 1909 1126 1942 ultra
1166 1909 1390 1942 barbaricam
1425 1908 1656 1941 insolentiam
1693 1918 1787 1942 vana

344 1954 458 2000 gloria
487 1954 623 1988 elatum
665 1958 702 1986 et
734 1958 957 1995 tumentem,
987 1955 1039 1987 ita
1060 1960 1102 1988 ut
1139 1955 1196 1988 illi
1225 1954 1334 1989 verba
1376 1954 1643 2000 arrogantiora‚
1678 1953 1786 1997 longe

341 2007 424 2036 tuas
438 2002 530 2034 vires
555 1999 788 2041 excedentia,
814 1999 1070 2035 denuntiares:
1092 2002 1262 2035 nimirum
1286 2000 1444 2047 prudens
1468 2006 1506 2034 et
1525 2005 1651 2034 cautus
1677 1998 1787 2034 rebus

342 2048 418 2081 suis
450 2047 647 2091 prospexit.
708 2046 754 2079 Et
778 2049 820 2078 ut
854 2057 953 2080 nunc
975 2053 1064 2080 sunt
1098 2059 1176 2090 res,
1198 2053 1361 2082 nostrum
1385 2053 1440 2081 est
1462 2047 1506 2081 ad
1528 2047 1786 2090 Imperatorem

342 2093 501 2137 legatos,
527 2104 617 2138 quos
641 2092 710 2126 tibi
734 2091 919 2127 videbitur
936 2118 947 2135 ,
971 2095 1136 2136 mittere,
1165 2095 1229 2140 qui
1258 2094 1303 2129 de
1324 2105 1413 2140 pace
1436 2093 1663 2127 conveniant.
1709 2091 1787 2126 Nee

343 2141 441 2175 enim
473 2139 658 2173 existimes
694 2138 829 2179 velim,
868 2139 908 2172 in
941 2144 1063 2173 nostra
1100 2145 1280 2186 potestate
1315 2151 1392 2174 esse
1439 2139 1632 2186 quicquam
1666 2139 1786 2180 aliter,

344 2197 451 2230 quam
468 2188 669 2230 Imperator
683 2185 966 2232 praescripserit,
978 2186 1098 2219 dicere
1112 2192 1176 2220 aut
1184 2187 1337 2221 facere.”
1359 2186 1456 2220 Haec
1468 2185 1531 2218 ubi
1543 2187 1660 2219 Bonus
1677 2185 1784 2227 dixit,

341 2237 440 2264 recta
465 2231 614 2277 quidem
639 2242 720 2264 eum
735 2236 773 2264 et
785 2232 879 2264 iusta
894 2232 1028 2266 dixisse
1039 2233 1191 2266 Baianus
1212 2232 1375 2267 censuit:
1401 2231 1464 2265 sed
1491 2231 1581 2265 haec
1603 2231 1782 2266 subiecit:

341 2277 457 2315 „Sane
486 2289 550 2322 ego
575 2282 723 2322 propter
748 2282 891 2323 gentes,
946 2289 1012 2312 uae
1035 2290 1093 2312 me
1125 2279 1171 2312 ad
1197 2279 1334 2314 bellum
1368 2283 1511 2312 secutae
1542 2282 1645 2318 sunt,
1676 2288 1783 2312 vere—

342 2324 481 2365 cundia,
507 2324 632 2364 ducor,
659 2324 690 2357 si
719 2324 822 2358 nulla
846 2336 884 2358 re
905 2336 923 2358 e
953 2330 1031 2359 ecta
1062 2325 1250 2368 recedere,
1282 2335 1401 2370 neque
1431 2325 1625 2369 quicquam
1649 2334 1782 2368 operae

338 2370 451 2415 pretii
474 2369 601 2404 fecisse
615 2369 750 2403 videar.
779 2371 833 2402 Ne
850 2371 961 2416 igitur
977 2371 1102 2405 videar
1122 2372 1254 2406 frustra
1275 2376 1415 2406 tantum
1438 2369 1574 2404 laboris
1588 2370 1781 2414 pertulisse

339 2421 376 2449 et
393 2415 470 2448 sine
487 2416 562 2451 ullo
584 2416 826 2450 emolumento
846 2429 888 2451 ex
918 2417 1114 2454 editionem
1132 2419 1329 2463 suscepisse
1342 2442 1352 2459 ‚
1376 2427 1484 2461 parva
1506 2416 1718 2451 munuscula
1734 2415 1783 2453 ad

336 2472 396 2497 me
422 2463 566 2497 mittite.
600 2462 743 2500 Etenim
772 2474 791 2499 e
810 2463 893 2507 Scyt
921 2465 956 2497 ia
984 2463 1056 2497 huc
1083 2460 1351 2504 transmittens,
1370 2463 1464 2496 nihil
1485 2463 1676 2508 quicquam
1702 2473 1783 2498 me-

336 2518 421 2543 eum
439 2508 553 2543 extuli
578 2518 696 2553 neque
715 2509 805 2542 mihi
823 2534 832 2550 ‚
861 2511 892 2543 si
915 2509 1011 2544 nihil
1036 2512 1101 2552 rei,
1125 2510 1222 2556 quod
1247 2522 1303 2544 me
1327 2510 1438 2550 iuvet,
1452 2520 1668 2555 percepero,
1691 2508 1781 2544 hino

335 2553 510 2586 excedere
537 2552 658 2588 licet.’'
685 2555 784 2588 Bono
807 2555 957 2601 quidem
981 2555 1063 2590 duci
1088 2562 1124 2591 et
1144 2558 1284 2594 ceteris,
1301 2558 1366 2602 qui
1393 2567 1473 2589 cum
1499 2567 1541 2590 eo
1567 2559 1689 2599 erant,
1717 2555 1778 2588 in-

334 2605 391 2634 ter
426 2610 516 2645 quos
554 2604 631 2632 erat
668 2611 854 2644 supremus
888 2603 988 2636 urbis
1025 2602 1204 2644 sacerdos,
1236 2603 1351 2637 visum
1381 2607 1457 2641 est,
1481 2603 1655 2635 Baianum
1680 2600 1776 2636 iusta

336 2650 375 2679 et
408 2646 541 2679 rationi
579 2651 819 2680 consentanea
848 2659 1062 2694 proponere.
1123 2648 1198 2682 Nec
1235 2649 1332 2682 enim
1369 2647 1603 2682 immoderata
1626 2657 1775 2683 munera

337 2691 494 2725 Baianus
518 2691 589 2726 sibi
614 2691 691 2725 dari
715 2692 888 2736 petebat,
912 2695 1028 2730 solum
1055 2706 1164 2730 unam
1187 2700 1348 2740 pateram
1377 2705 1421 2728 ex
1444 2705 1482 2728 ar
1528 2699 1592 2728 nto
1615 2694 1763 2733 factam.

336 2748 405 2773 uec
434 2738 589 2775 multum
623 2737 724 2780 auri,
753 2744 898 2785 praeter
933 2741 1025 2787 haec
1048 2742 1207 2789 togulam
1233 2741 1445 2786 Scythicam.
1485 2707 1633 2780 §erum
1649 2739 1771 2775 3⁰⁰⁰·
