1924 3164
435 199 490 239 lN
531 192 813 237 EXCERPTA
849 193 922 233 DE
962 190 1374 234 LEGATIONIBUS.
1512 174 1582 231 55
1597 198 1614 231 ι

172 312 268 351 pace
295 299 398 337 inter
414 298 673 351 Sigibertum,
706 309 840 349 regem
868 295 1139 343 Francorum,
1169 301 1209 333 et
1236 294 1489 349 Chaganum,
1510 296 1620 336 Ava-

177 368 269 391 rum
305 355 542 406 principem,
581 353 688 391 facta
722 350 815 390 vide
860 351 1100 402 Gregorium
1141 350 1419 390 Turonensem
1447 353 1488 390 in
1517 351 1624 391 libro

174 416 318 461 quarto
347 423 434 461 cap.
468 409 534 447 23.
587 408 775 446 Ceterum
794 404 951 444 notabis
981 404 1110 443 obiter
1130 405 1346 445 Menandri
1370 405 1622 459 religionem,

173 464 244 515 qui
283 463 482 516 Sigiberto
521 461 729 513 βασιλέως
764 459 1007 500 vocabulum
1037 474 1120 498 non
1158 460 1334 511 tribuat,
1367 462 1427 500 uti
1457 477 1530 503 nec
1559 477 1623 501 ce-

172 519 268 556 teris
297 518 504 557 barbaris:
534 517 731 556 timebant
751 517 858 554 enim
877 515 1072 561 Romani,
1109 529 1159 553 ne
1190 517 1486 567 imperatoriam
1506 518 1624 556 maie-

171 580 314 612 statem
356 573 560 612 laederent
581 601 593 622 ,
635 573 667 610 si
695 569 902 622 βασιλέως
942 568 1182 608 vocabulum
1211 570 1476 610 barbarorum
1521 574 1625 626 regi-

173 627 250 666 bus
280 630 620 667 communicarent
636 656 648 676 ‚
678 625 851 677 solisque
882 625 1096 663 Persarum
1131 624 1290 677 regibus
1320 626 1421 664 illud
1448 627 1623 666 tribuere

173 682 379 722 solebant:
421 697 522 737 quos
549 683 668 721 etiam
698 681 832 719 Latini
860 679 1076 718 Persarum
1106 679 1376 732 Imperatores,
1399 681 1625 734 vocabant,

174 745 220 776 ut
248 745 358 791 patet
385 753 431 778 ex
461 738 661 776 Chronico
690 735 862 774 Abbatis
890 734 1155 773 Biclariensis.
1416 774 1417 777 ,
1469 778 1472 781 Δ

290 794 394 846 Pag.
429 807 516 832 110.
551 792 600 831 C.
629 791 741 845 [303,
786 788 866 842 13.]
909 789 992 828 τῶν
1026 785 1248 838 Ῥωμαίων
1284 788 1625 842 συμμαχούντων

172 850 259 893 τοῖς
289 847 329 886 Γ
327 846 515 900 tinuatur,
574 847 678 884 Cum
699 845 879 898 Gepidae
904 859 926 883 a
945 844 1224 897 Langobar-dis
1249 846 1482 897 gravissima
1511 846 1625 885 clade

176 903 305 941 affecti
336 903 524 950 fuissent,
571 902 621 940 ad
663 903 863 941 Iustinum
900 901 1189 952 Imperatorem
1229 900 1491 952 confugerant
1510 930 1521 950 ,
1555 901 1627 953 qui

174 957 417 996 Baduarium
460 971 650 1011 generum
693 956 748 995 cis
777 955 926 993 auxilio
963 956 1093 1004 misit,
1125 961 1169 993 ut
1198 955 1336 993 scribit
1364 955 1624 1008 Theophyla-

173 1019 260 1051 ctus
286 1015 328 1051 in
366 1012 396 1052 l.
427 1012 468 1055 6.
503 1027 591 1066 cap.
630 1026 714 1052 10..
763 1011 826 1050 De
871 1009 952 1049 hoe
978 1009 1180 1048 Baduario
1221 1009 1401 1063 loquitur
1429 1010 1627 1063 Cui-ippus

175 1068 216 1105 in
247 1067 274 1107 l.
305 1069 371 1107 5.:

370 1122 667 1176 Dispositorqtae
702 1134 826 1158 novus
849 1133 984 1158 sacrae
1007 1119 1234 1158 Badaarias
1269 1120 1386 1158 aulae
1402 1150 1414 1166 ,

368 1177 572 1216 Successor
602 1177 747 1221 soceri,
762 1175 902 1225 facetus
928 1189 1027 1213 moa·
1056 1175 1325 1228 Οιινοραῖαίεῐε.

175 1232 288 1270 Idem
331 1239 469 1285 postea
513 1230 667 1284 proelio
716 1230 847 1268 victus
886 1244 908 1267 a
947 1230 1249 1282 Longobardis,
1279 1229 1379 1267 obiit
1415 1230 1457 1268 in
1486 1230 1629 1279 Italia,

177 1302 283 1325 anno
312 1288 466 1326 decimo
495 1286 638 1325 lustini
667 1285 946 1338 Imperatoris,
978 1292 1024 1322 ut
1051 1284 1189 1323 scribit
1207 1283 1347 1323 Abbas
1374 1284 1625 1324 Biclariensis

178 1343 218 1380 iu
249 1343 465 1381 Chronico.
1487 1371 1490 1376 .

288 1398 392 1450 Pag.
430 1411 519 1435 110.
555 1397 608 1434 D.
645 1394 748 1460 [303
769 1424 781 1444 ,
830 1392 923 1447 ¹7·]
971 1388 1048 1439 τὰς
1095 1386 1394 1433 ’lova-ummo&
1444 1393 1521 1433 τοῦ
1565 1390 1627 1446 μῆ

177 1451 455 1504 παραδέλᾳιου
503 1450 698 1495 σπονὸας.
766 1449 906 1488 Scribe
960 1447 1033 1486 τοῦ
1081 1447 1422 1501 μητροιδέλςρου.Ι
1466 1449 1633 1488 Etenim.

179 1508 424 1546 lustinianus
456 1507 679 1560 Imperator
710 1503 932 1546 avunculus
973 1509 1058 1541 crat
1089 1502 1258 1553 Iustini,
1288 1503 1413 1541 frater
1444 1503 1629 1555 Vigilan-

176 1564 281 1609 tiae,
315 1577 437 1615 quam
473 1562 649 1600 lustinus
676 1567 846 1599 matrem
880 1558 1039 1609 habuit,
1069 1563 1169 1596 teste
1196 1558 1373 1611 Corippo
1406 1565 1446 1597 et
1464 1558 1629 1601 Victore

176 1618 430 1656 Tununensi.
1280 1651 1283 1654 .

285 1672 389 1724 Pag.
426 1669 589 1721 114.,A.
620 1669 735 1724 [3¹o,
766 1668 833 1723 8.]
865 1662 929 1708 ὅτι
959 1659 1088 1713 αὖθις
1115 1659 1224 1718 ἦλθε
1252 1666 1482 1718 Ταργίτιος.
1519 1667 1633 1706 Haec

178 1726 323 1779 legatio
351 1726 506 1779 plenius
539 1724 711 1762 refertur
733 1725 772 1762 in
800 1739 841 1776 p.
873 1722 962 1773 154..
979 1723 1027 1761 C.
1057 1729 1097 1759 et
1124 1735 1252 1773 seqq„
1271 1736 1374 1774 quae
1401 1722 1467 1760 hic
1494 1721 1629 1760 locum

176 1781 326 1820 habere
358 1782 491 1820 debet.
551 1779 679 1817 Porro
718 1793 763 1817 ex
789 1777 1021 1816 huiusmodi
1059 1777 1297 1828 repetitione
1340 1777 1435 1815 satis
1465 1784 1631 1828 apparet

176 1836 322 1874 horum
353 1836 668 1889 fragmentorum
695 1833 797 1871 duas
827 1833 944 1870 fuisse
974 1829 1240 1869 collectiones.
1301 1830 1479 1869 Proinde
1509 1845 1627 1869 nemo

178 1892 315 1929 mirari
344 1891 479 1940 debet,
509 1904 589 1942 qua
618 1889 772 1927 ratione
800 1887 885 1926 fieri
914 1886 1106 1940 potuerit,
1136 1892 1182 1923 ut
1209 1885 1308 1924 haec
1322 1885 1544 1938 fragmenta
1557 1885 1631 1925 ad-

177 1959 226 1985 eo
256 1947 420 1985 confusa
447 1947 526 1984 sint
555 1951 593 1983 ct
622 1943 870 1996 perturbata.
1462 1982 1464 1984 r

291 2001 394 2053 Pag.
432 1999 521 2038 115.
556 2000 611 2036 D.
647 1998 764 2052 [313‚
798 1996 884 2051 16.]
914 1995 1075 2034 στέλλει
1106 1990 1339 2045 Σεβόχθην.
1397 1993 1500 2033 Post
1524 1995 1634 2034 hanc

177 2057 417 2121 legationem
444 2053 681 2093 Sehochthis
709 2067 817 2105 quae·
845 2057 1068 2105 sequuntur
1101 2063 1228 2101 usque
1256 2049 1307 2087 ad
1334 2045 1469 2088 πολῦν
1495 2047 1629 2102 α’περ-

175 2112 370 2163 γαζονται
399 2106 551 2163 φόνον,
579 2108 791 2146 Menandri
820 2121 903 2146 non
931 2112 1051 2153 sunt,
1082 2104 1151 2142 sed
1179 2102 1470 2156 Theophylacti
1499 2104 1631 2143 Simo-

169 2174 309 2205 eattae
341 2165 462 2204 verba
491 2179 536 2204 ex
565 2162 670 2201 libro
694 2178 728 2202 1.
761 2176 847 2214 cap.
871 2164 926 2211 3.,
947 2161 1044 2213 quin
1075 2166 1114 2197 et
1143 2157 1211 2196 illa
1238 2157 1284 2196 ἐκ
1311 2158 1386 2209 τῆς
1414 2153 1452 2208 β’
1479 2156 1632 2209 βιβλου

170 2222 233 2260 *ad
261 2221 529 2258 Menandrum
559 2232 643 2257 non
671 2219 888 2270 pertinent,
919 2215 987 2254 sed
1009 2214 1060 2252 ad
1077 2212 1373 2266 Theophylacti
1399 2212 1625 2262 historiam,

179 2291 226 2314 ex
256 2290 336 2328 qua
365 2275 579 2327 legationes
606 2287 768 2325 quoque
796 2270 1082 2310 Constantinus
1110 2274 1381 2320 excerpserat,
1410 2268 1626 2308 attitulas

181 2331 324 2377 docet,
356 2344 426 2369 seu
454 2329 703 2382 prooemium
733 2328 878 2366 horum
906 2327 1213 2377 Excerptorum.

291 2386 396 2437 Pag.
435 2383 595 2438 119.A.
624 2382 743 2436 [3¹7²
777 2381 865 2435 14.]
895 2381 992 2420 Post
1020 2380 1117 2418 haee
1143 2377 1295 2428 verba,
1325 2375 1372 2416 ἔκ
1399 2375 1474 2429 τῆς
1503 2376 1628 2426 βασε-

188 2436 318 2490 λι’ὃος,
347 2441 459 2492 sequi
497 2438 645 2477 debent
682 2452 745 2487 ea,
775 2451 879 2490 quae
909 2434 1033 2474 habes
1071 2447 1165 2486 pag.
1202 2431 1290 2471 156.
1321 2432 1376 2469 D.
1407 2445 1453 2470 ex
1485 2430 1556 2469 lib.
1586 2431 1626 2470 6.

182 2495 442 2534 historiarum
469 2492 708 2542 Menandri,
740 2486 806 2531 ὅτι
845 2489 871 2543 ἦ
901 2488 1068 2540 βασιλίς
1099 2485 1236 2540 Σοφία
1253 2516 1268 2536 ,
1305 2500 1432 2539 usque
1462 2485 1515 2524 ad
1558 2484 1628 2523 illa

182 2549 331 2588 verba:
362 2542 466 2602 ἦρος
496 2545 728 2599 ἀρχομένου
759 2544 937 2596 συνέστη
958 2539 1156 2592 πόλεμος,
1186 2555 1288 2594 qnae
1318 2541 1507 2593 leguntur
1532 2554 1626 2592 pag.

189 2602 279 2642 158.
297 2603 370 2654 A.,
410 2618 456 2642 ac
493 2602 637 2641 deinde
674 2601 801 2640 scribe
845 2614 948 2652 quae
990 2597 1194 2648 habentur
1218 2610 1310 2649 pag.
1348 2594 1528 2635 165,D.:
1561 2589 1630 2631 ὅτι

182 2657 308 2710 ἡνίκα
324 2653 546 2711 Τραϊανὸς,
574 2670 700 2708 usque
730 2656 780 2694 ad
809 2655 929 2693 finem
959 2652 1120 2704 capitis:
1154 2665 1236 2704 quo
1262 2658 1506 2697 transcurso,
1535 2646 1628 2686 red-

172 2712 366 2751 ·eundum
402 2720 459 2752 est
499 2711 550 2751 ad
576 2725 668 2765 pag.
714 2709 804 2750 158.
835 2710 918 2762 A.,
951 2707 1046 2749 .ubi
1081 2706 1225 2760 legitur
1266 2699 1328 2745 ὅτι
1369 2699 1389 2743 ὅ
1439 2702 1630 2755 Τιβέριος

187 2767 361 2820 Καῖσαρ
398 2774 470 2808 etc.
