1924 3164
546 196 581 234 E
614 192 899 236 ΜΕΝΑΝΒΜ
941 189 1217 234 ms‘romA.
1486 164 1559 222 33
1572 185 1593 220 1

152 294 299 352 ἀμέλει
327 295 461 354 λότρα
488 293 638 339 τούτου
665 297 742 338 τοῦ
767 293 979 353 φρουρίου
1007 295 1145 336 ταῦτα
1173 289 1465 344 ὑποδέχεσθαι
1484 286 1702 329 ἄντι-ΔΑΕ.
1723 291 1792 338 579

149 366 286 417 βολών
303 396 316 416 ,
358 361 437 418 τήν
490 363 746 418 πολιορκίαν
781 361 1085 404 καταλύσοντα.
1141 356 1254 413 α’τάρ
1301 352 1326 401 ὃ
1367 341 1776 424 στρατηγὸςξίῗξὲέζἏ

154 427 298 484 ἐπειδή
326 431 462 471 ταῦτα
491 425 700 471 ἐθεάσατο
715 458 727 481 ,
757 422 808 467 οὖ
834 425 1083 482 προσήκατο,
1107 426 1244 466 καίτοι
1261 423 1430 479 ἒριζτιμα
1448 415 1609 473 τυγχά-
1732 413 1739 420 ’

153 509 276 536 νοντα
287 503 313 522 .-
332 491 446 550 ἥξειν
470 490 552 549 γάρ
584 491 766 548 ἔφασκεν
792 492 844 532 οὖ
882 489 937 533 τὰ
981 489 1076 546 ἱερὰ
1104 486 1348 534 σκυλεύσων
1389 479 1484 528 οὗτε
1518 481 1607 538 μήν

125 562 332 618 5Χριστῷ
360 559 681 614 μαχησόμενος,
732 555 840 599 α’λλά
884 555 964 599 σὺν
1003 556 1176 613 Χριστῷ
1213 551 1460 607 πολεμήσων
1478 584 1492 605 ,
1535 547 1611 591 καὶ

152 628 315 678 μᾶλλον
351 620 673 680 ἐξαιρησόμενος
711 621 809 672 τους
853 620 1085 675 ὁμοδόξους
1123 618 1232 678 πρὸς
1275 619 1361 661 τῶν
1385 617 1462 659 οὔκ
1490 613 1642 671 ὄρθάΒ

92 704 95 709 ·
155 687 422 746 φρονούντων
450 690 649 744 Περσῶν.
703 685 797 730 εἶτα
825 688 870 730 ἒν
899 684 1129 746 ἆπορῥήτῳ
1157 685 1270 735 ἔλεξε
1305 686 1364 741 τῷ
1403 681 1608 739 ἱερουργῷ
1618 682 1661 719 V·
1676 682 1722 720 85

153 753 236 798 ὅσα
265 757 422 812 ἐχρῆν,
450 754 721 809 συνεχώρησε
746 768 791 796 τε
819 748 954 803 αὖθις
988 752 1090 796 εἴσω
1130 754 1330 808 γενέσθαι
1376 752 1454 792 τοῦ
1467 763 1610 805 ,φρου-

156 819 269 877 ρίου.
323 821 382 870 ώς
409 821 457 862 δὲ
483 811 665 875 ἐπανῆκε
691 817 739 861 τὸ
767 822 1012 862 τελευταῖον
1054 818 1079 861 ὅ
1120 817 1260 875 ἱερεὺς
1304 815 1328 857 ὄ
1364 814 1610 870 βάρβαρος,

106 889 229 936 ,onai
253 886 380 928 οὐδὲν
409 885 554 928 ὁτιοῦν
581 887 626 935 ἐς
651 884 696 929 τὸ
725 884 801 927 ἰθύ
840 887 917 940 τῆς
943 882 1111 940 γνώμης
1138 885 1375 942 ἐφθέγξατο
1384 915 1398 935 ,
1437 882 1482 930 ἐς
1513 875 1613 922 τοῦ-

155 955 324 996 ναντίον
350 954 430 1006 μὲν
457 948 537 994 οὖν
578 950 633 995 τὰ
663 952 850 1007 Περσῶν
877 951 1128 1008 ἐπεφώρατο
1158 946 1476 1002 ἀσπαζόμενος,
1517 948 1612 996 ξυλ-

155 1017 419 1073 λαμβάνεται
444 1020 524 1071 μὲν
552 1014 622 1073 δ’γε
650 1019 724 1060 καί
751 1016 792 1059 οῖ
819 1017 896 1068 ’ξῦν
933 1014 1071 1075 αὐτῷ,
1111 1011 1240 1067 αὖθις
1280 1017 1328 1057 δὲ
1365 1015 1614 1068 ἐγκελευσα-

154 1085 284 1138 μένου
311 1086 387 1125 τοῦ
415 1087 678 1139 στρατηγοῦ,
708 1081 870 1137 εἴχοντο
898 1085 973 1138 τῆς
997 1084 1244 1138 πολιορκίας
1269 1079 1309 1123 οἱ
1331 1080 1555 1132 Ῥωμαῖοι.

266 1147 347 1191 21³¹.
391 1145 484 1192 “On
512 1145 671 1191 Ἰταλία
699 1147 771 1192 ἐπὶ
804 1150 886 1191 τών
928 1147 1240 1203 Λογγιβάρδων
1281 1143 1438 1200 σχεδόν
1465 1140 1615 1186 ἅπασα

106 1214 438 1271 ι5ἒπεπόρθητο.
492 1211 559 1256 διὸ
587 1213 640 1269 δὴ
669 1213 744 1256 καί
769 1215 815 1256 ἐκ
844 1215 918 1268 τῆς
957 1210 1190 1268 συγκλήτου
1229 1213 1386 1266 βουλῆς
1413 1212 1490 1264 τῆς
1515 1224 1618 1265 πρε-

153 1283 361 1337 σβυτέρας
381 1278 547 1335 Ῥώμης
575 1276 666 1333 ἅμα
692 1278 880 1335 ἱερεῦσιν
912 1280 974 1321 -ἐκ
1001 1281 1080 1321 τοῦ
1110 1279 1377 1335 προεστῶτος
1406 1277 1521 1334 [τῆς]
1563 1277 1653 1317 ἕνα

151 1344 294 1403 Ῥώμῃ
326 1347 410 1388 τών
440 1344 566 1402 ἱερῶν
594 1346 878 1401 πεμφθέντων
904 1346 1050 1396 τινών,
1093 1344 1368 1399 παρεγένοντο
1407 1343 1617 1397 πρεσβευ-

156 1411 297 1466 όμενοι
324 1410 382 1461 ὥς
408 1408 483 1453 τόν
511 1409 827 1466 αὐτοκράτορα,
870 1416 959 1459 τοῖς
999 1411 1131 1452 ἐκεῖσε
1170 1411 1341 1463 μέρεσιν
1369 1406 1616 1463 ἐπαρκέσαι.

157 1471 246 1518 ἄλλ’
269 1475 294 1517 ὅ
322 1474 541 1531 Περσικὸς
573 1472 752 1529 πόλεμος
778 1477 824 1518 ἐν
844 1473 1049 1533 Ἀρμενίᾳ
1075 1491 1119 1518 τε
1148 1465 1256 1516 κατὰ
1285 1471 1445 1516 ταύτόν
1470 1470 1546 1514 καί
1572 1472 1618 1521 ἒς

106 1540 208 1588 ποτὰ
239 1543 339 1597 περὶ
357 1541 436 1598 τὴν
464 1538 574 1598 ἑῴαν
599 1540 859 1596 ξυνεστηκώς
886 1557 932 1583 τε
956 1541 1036 1583 καὶ
1062 1542 1140 1583 ουἰι
1166 1537 1414 1595 ἀπολήγων,
1455 1540 1617 1592 μᾶλλον

156 1609 236 1662 μὲν
265 1603 340 1650 οὖν
367 1609 439 1650 ε’πί
466 1606 518 1650 τοὶ
545 1609 718 1661 μείζονα
749 1609 937 1663 δυσχερῆ
965 1605 1260 1661 ἑκτεινόμενος,
1289 1605 1496 1659 οὐδεμίαν
1522 1604 1618 1655 ἄξι-

159 1673 306 1728 όλογον
337 1672 605 1728 συνεχώρησε
633 1672 835 1729 στρατιάν
861 1690 908 1715 τε
934 1673 1008 1715 τόν
1035 1670 1329 1729 αὐτοκράτορα
1339 1706 1352 1725 ,
1393 1673 1494 1713 ου’δὲ
1531 1670 1618 1725 μὴν

160 1738 419 1795 ἀποχρῶσαν
457 1745 544 1787 τοῖς
579 1739 713 1781 ἐκεῖσε
738 1737 962 1795 πράγμασι
990 1737 1172 1792 δύναμιν
1199 1742 1372 1782 στεῖλαι.
1430 1733 1546 1790 ὅμως
1569 1737 1618 1778 δὲ

254 1851 287 1885 3.
312 1848 464 1896 ἐρίτιμᾳ
485 1849 544 1891 H„
568 1849 734 1897 ἐρύτημα
763 1851 861 1896 vulg.
937 1863 989 1886 ια.
1021 1849 1062 1886 δὲ
1086 1861 1156 1884 om.
1182 1850 1278 1896 vulg.
1357 1849 1408 1894 ¹4·
1433 1845 1511 1882 ὑπὸ
1537 1848 1582 1883 Ν.

163 1962 259 1998 quae
274 1951 344 1985 Dei
362 1951 480 1986 cultui
508 1952 778 1994 inserviebant,
804 1952 852 1986 ad
874 1953 1097 1986 Mauricium
1131 1952 1254 1992 misit,
1280 1960 1400 1993 orans,
1424 1955 1467 1983 ut
1483 1960 1526 1983 ea
1544 1958 1612 1995 pro

162 1999 292 2045 oppidi
317 1998 568 2044 redemptione
593 2005 754 2033 sumeret
778 2005 817 2034 et
849 2000 894 2033 ab
930 1999 1126 2033 obsidione
1162 1998 1368 2034 desisteret.
1429 1996 1502 2028 Sed
1539 1996 1615 2030 dux

162 2047 228 2079 ubi
254 2045 344 2078 haec
368 2045 480 2086 vidit,
506 2046 671 2091 quamvis
696 2047 817 2091 magni
840 2046 951 2091 pretii
978 2052 1116 2085 essent,
1140 2051 1262 2078 tamen
1280 2043 1510 2088 contempsit.
1559 2042 1617 2075 11-

161 2093 224 2125 luc
249 2092 468 2125 enim-‘dixit
492 2102 530 2124 se
555 2094 719 2133 venisse,
747 2105 822 2127 non
846 2098 887 2126 ut
910 2103 1009 2126 sacra
1040 2091 1238 2136 expilaret,
1270 2095 1335 2123 aut
1357 2089 1506 2124 Christo
1531 2089 1615 2123 hel-

161 2140 240 2172 lum
271 2139 431 2180 faceret,
461 2137 525 2171 sed
552 2140 674 2183 potius
708 2144 750 2172 ut
793 2139 938 2172 Christo
973 2138 1179 2184 opitulante
1212 2143 1249 2171 et
1278 2137 1424 2182 favente
1472 2135 1614 2169 bellum

164 2191 306 2231 gereret
323 2211 333 2227 ,
370 2190 408 2218 et
440 2189 538 2218 recta
570 2185 614 2218 de
639 2185 711 2219 fide
735 2186 933 2219 sentientes
961 2191 1085 2219 contra
1121 2185 1263 2225 Persas,
1290 2184 1392 2230 quia
1421 2193 1506 2217 vera
1537 2182 1611 2215 Dei

165 2232 374 2277 cognitione
398 2231 634 2272 aberrabant,
658 2237 833 2266 tueretur.
882 2232 1026 2266 Deinde
1040 2232 1217 2279 quaedam
1233 2235 1372 2264 secreto
1391 2239 1472 2262 cum
1491 2239 1612 2262 sacer-

166 2278 275 2318 dote,
301 2288 396 2324 quae
420 2278 468 2311 ad
495 2279 695 2322 negotium,
722 2278 822 2324 quod
850 2279 948 2312 inter
979 2290 1040 2313 eos
1068 2278 1319 2318 tractabatur,
1355 2275 1611 2321 pertinebant,

166 2324 394 2366 collocutus,
426 2325 630 2366 concessit,
663 2330 706 2358 ut
729 2336 850 2359 rursus
875 2325 914 2358 in
942 2324 1118 2372 oppidum
1153 2325 1298 2360 rediret.
1361 2323 1545 2356 Postremo
1570 2326 1614 2355 ut

165 2382 288 2405 rursus
314 2371 480 2409 sacerdos
506 2372 596 2405 exiit
619 2372 715 2405 nihil
739 2373 953 2418 quicquam·
996 2372 1095 2418 quod
1131 2383 1176 2406 ex
1211 2382 1250 2405 re
1286 2374 1401 2410 esset,
1434 2371 1613 2409 afferens,

168 2417 234 2450 sed
258 2423 382 2462 aperte
406 2419 590 2452 Persarum
615 2419 723 2452 rebus
747 2418 909 2464 faveret,
934 2420 1013 2464 ipse
1042 2424 1079 2453 et
1103 2418 1167 2463 qui
1191 2429 1273 2451 cum
1297 2428 1341 2451 eo
1368 2421 1473 2450 erant
1510 2418 1614 2450 iussu

170 2463 273 2498 ducis
289 2465 328 2497 in
347 2465 491 2499 vincula
510 2465 667 2499 coniecti
689 2471 783 2499 sunt.
819 2465 970 2498 Romani
989 2477 1074 2498 vero
1091 2464 1319 2498 obsidionem
1340 2463 1612 2497 continuarunt.

263 2521 318 2556 29.
366 2509 575 2546 Italia‘tota
602 2514 677 2546 fere
701 2524 722 2545 a
748 2510 996 2556 Longobardis
1022 2518 1078 2545 est
1103 2523 1224 2545 eversa
1252 2516 1289 2544 et
1305 2510 1434 2543 diruta.
1483 2511 1613 2553 Itaque

169 2558 341 2591 nonnulli
375 2568 421 2591 ex
455 2559 590 2592 Senatu
624 2559 758 2592 veteris
795 2560 928 2591 Romae
961 2569 1040 2592 eum
1078 2558 1295 2603 quibusdam
1338 2554 1612 2595 sacerdotibus,

171 2612 263 2647 quos
295 2605 359 2649 qui
391 2615 551 2638 summae
583 2615 765 2639 sacrorum
797 2610 964 2649 praeerat
994 2605 1242 2649 delegaverat,
1275 2603 1323 2637 ad
1353 2605 1615 2647 Imperatorem

170 2649 282 2693 legati
307 2657 486 2685 venerunt
509 2657 675 2693 orantes,
709 2658 751 2685 ut
782 2651 839 2684 his
862 2652 1028 2695 partibus
1063 2651 1283 2685 subveniret.
1339 2649 1410 2683 Sed
1435 2649 1617 2682 Persicum

170 2695 311 2729 bellum
335 2697 404 2730 hoc
427 2703 590 2742 tempore
618 2700 657 2732 in
683 2700 852 2732 Armenia
877 2703 914 2731 et
938 2699 976 2731 in
1003 2698 1154 2733 Oriente
1181 2703 1281 2737 erat,
1314 2696 1415 2743 quod
1438 2707 1513 2728 non
1535 2705 1616 2727 mo-

173 2741 220 2776 do
246 2754 321 2778 non
346 2744 634 2786 intermittebat,
659 2746 768 2779 immo
792 2745 832 2779 in
865 2744 1109 2780 ardentiorem
1143 2743 1418 2780 contentionem
1452 2743 1617 2788 ingrave-
