1924 3164
302 152 378 219 48
887 166 1164 207 ExcERPTA

122 285 162 318 Α,
173 284 209 317 c,
221 284 290 319 366
302 269 407 326 πρὸς
433 271 679 324 συμμαχίαν
705 265 909 324 ἥκοντας.
965 267 1011 307 ἐκ
1052 264 1210 308 τούτων
1238 267 1285 308 δὲ
1326 268 1409 309 τῶν
1439 269 1691 326 προφάσεων
1718 269 1743 312 ὅ

180 331 503 385 ῙῦίῙ·9Σκυθικὸς
528 334 779 391 ἅνεγειρεται
806 332 986 385 πόλεμος
1001 366 1014 385 ,
1047 333 1105 389 τῷ
1128 333 1207 385 μὲν
1234 333 1440 385 α’ξιώματι
1465 337 1550 377 τῶν
1577 333 1744 378 συνιόν-
1764 347 1772 356 ’

108 377 290 458 νῗτιὲἶῗῗ
302 418 386 444 των
413 402 550 443 ἐθνῶν
576 399 650 442 καί
673 404 760 447 τοῖς
786 400 983 452 μεγέθεσι
1009 398 1094 439 τῶν
1123 399 1399 453 παρασκευῶν
1417 399 1489 441 ἐπὶ
1510 402 1617 454 μέγα
1638 416 1744 456 προ.

196 471 232 505 Ρ.
250 482 290 516 ¹9
300 466 508 522 βήσεσθαι
534 464 608 507 καί
629 461 841 519 χωρήσειν
870 460 1143 519 πολυτρόπων
1170 466 1400 519 συμφορῶν
1433 465 1507 506 καί
1531 463 1743 521 ἀτεκμάρ-

299 548 370 575 του
398 530 527 587 τύχης
567 530 893 585 προσδοκηθείς,
929 531 980 586 τῇ
1014 530 1061 571 δὲ
1099 530 1175 570 τοῦ
1211 531 1417 582 βασιλέως
1456 529 1625 586 ὀξύτητι
1666 532 1768 579 καὶὸ

300 586 475 656 προνοίᾳ
503 596 767 649 κατενεχθεὶς
793 593 867 635 ἐπὶ
890 593 936 636 τὸ
968 593 1179 650 σταθερὸν
1205 597 1279 637 καί
1305 591 1631 652 ἀσφαλέστερον.

119 674 291 722 A‚c,376
412 662 459 711 ς’.
504 659 597 703 Ὅτι
623 662 705 702 τῶν
735 661 912 702 Σκυθῶν
941 660 1199 716 ἡττηθέντων
1238 662 1312 702 καί
1348 659 1431 701 ὑπὸ
1460 662 1541 703 τῶν
1573 655 1742 705 Οὕννων

173 722 287 777 ῙΠά-,ἶῑ
300 728 610 784 ἀναιρεθέντων
638 727 712 768 καί
737 720 871 781 ἄρδην
900 726 1196 778 ἀπολλυμένων
1223 724 1271 767 τὸ
1301 727 1472 781 πλῆθος,
1502 725 1541 767 οἱ
1567 729 1647 780 μὲν
1674 728 1744 782 ἐγ-

119 769 288 861 νίὲῗῗὲ
300 791 716 847 καταλαμβανόμενοι
742 789 820 834 συν
846 793 1012 846 γυναιξὶ
1037 791 1111 833 καί
1135 793 1291 841 τέκνοις
1320 792 1632 848 διεφθείροντο,
1670 795 1744 844 καὶ

295 858 473 913 οὖδεμιῖκ
502 856 636 915 φειδώ
674 859 748 912 τῆς
785 857 885 915 περὶ
909 855 1007 906 τοὺς
1035 856 1192 913 φόνους
1230 853 1284 914 ἦν
1311 852 1546 913 ω’μότητος.
1600 857 1645 900 τὸ
1688 860 1804 904 δὲῐοΑ

298 925 554 968 συναλισθὲν
590 925 664 966 καί
700 921 807 979 πρὸς
849 921 987 980 φυγήν
1025 922 1218 978 ὁρμῆσαν
1254 926 1412 979 πλῆθος
1446 925 1524 978 μὲν
1554 925 1606 965 οὗ
1633 922 1740 967 πολι)

259 992 376 1033 Βτῶν
420 988 552 1032 εἴκοσι
593 988 816 1044 μυριάδων
853 985 1111 1030 ἀποδέουσαι
1150 990 1360 1043 συνῆλθον
1400 990 1444 1039 ἐς
1478 988 1527 1033 τὸ
1551 989 1743 1045 μάχιμον

293 1052 591 1109 ἀκμαζούσας.
631 1056 652 1080 *
670 1055 903 1109 κινηθέντες
930 1054 1003 1095 καί
1027 1059 1121 1102 ταῖς
1149 1049 1302 1108 ὄχθαις
1327 1055 1571 1106 ἐπιστάντες
1595 1054 1743 1112 χεῖράς

292 1138 338 1164 τε
368 1116 521 1177 α’)’ρεγον
550 1121 778 1177 πόρ’ῥωθεν
804 1123 892 1174 μετ’
923 1119 1178 1176 ὀλοφυρμῶν
1207 1119 1280 1162 καί
1303 1123 1428 1176 βοῆς,
1457 1123 1531 1162 καί
1556 1124 1742 1177 προέτει-

292 1202 364 1230 νον
393 1185 616 1242 ἶκετηρίας,
643 1187 924 1241 ἐπιτραπῆναι
952 1184 1027 1240 τὴν
1059 1184 1260 1238 διάβασιν
1286 1189 1639 1242 παρακαλοῦντες,
1668 1188 1796 1232 καί15

292 1251 368 1307 τὴν
395 1254 515 1307 σφῶν
544 1250 766 1307 συμφορὰν
796 1251 1043 1306 ὀδυρόμενοι
1054 1285 1067 1304 ,
1106 1250 1180 1292 καὶ
1207 1249 1450 1307 προσθήκην
1492 1254 1545 1309 τῇ
1571 1266 1742 1306 συμμα-

291 1317 367 1375 χία
397 1319 591 1373 παρέξειν
621 1315 977 1370 ἐπαγγελλόμενοι.
1033 1317 1072 1357 οἱ
1100 1318 1146 1358 δὲ
1173 1323 1265 1365 ταῖς
1293 1310 1446 1370 ὄχθαις
1473 1319 1742 1372 ἐπιτεταγμέ·

292 1398 358 1424 νοι
394 1382 614 1436 Ῥωμαίων
649 1382 770 1424 οὐδὲν
798 1380 964 1438 ἔφασαν
992 1381 1164 1437 πράξειν
1200 1378 1301 1424 ἄνευ
1330 1385 1535 1437 βασιλέως
1561 1382 1743 1439 γνώμης.

293 1450 490 1491 ἐντεῦθεν
519 1445 776 1504 ἀναφέρεται
800 1450 878 1501 μὲν
907 1447 980 1490 ἐπὶ
1004 1446 1072 1490 τὸν
1099 1451 1277 1502 βασιλέα
1306 1449 1332 1503 ἦ
1361 1450 1534 1503 γνῶσις·
1587 1452 1743 1504 πολλῆς

260 1514 345 1556 (Ξδὲ
374 1510 611 1567 ἀντιλογίας
635 1510 854 1568 γενομένης
870 1545 882 1566 ,
910 1514 984 1554 καί
1009 1515 1171 1555 πολλῶν
1198 1514 1266 1570 ἐφ’
1292 1510 1467 1570 ἑκάτερα
1494 1517 1669 1569 γνωμῶν
1695 1516 1798 1561 ἔναυ

290 1580 346 1636 τῷ
371 1581 574 1636 βασιλικῷ
600 1575 787 1637 συλλόγῳ
818 1577 1042 1634 ῥηθεισῶν,
1082 1577 1197 1630 ἔδοξε
1223 1582 1279 1637 τῷ
1304 1583 1495 1635 βασιλεῖ’.
1548 1581 1622 1622 καί
1657 1579 1747 1636 γὰρ·

390 1693 441 1726 13.
463 1689 694 1737 κινηθέντες]
741 1690 956 1732 νικηθέντες
990 1689 1032 1723 H.
1211 1701 1263 1735 ¹7·
1287 1690 1426 1736 ἔπαγγ.
1452 1690 1698 1726 Commelinus
1714 1716 1725 1734 ,

386 1737 533 1783 ἅπαγγ.
557 1737 652 1782 vulg.
1533 1743 1541 1749 ·

295 1846 395 1885 gatos
419 1841 499 1874 iure
524 1839 655 1880 teneri,
679 1844 716 1872 et
741 1850 815 1880 eoS,
840 1839 903 1884 qui
928 1845 1137 1883 praesentes
1165 1845 1280 1880 erant,
1314 1838 1473 1874 hostium
1497 1850 1647 1874 numero
1672 1838 1739 1875 ha-

294 1887 382 1919 bere
398 1912 408 1928 ‚
447 1885 743 1932 quandoquidem
780 1885 950 1919 hostibus
990 1886 1166 1918 auxilium
1204 1886 1318 1919 latum
1352 1889 1546 1920 venissent.
1594 1888 1646 1920 Ex
1679 1887 1737 1920 his

296 1933 412 1966 causis
446 1932 654 1975 Scythicum
679 1933 873 1965 excitatum
901 1937 955 1964 est
979 1932 1137 1972 bellum,
1175 1930 1274 1977 quo'd
1300 1938 1336 1967 et
1362 1933 1538 1978 dignitate
1563 1934 1737 1978 gentium,

296 1991 390 2026 quae
434 1980 622 2019 coierunt,
653 1984 691 2012 et
726 1979 978 2023 magnitudine
1011 1984 1248 2023 apparatuum
1279 1991 1442 2024 magnam
1474 1979 1654 2012 variorum
1678 1989 1738 2013 ca·-

295 2038 400 2059 suum
440 2031 477 2059 et
508 2027 666 2058 incertae
705 2025 874 2058 fortunae
909 2027 1215 2070 exspectationem
1246 2026 1437 2067 movebat,
1472 2024 1535 2058 sed
1570 2026 1747 2060 acumine,

295 2072 426 2105 iudicii
463 2072 694 2117 Imperatoris
721 2077 758 2104 et
779 2071 1009 2117 providentia
1045 2071 1092 2105 ad
1117 2072 1258 2105 firmum
1283 2077 1320 2105 et
1343 2077 1463 2113 tutum
1489 2072 1628 2106 exitum
1651 2079 1738 2118 per·

299 2118 447 2152 ductum
472 2123 536 2151 est.

390 2166 422 2198 6.
473 2164 614 2207 Scythis
636 2164 741 2199 victis
765 2169 802 2198 et
821 2163 866 2196 ab
891 2165 1032 2198 Hunnis
1052 2165 1162 2197 caesis
1189 2165 1286 2198 etad
1310 2164 1596 2206 internecionem
1620 2174 1736 2221 usque

300 2211 452 2251 deletis,
490 2221 625 2252 omnes,
649 2212 714 2256 qui
739 2213 833 2254 capti
861 2216 975 2252 erant,
1006 2222 1087 2244 cum
1110 2209 1324 2244 mulieribus
1353 2215 1390 2244 et
1413 2221 1536 2244 eorum
1563 2210 1650 2244 filiis
1671 2222 1737 2245 m-

297 2257 468 2301 terempti
493 2263 589 2297 sunt,
616 2269 696 2290 cum
721 2258 845 2291 nullus
869 2257 1094 2291 crudelitatis
1119 2263 1158 2290 et
1179 2256 1344 2290 caedium
1369 2262 1465 2290 esset
1486 2257 1638 2299 modus3
1669 2257 1736 2303 qui

299 2309 420 2336 autem
445 2303 588 2336 collecti
615 2306 814 2348 effugerant
836 2314 911 2337 non
934 2304 1062 2338 minus
1079 2314 1187 2349 quam
1211 2303 1400 2336 hominum
1425 2302 1580 2336 ducenta
1606 2303 1736 2346 millia,

298 2348 346 2382 ad
368 2348 507 2382 bellum
532 2350 608 2393 apti
645 2356 682 2383 et
705 2356 823 2393 aetate
846 2351 1016 2384 florentes
1031 2376 1041 2391 ,
1067 2355 1319 2384 convenerunt.
1368 2351 1496 2395 Itaque
1521 2350 1673 2394 profecti
1698 2347 1748 2384 οῖ’

298 2395 346 2429 ad
379 2395 494 2439 ripam
526 2400 679 2441 stantes,
718 2407 843 2430 manus
880 2408 900 2430 e
921 2397 1121 2443 longinquo
1154 2396 1409 2441 porrigebant,
1442 2402 1480 2429 et
1502 2406 1627 2440 preces
1653 2407 1735 2431 eum

296 2442 386 2476 fletu
412 2446 449 2475 et
470 2441 730 2476 vociferatione
755 2443 989 2485 emittebant,
1027 2444 1276 2478 traiectionem
1300 2442 1371 2475 sibi
1395 2441 1544 2476 concedi
1570 2443 1737 2486 flagitan-

296 2494 352 2522 tes
368 2513 378 2529 ‚
403 2499 503 2533 suam
531 2487 667 2521 cladem
694 2488 951 2533 deplorabant,
986 2495 1023 2523 et
1047 2501 1085 2523 se
1108 2489 1182 2523 illis
1205 2489 1434 2534 praebituros
1463 2488 1591 2522 auxilii
1615 2499 1736 2522 acces-

298 2535 437 2568 sionem
469 2533 709 2578 spondebant.
756 2536 802 2568 At
834 2536 997 2576 Romani,
1030 2536 1095 2582 qui
1120 2535 1216 2581 ‘ripis
1242 2540 1443 2581 praeerant,
1474 2534 1569 2567 nihil
1593 2545 1630 2568 se
1657 2535 1732 2569 nisi

297 2580 526 2625 Imperatoris
553 2581 652 2613 iussu
677 2580 833 2614 facturos
860 2581 1134 2626 responderunt.
1183 2581 1428 2627 Quamobrem
1460 2581 1567 2615 huius
1591 2581 1645 2615 rei
1669 2591 1732 2615 co-

297 2627 412 2673 gnitio
437 2632 493 2661 est
515 2626 562 2660 ad
584 2627 839 2671 Imperatorem
866 2627 997 2661 delata.
1046 2629 1136 2662 Cum
1159 2639 1215 2663 res
1240 2628 1279 2660 in
1303 2638 1429 2672 magna
1450 2628 1626 2661 varietate
1650 2637 1732 2660 ver-

297 2679 437 2707 saretur
460 2673 647 2719 multaque
670 2673 709 2705 in
735 2678 924 2719 utramque
949 2681 1088 2720 partem
1114 2677 1154 2708 in
1176 2674 1329 2718 consilio
1348 2674 1526 2719 principis
1550 2673 1646 2707 dieta
1671 2683 1730 2707 es·-

298 2724 398 2761 sent‚
441 2719 588 2754 tandem
620 2730 784 2754 assensus
819 2726 895 2762 est,
939 2720 1102 2757 maxime
1123 2726 1272 2767 propter
1305 2719 1597 2762 aemulationem,
1621 2719 1731 2766 quam

1912 2235 1924 2307 .Ν.ι.·.
