1924 3164
597 166 632 208 E
669 166 951 210 MENANnm
989 165 1262 209 n1sToR1A.
1527 146 1644 220 329

197 264 316 322 ἄξιόν
336 284 379 312 τι
406 266 699 325 πορισάμενοι,
726 267 834 324 μήτε
865 268 951 324 μὴν
975 269 1085 324 μέγα
1111 286 1152 312 τι
1177 268 1421 323 “Ρωμαιόυς
1446 263 1824 331 βλάψαν-Δ.ῦ.578

196 352 290 390 τες,
326 336 383 385 ὥς
412 333 753 391 ὖπωπτεύθησαν
782 333 856 390 τήν
884 335 1039 391 ἀρχήν.
1602 396 1612 410 ⁸
1651 317 1843 412 {33:124

308 400 378 453 κζ’.
425 400 516 444 ’Ότι
540 399 770 456 Ταχοσδριὸ
789 405 939 457 σαφῶς
966 399 1283 455 ἐξεπιστάμενος
1310 401 1386 442 καί
1411 398 1540 448 αὐτος
1566 415 1642 455 την

198 465 395 523 Χοσρόου
454 465 634 521 βουλὴν,
679 466 737 515 ὥς
794 466 1010 522 Μεβώδης
1049 464 1344 523 ἀναπτερώσας
1395 463 1526 507 αὕτὸν
1579 464 1646 519 εἴη

167 531 253 588 5μῆ
299 538 443 586 μεῖναι
500 531 548 575 τὸ
589 533 720 588 πέρας
775 534 861 574 τῶν
899 535 1169 589 τριετηρίδων
1218 534 1409 575 σπονδῶν
1428 564 1441 586 ,
1507 532 1558 573 αἳ
1597 545 1646 586 γε

195 595 316 655 οἶμφί
340 601 415 654 τῆς
445 601 501 641 ἕω
531 599 847 651 ἑμπεδωθεῖσαι
874 597 1128 652 ἐτύγχανον,
1164 601 1236 641 καί
1263 596 1328 641 ὅτι
1356 595 1466 642 οὕτω
1495 598 1646 639 δοκοῦν

196 661 313 721 αὐτῷ
342 662 650 720 ἀναμφιβόλως
687 665 888 717 ἐμβαλεῖν
920 664 1048 706 αὐτόν
1073 680 1120 705 τε
1146 663 1365 720 Μεβαὶδην
1391 665 1466 705 καί
1490 663 1644 705 Σαπαί-

193 746 245 786 ην
288 728 361 773 τὸν
398 727 630 786 Μαιράνου
671 727 779 779 κατὰ
817 732 890 785 τῆς
933 728 1039 786 πρὸς
1084 729 1159 786 τὴν
1201 732 1256 773 ἕω
1292 732 1374 772 τῶν
1414 729 1644 782 εΡωμαίων

194 797 462 852 ἐπικρατείας
471 829 484 849 ,
511 793 594 837 εἴτε
620 798 978 851 προστεταγμένον
1007 795 1046 838 οἱ
1072 794 1213 839 τοιάδε
1241 798 1287 838 ἐκ
1308 794 1528 851 Χοσρόου,
1557 793 1679 840 εἴτεΒ

146 865 269 904 ιοκαί
296 861 548 915 αὐτομάτως
578 863 698 903 τοῦτο
726 864 891 904 σκοπῶν
917 864 985 919 ἐφ’
1005 859 1173 916 ἑαυτοῦ,
1201 858 1339 917 ὥσπερ
1370 861 1518 914 ἀμέλει
1546 861 1645 901 δευ-

192 929 319 983 τέραν
349 924 474 984 ἆφείς
502 922 705 984 ἄγκυραν,
735 927 953 984 ἑκτραπείς
981 927 1064 970 ἀπὸ
1096 930 1175 970 τοῦ
1190 926 1443 983 Κιθαριζων
1474 922 1644 981 (ὅρμησε

193 994 272 1035 καί
300 992 430 1043 αὕτὸς
468 992 576 1035 κατὰ
618 996 694 1049 τῆς
728 993 950 1047 Ῥωμαίων
978 997 1022 1037 ἐν
1050 991 1237 1052 ἀνατολῇ
1268 994 1417 1048 χώρας
1446 991 1529 1034 dm}
1559 996 1644 1033 τῶν

185 1055 414 1116 :domzelar
441 1060 659 1118 ἐμβολῶν,
701 1061 853 1114 διπλῆν
881 1063 1015 1102 ἐκεῖσε
1044 1059 1117 1116 τὴν
1141 1059 1331 1115 ταραχὴν
1357 1058 1646 1114 ποιησόμενος.

355 1123 364 1138 Ι

301 1142 380 1180 κη.
426 1121 519 1167 (Ότι
544 1123 876 1181 πολιορκούντων
908 1124 1132 1180 Ῥωμαίων
1169 1125 1216 1168 τὸ
1255 1126 1530 1181 Χλωμάρων,
1572 1122 1646 1166 καί
1656 1134 1744 1168 A.C.
1759 1134 1831 1182 579

141 1190 429 1249 15προσβολάς
457 1193 504 1234 ἐν
531 1189 667 1249 κύκλῳ
696 1194 980 1245 ποιουμένων,
1019 1191 1096 1241 τάς
1134 1208 1181 1233 τε
1209 1187 1420 1240 ἑλεπόλεις
1445 1187 1642 1246 μηχανὰς
1653 1181 1821 1266 &heli-²2

189 1255 556 1314 περιστησάντων,
596 1256 701 1314 πρὸς
740 1259 787 1300 δέ
813 1273 859 1312 γε
890 1256 963 1300 καί
987 1257 1226 1310 ὑπονόμους
1254 1255 1426 1312 ἔνερθεν
1452 1257 1642 1312 ὖπορυτ-
1770 1255 1780 1265 ”

187 1321 342 1365 τόντων
377 1324 422 1372 ἐς
451 1319 498 1365 τὸ
531 1323 726 1379 ἀφανὲς,
769 1325 933 1365 στέλλει
970 1321 1182 1378 Βιγγάνης
1208 1320 1264 1374 ὥς
1293 1322 1541 1378 Μαυρίκιον
1567 1318 1643 1365 τόν

189 1390 264 1446 [τε]
301 1391 381 1430 τοῦ
407 1389 617 1445 φρουρίου
657 1388 894 1445 ἀρχιερέα·
977 1392 1199 1446 ’ριστιανοί
1238 1388 1319 1444 γὰρ
1357 1383 1466 1444 ἦσαν
1495 1386 1535 1430 οἱ
1566 1391 1643 1444 τῆς
1671 1434 1676 1440 ,

182 1454 443 1509 ’Λρζανηνῆς
475 1451 667 1502 ἅπαντες.
725 1452 858 1513 ταύτῃ
888 1471 985 1508 τοι,
1026 1452 1083 1505 ὥς
1123 1457 1269 1505 αἰδοῦς
1298 1451 1681 1510 ἆξιωθησόμενονῦ

133 1517 290 1575 αοπρὸς
311 1517 532 1572 Ῥωμαίων
559 1522 830 1575 Χριστιανῶν
871 1516 1003 1562 ὅντων
1030 1519 1104 1562 τὸν
1135 1523 1377 1575 προεστῶτα
1404 1523 1488 1562 ταῖν
1514 1519 1643 1576 ἱερῶν

185 1587 269 1628 τοῦ
291 1586 488 1642 Χριστοῦ
493 1619 507 1640 ,
549 1583 749 1629 ἱκετεύειν
773 1588 978 1642 ἐπέτρεψε
1005 1589 1064 1644 τῷ
1088 1587 1372 1645 μυσταγωγῷ,
1414 1585 1644 1643 εἰληφότας

278 1676 310 1710 3.
339 1673 549 1720 Ταχοσδραῒ
569 1676 663 1717 val„
690 1674 736 1710 τὰ
762 1675 926 1723 Χοσδρῶ
951 1676 1047 1723 vulg.
1191 1678 1223 1711 5.
1248 1681 1381 1723 μεῖναι
1410 1676 1475 1717 Ν.,
1505 1677 1643 1723 μείνας

275 1721 372 1766 vulg.
471 1734 522 1755 ιο.
549 1720 618 1768 ἀφ’
642 1723 779 1757 ἑαυτοῦ
803 1725 846 1756 Η.
970 1735 1021 1758 ιι.
1047 1724 1272 1770 Κιθαρίζων
1297 1723 1398 1765 vat,
1426 1724 1643 1770 κιθαρίζειν

275 1769 371 1813 vulg.
447 1779 502 1813 19.
524 1767 748 1814 Ἀρξανηνῆς
771 1771 866 1815 vulg.

185 1835 284 1868 deris
316 1835 515 1870 violatione
548 1837 740 1880 fecissent,
779 1844 818 1872 et
848 1839 1001 1873 minime
1031 1843 1133 1874 tanta
1166 1839 1322 1881 damna,
1358 1842 1496 1885 quanta
1529 1838 1640 1872 initio

184 1882 261 1916 sibi
285 1889 580 1928 proposuerunt,
608 1884 778 1919 Romanis
800 1886 1023 1919 intulissent.
1643 1920 1646 1923 Δ

278 1940 333 1973 27.
386 1929 510 1975 Quum
536 1929 747 1964 Tachosdro
774 1943 922 1978 quoque
947 1932 1118 1966 Chosrois
1136 1932 1287 1965 consilia
1303 1932 1531 1973 rescivisset,
1554 1931 1639 1964 Me·-

181 1974 315 2010 bodem
345 1974 540 2009 Chosroem
558 1977 598 2010 in
617 1988 696 2010 eam
718 1984 876 2011 mentem
894 1979 1106 2023 impulisse,
1134 1984 1176 2011 ut
1191 1989 1265 2011 non
1280 1983 1506 2024 exspectaret
1518 1978 1639 2019 diem,

183 2033 258 2069 qua
283 2021 464 2055 finiebant
489 2024 708 2057 tricennales
734 2024 927 2066 induciae,
966 2035 1060 2070 quae
1086 2026 1124 2058 in
1150 2025 1302 2058 Oriente
1330 2029 1528 2058 conventae
1554 2025 1638 2058 fue-

183 2073 285 2109 rant,
311 2074 349 2102 et
376 2069 481 2101 illum
507 2071 703 2114 imperasse
734 2071 885 2104 Mebodi
913 2077 950 2104 et
975 2071 1123 2117 Sapori,
1161 2071 1301 2105 Merani
1324 2071 1426 2112 filio,
1460 2071 1636 2118 invadere
1695 2096 1700 2101 -

182 2117 424 2149 Romanorum
450 2116 630 2150 ditionem
655 2119 694 2151 in
719 2119 892 2159 Oriente,
927 2119 1025 2162 ipse,
1051 2118 1125 2151 sive
1149 2117 1219 2151 hoc
1244 2118 1452 2151 mandatum
1478 2117 1600 2152 fuerat
1613 2125 1669 2155 ars

185 2161 370 2203 Chosroe,
393 2163 469 2196 sive
495 2174 559 2196 sua
586 2170 714 2209 sponte
741 2164 839 2209 apud
863 2176 902 2197 se
923 2164 1075 2198 eandem
1094 2174 1170 2197 rem
1186 2164 1306 2198 animo
1329 2165 1521 2206 volvisset‚
1546 2170 1634 2198 tan-

183 2219 293 2254 quam
329 2208 471 2243 scilicet
506 2211 699 2244 secundam
731 2211 927 2244 anchoram
960 2211 1150 2252 iniiciens,
1188 2222 1209 2244 a
1234 2211 1450 2245 Citharizon
1481 2211 1632 2246 castello

182 2265 365 2300 egressus,
394 2256 434 2288 in
458 2256 700 2291 Romanorum
725 2257 878 2291 ditionis
903 2258 1068 2303 regiones
1084 2282 1094 2298 ,
1126 2269 1219 2303 quae
1238 2257 1285 2290 ad
1301 2258 1490 2292 Orientem
1514 2263 1631 2299 erant,

182 2301 359 2346 impetum
383 2302 471 2335 fecit
486 2329 496 2344 ,
533 2306 625 2338 circa
650 2305 846 2347 Armeniae
872 2304 994 2338 aditus
1019 2304 1204 2350 duplicem
1229 2305 1424 2338 tumultum
1449 2310 1488 2339 et
1511 2310 1632 2340 terro-

183 2358 260 2382 rem
285 2348 486 2383 oblaturus.

276 2396 331 2439 28.
379 2395 472 2430 Cum
506 2397 660 2431 Romani
696 2396 916 2431 Chlomaron
953 2397 1128 2442 oppidum
1160 2396 1374 2432 obsiderent
1405 2402 1444 2432 et
1480 2398 1629 2432 armatis

181 2439 393 2475 hominibus
420 2444 628 2488 cingerent,
656 2449 694 2477 et
710 2443 911 2484 machinas,
936 2445 1070 2490 quibus
1094 2444 1200 2478 urbes
1217 2445 1431 2488 capiuntur,
1453 2444 1632 2479 admove-

182 2492 287 2529 rent,
312 2489 472 2522 cuniculi
496 2501 644 2536 quoque
669 2490 897 2524 subterranei
917 2490 957 2524 in
981 2492 1121 2525 occulto
1146 2490 1272 2525 subter
1295 2497 1425 2526 terram
1451 2492 1630 2525 duceren-

182 2537 265 2574 tur,
292 2535 442 2579 Biganes
466 2538 567 2570 misit
592 2536 690 2570 urbis
717 2538 956 2582 Episcopum,
981 2538 1112 2583 (erant
1149 2538 1246 2572 enim
1270 2537 1470 2573 Christiani
1503 2548 1630 2572 omnes

183 2580 327 2615 incolae
357 2581 604 2626 Arzanenae,)
639 2595 746 2629 quem
776 2586 973 2624 Romanos,
999 2585 1086 2630 quia
1110 2585 1308 2619 Christiani
1334 2590 1460 2626 erant,
1493 2585 1631 2618 maiore

181 2628 384 2662 reverentia
416 2634 454 2662 et
478 2629 618 2663 honore
643 2636 869 2675 exceptur08‚
895 2637 1068 2677 tanquam
1100 2642 1281 2666 sacrorum
1307 2633 1524 2672 antistitem,
1552 2632 1632 2664 exi-

181 2674 363 2714 stimavit,
396 2674 442 2708 ad
468 2676 709 2717 mauricium,
741 2689 898 2724 eumque
924 2688 1026 2711 orare
1051 2679 1174 2719 iussit,
1212 2683 1253 2712 ut
1277 2684 1424 2724 accepto
1478 2676 1631 2723 uicquid

181 2720 280 2768 apud
304 2719 469 2758 obsessos
494 2729 572 2757 erat
599 2725 678 2758 auri
714 2729 752 2758 et
775 2724 935 2770 argenti,
973 2725 1124 2760 Romani
1158 2724 1389 2760 obsidionem
1424 2736 1463 2759 so
1481 2728 1626 2766 vexent,
