1838 3210
734 193 807 234 DE
845 189 1038 233 PETRO.
1498 189 1605 230 XXV
1645 206 1650 211 ·

161 295 325 338 Etenim
344 294 556 335 manifesto
580 292 702 332 huius
734 300 866 346 partes
895 299 990 332 sunt
1018 303 1279 345 quaecunque
1315 304 1338 330 e
1363 290 1486 330 Petro
1517 304 1608 331 ma-

166 366 293 418 gistro
314 367 470 402 exstant
496 362 644 399 inserta
677 359 955 398 caeremoniali
978 358 1228 398 Constantini
1243 356 1575 411 Porphyrogeniti
1595 371 1608 397 τ

166 430 320 469 habent
346 435 480 467 autem
506 440 597 466 eum
621 433 827 468 auctorem
855 440 938 464 non
968 423 1099 464 solum
1119 424 1250 478 capita
1267 425 1387 477 primi
1415 422 1506 462 libri
1536 422 1609 474 84.

164 503 207 535 et
235 496 305 537 85.
321 525 333 543 ,
363 494 511 548 quibus
545 493 629 532 eius
654 506 803 531 nomeu
834 491 1055 545 praefixum
1080 491 1226 530 diserte
1260 489 1405 544 legitur
1425 519 1436 538 ‚
1463 502 1609 529 verum

161 563 284 601 etiam
303 561 440 600 decem
461 573 564 613 quae
579 558 774 597 continuo
794 564 1031 611 sequuntur,
1050 571 1178 610 usque
1192 555 1245 596 ad
1259 555 1328 610 95.
1344 570 1358 606 ;
1386 555 1455 595 ubi
1472 569 1606 609 saepe,

161 641 204 667 v·
235 641 299 681 gr.
327 626 398 667 86.
425 624 496 679 87.
527 623 596 680 95.
634 623 684 663 de
723 624 944 663 Iustiniano
987 630 1179 676 tanquam
1215 624 1438 676 imperante
1482 635 1610 675 quum

161 695 238 733 ista
269 692 540 732 scriberentur
560 720 573 742 ,
619 703 750 730 sermo
786 696 861 728 est.
919 690 1051 729 Petita
1077 695 1213 728 autem
1245 701 1328 728 esse
1347 687 1446 727 haec
1472 687 1609 726 omnia

161 773 185 798 e
222 758 327 798 libro
369 757 420 797 de
461 755 592 796 officio
632 756 814 809 magistri
842 756 937 794 satis
970 754 1065 794 inde
1091 754 1295 808 colligitur
1326 754 1437 808 quod
1468 762 1610 794 auctor

161 813 374 879 praecipue
389 823 433 862 id
461 823 566 877 agit,
597 829 643 861 ut
663 822 804 861 doceat
830 835 934 876 quae
954 828 1089 875 partes
1113 821 1292 875 magistri
1325 821 1464 860 sintin
1485 821 1610 861 rebus

163 905 262 945 quas
290 897 463 941 tractat3
488 890 851 943 magistrorumque
868 888 1033 927 nomina
1059 889 1174 941 ponit
1199 916 1212 938 ,
1240 887 1310 940 qui
1339 887 1382 926 in
1409 901 1455 926 ea
1477 887 1609 941 digni-

162 964 245 996 tate
275 957 423 996 fuerint
449 970 531 1010 quo
566 962 748 1009 tempore
775 955 948 1006 Leones,
978 957 1078 993 aVus
1101 961 1140 1002 et
1165 967 1288 1008 nepos
1303 982 1317 1005 ,
1352 953 1609 994 Anastasius·-

163 1038 244 1078 que
269 1030 310 1062 et
333 1022 508 1062 Iustinus
540 1022 756 1075 imperium
779 1027 1051 1074 susceperunt.

257 1089 410 1128 Utrum
428 1088 506 1127 hoc
517 1088 560 1126 in
576 1085 783 1126 volumine
801 1100 853 1125 an
879 1086 975 1125 alibi
994 1086 1142 1125 Petrus
1157 1087 1382 1139 exposuerit
1394 1101 1499 1140 quae
1515 1102 1610 1128 cum

163 1155 343 1194 Chosroe
370 1153 420 1193 de
447 1166 546 1207 pace
565 1151 844 1206 componenda
870 1151 1030 1191 locutus
1063 1158 1167 1191 esset
1176 1151 1242 1203 ³⁷),
1254 1167 1331 1206 pro
1361 1154 1611 1208 incomperta

162 1220 362 1274 relinquo.
420 1218 624 1258 Sermonis
662 1219 927 1258 rusticitatem
971 1217 1014 1256 in
1058 1231 1106 1256 eo
1146 1217 1403 1271 reprehendit
1440 1222 1612 1261 Menan-

165 1287 263 1337 der,
291 1298 412 1339 quam
438 1292 480 1324 se
504 1284 637 1324 verbis
665 1283 811 1323 Atticis
845 1289 1020 1327 mutasse
1056 1284 1112 1321 ait
1138 1297 1266 1336 quum
1304 1284 1502 1340 colloquia
1535 1289 1612 1327 ista

162 1353 329 1393 referret
346 1352 605 1403 :iustamque
647 1363 732 1389 esse
764 1349 1114 1403 reprehensionem
1145 1350 1180 1388 ei
1221 1349 1336 1390 facile
1385 1353 1583 1394 credimus
1596 1368 1610 1394 τ

162 1433 259 1458 nam
304 1419 346 1458 in
385 1415 569 1471 capitulis
609 1430 714 1470 quae
749 1417 792 1455 in
829 1414 1109 1455 caeremoniali
1151 1423 1306 1456 exstant
1330 1420 1524 1471 graecitas
1559 1421 1614 1460 ad

161 1485 390 1524 barbariem
410 1513 422 1535 ,
450 1482 736 1537 vulgaremque
761 1495 987 1522 sermonem
1018 1480 1231 1522 manifesto
1266 1483 1458 1524 inclinata
1481 1516 1491 1534 ‚
1529 1487 1612 1526 imo

163 1554 246 1591 iam
268 1552 309 1590 in
327 1551 437 1590 hunc
466 1563 672 1599 conversa,
694 1550 962 1603 conspicitur;
991 1562 1123 1602 neque
1139 1547 1298 1603 eclogae
1313 1564 1358 1590 ex
1372 1550 1541 1592 historia
1557 1553 1612 1592 ab

163 1619 253 1658 istav
274 1617 364 1657 labe
405 1617 603 1655 immunes
629 1622 736 1655 sunt.
795 1615 876 1664 At,
914 1629 1017 1669 quae
1056 1629 1078 1654 e
1112 1614 1227 1655 libris
1266 1616 1365 1669 περὶ
1398 1619 1614 1672 πολιτικῆς

163 1679 394 1736 ἐπιστήμης
419 1683 461 1721 in
486 1681 649 1721 luminis
679 1696 769 1721 oras
789 1681 946 1720 reduxit
967 1681 1114 1730 Maius,
1141 1695 1300 1721 summa
1331 1682 1544 1737 elegantia,
1572 1692 1614 1724 et

164 1763 290 1803 paene
318 1749 554 1787 intemerato
592 1747 729 1787 Attico
758 1761 943 1787 sermone
972 1748 1119 1801 scripta
1143 1755 1253 1787 sunt.
1312 1749 1452 1799 Quum
1477 1757 1614 1790 autem

164 1815 310 1855 Petrus
335 1815 396 1853 sui
422 1815 511 1853 aevi
542 1814 795 1865 hominibus,
821 1814 891 1868 qui
926 1828 973 1853 ea
1000 1801 1083 1853 fere
1104 1813 1242 1868 lingua
1266 1814 1484 1855 utebantur
1511 1832 1614 1870 quae

166 1894 275 1919 nunc
304 1879 413 1933 apud
446 1880 618 1918 Graecos
647 1879 824 1928 obtinet,
855 1879 1094 1933 loqueretur
1111 1909 1123 1930 ,
1155 1894 1239 1919 non
1268 1881 1470 1921 veteribus
1502 1883 1612 1922 Atti-

166 1947 245 1996 cis,
282 1959 413 1985 sermo
441 1946 525 1984 eius
542 1973 554 1997 ,
583 1959 658 1998 pro
688 1937 1042 1998 grammaticorum
1075 1947 1273 1984 sententia
1303 1947 1468 1986 vitiosus
1484 1977 1496 1998 ,
1528 1962 1613 1988 non

166 2011 409 2065 impediebat
441 2025 522 2064 quo
551 2012 709 2058 minus,
742 2011 775 2049 si
810 2011 871 2049 vis
905 2010 1174 2063 persuadendi
1215 2011 1252 2049 ei
1283 2012 1452 2063 inesset,
1481 2014 1614 2053 homi-

166 2092 267 2117 num
280 2084 430 2116 mentes
441 2077 622 2116 oratione
633 2075 822 2115 flecteret.
853 2076 917 2114 De
933 2090 1013 2129 qua
1027 2077 1104 2116 viri
1123 2076 1363 2130 eloquentia,
1393 2080 1614 2134 ceterisque

169 2143 330 2183 dotibus
343 2173 354 2192 ‚
384 2143 612 2182 testimonia
640 2156 744 2195 quae
775 2141 841 2180 hic
868 2141 1068 2195 subiungo
1098 2141 1335 2196 loquuntur.

279 2210 481 2248 Ionmns
514 2210 651 2247 Limus
688 2208 739 2247 de
776 2208 1062 2260 magistratibus
1103 2209 1163 2248 II.
1194 2210 1263 2249 25.
1302 2209 1369 2250 26.
1397 2225 1410 2250 ε
1449 2213 1535 2258 τοῖς
1563 2211 1611 2252 δὲ

167 2271 447 2329 ἷμειρομένοις
485 2270 587 2320 τούς
639 2271 790 2328 ἐφεξῆς
837 2269 898 2325 μή
948 2271 1150 2327 ἀγνοῆσαι
1193 2273 1450 2330 μαγῖστρους
1485 2270 1612 2331 ἄχρις

169 2337 316 2393 ἡμῶν,
357 2338 526 2393 ἄρκέσει
568 2335 673 2394 πρὸς
709 2338 984 2379 διδασκαλίαν
1021 2340 1191 2393 Πέτρος
1219 2338 1243 2380 ὅ
1271 2337 1405 2381 πάντα
1431 2340 1613 2395 μεγαλό-

173 2420 316 2460 φρων,
357 2419 427 2444 και
466 2404 540 2458 τῆς
577 2402 761 2445 καθόλου
791 2401 977 2459 ἱστορίας
1012 2403 1210 2460 α’σφαλὴς
1248 2402 1524 2460 διδάσκαλος,
1555 2409 1611 2448 δι’

174 2485 233 2510 ων
265 2467 396 2518 αὐτὸς
420 2468 491 2510 ἐπι
512 2469 590 2510 τοῦ
617 2470 839 2523 λεγομένου
868 2471 1143 2550 naycornqpc‘ov
1172 2469 1455 2547 ἅνεγοάψατο.
1509 2490 1615 2528 προ-ι

169 2536 298 2589 ἦλθεν
333 2550 407 2575 ουν
447 2533 472 2589 ἦ
516 2533 692 2588 δυναμις
736 2552 804 2576 επι
832 2537 955 2577 πλέον
981 2537 1067 2613 ⁷59..
1083 2536 1249 2592 ἀρχῆς·
1291 2552 1339 2578 ου
1372 2537 1503 2590 μόνον
1529 2538 1612 2592 γὰρ

172 2599 252 2647 τὰς
292 2602 377 2643 τῶν
413 2601 548 2642 ἐθνῶν
578 2599 801 2656 πρεσβείας
827 2600 902 2656 ὑφ’
930 2597 1067 2659 ἑαυτῷ
1104 2601 1304 2650 τελούσας
1333 2602 1355 2645 ὅ
1389 2600 1614 2659 μάγιστρος

172 2658 285 2718 ἕχέω
327 2664 597 2719 πιστεύεται,
631 2664 705 2709 τόν
732 2682 778 2708 τε
808 2663 1010 2721 δημόσιον
1038 2667 1218 2725 δρόμον,
1247 2670 1321 2710 καί
1345 2672 1508 2724 πλῆθος
1536 2671 1612 2724 ἐμ-

198 2783 259 2830 37)
284 2783 504 2829 Menander,
527 2797 561 2834 p.
575 2786 653 2832 429.
