1924 3164
281 129 396 204 490
872 143 1133 191 PRocoPn

281 246 554 304 εὐδαιμονίαν
577 244 705 298 ὅντως
734 243 823 303 ἥτις
852 248 942 290 ἐστι’
966 249 1171 300 μαθοῦσα
1191 247 1243 305 τῇ
1262 248 1399 306 πείρα,
1419 246 1553 291 πάντα
1575 247 1730 306 τρόπον

279 315 560 370 μηχανωμένη
577 314 637 369 μη
667 312 839 356 κατόπιν
868 314 1061 370 ὀφθῆναι
1087 315 1168 355 τῶν
1196 315 1391 369 δωρεῶν,
1422 314 1598 370 ἀμοιβῆς
1626 316 1730 357 dno-

281 387 353 438 ρεῑ
383 387 466 429 τοῖς
504 380 638 434 ἔργοις
676 378 998 435 άλιιιλλωμένης·
1057 378 1128 420 κατ’
1163 377 1237 422 τὸν
1273 379 1491 434 εὔεργέτην
1535 380 1730 422 ἐντεῦθεν

278 449 438 501 μᾶλλον
464 445 677 499 θαυμάζει
707 447 762 488 δι’
792 439 850 487 ὧν
880 440 930 487 εὖ
956 451 1083 498 ποιεῖ,
1112 447 1196 487 τῶν
1225 440 1277 487 εὖ
1304 443 1529 488 παθόντων
1557 447 1731 488 νικῶντα

282 511 357 561 τάς
386 512 582 564 (ᾐιοιβιίς.
637 513 807 567 πρέπων
835 509 916 566 γάρ
948 506 1067 561 οὗτος
1094 514 1268 565 βασιλεῖ’
1287 510 1471 565 κόσμος,
1507 510 1616 564 μετὰ
1646 512 1756 554 τῶν5

283 580 491 631 πολεμίων
528 579 603 619 καί
638 576 737 627 τούς
773 575 984 632 ὑπηκόους
1022 580 1164 636 νικᾷν,
1203 575 1302 626 τοὺς
1334 579 1415 630 μὲν
1442 583 1541 626 τοῖς
1568 573 1732 631 ὅπλοις,

278 642 377 692 τούς
405 644 452 685 δὲ
479 644 537 701 τῷ
570 642 723 698 πλήθει
754 646 838 686 τῶν
866 640 1140 700 ὑπαρχόντων
1169 642 1340 698 ἀγαθῶν
1350 677 1361 695 ,
1393 642 1657 699 ἀμφοτέρους
1685 643 1732 684 δὲ

275 715 367 758 ταῖς
396 705 583 765 άρεταῖς.
641 709 669 764 ἦ
699 711 745 752 δὲ
773 707 955 766 ἡμετέρα
994 708 1138 762 πόλις,
1178 707 1249 751 διὰ
1289 711 1362 764 τῆς
1403 708 1562 757 εἰκόνος
1599 705 1732 750 αὐτὸν

278 776 553 830 ἆπολαβοῦσα
581 774 652 817 τὸν
684 776 929 831 εὐεργέτην,
961 772 1099 832 ῶσπερ
1129 792 1190 825 τις
1219 773 1356 824 δεινὸς
1385 774 1564 830 ἐραστὴς
1584 809 1597 828 ,
1636 770 1731 816 ἄνι’-

277 857 426 883 σταται
457 839 564 895 πρὸς
591 839 669 896 την
696 844 831 895 θέαν,
862 841 935 883 καί
960 840 1103 884 πᾶσαν
1133 841 1299 897 ἡλικίαν
1323 843 1474 897 ἐγείρει
1492 847 1513 869 ·’
1547 842 1622 882 καί
1646 856 1782 884 ποι-ιο
1813 884 1819 890 ,

274 906 349 963 τηρ
384 907 507 949 παιδὶ
538 906 764 964 παραστάς
797 901 875 950 ’καί
903 904 1140 964 πρεσβύτης
1181 909 1258 965 νέῳ
1288 903 1380 963 ἥκει
1407 909 1480 949 καί
1512 908 1696 949 δείκνυσι
1717 941 1729 959 ,

273 973 348 1016 καί
371 975 595 1028 σκιρτῶσιν
622 971 713 1028 ἅμα
742 977 795 1032 τῇ
822 973 917 1033 θέᾳ.
974 971 1076 1023 ἴσως
1111 976 1190 1027 μὲν
1219 968 1295 1015 οὖν
1325 971 1430 1025 δόξω
1458 971 1586 1026 μόνος
1610 971 1728 1029 παρὰ

271 1039 370 1090 ’τούς
397 1034 549 1088 ἄλλους
579 1040 651 1082 ἐπὶ
675 1042 921 1095 τηλικοῦτον
948 1034 1066 1095 ι’)’γκον
1093 1034 1352 1095 πραγμάτων
1376 1041 1482 1082 ἰέναι
1500 1071 1513 1093 ,
1553 1037 1629 1081 καί
1663 1055 1730 1081 το-

271 1109 421 1150 σοῦτον
453 1102 568 1149 εἶναι’
588 1122 663 1160 μοι
690 1107 877 1162 θράσος,
903 1102 1009 1150 ῶστε
1036 1108 1110 1148 καί
1134 1103 1317 1163 θεάτρου
1346 1107 1474 1160 μέσος
1503 1105 1729 1161 ἀνέστηκα,

270 1174 345 1216 καί
380 1176 523 1226 τολμῶ
553 1189 594 1214 τι
631 1173 793 1228 λέγειν,
837 1169 915 1216 κᾶν
957 1175 1109 1230 οἷπειλῇ
1145 1189 1207 1223 τις
1237 1173 1288 1214 οὕ
1317 1170 1550 1226 παύσομαι.
1603 1171 1651 1214 τὸ
1683 1171 1783 1216 δὲι5

270 1235 354 1293 οὔχ
387 1235 522 1288 οὕτως
541 1236 655 1293 ἔχει·
687 1235 760 1293 ὅλη
794 1240 840 1281 δὲ
867 1238 988 1287 πόλις
1006 1235 1104 1281 ἄνθ’
1122 1233 1181 1282 ῶν
1209 1233 1257 1280 εὖ
1288 1235 1445 1293 πάσχει
1473 1237 1578 1295 πρὸς
1606 1234 1731 1292 ἄμοι-

269 1303 351 1360 βὴν
399 1311 575 1347 κινεῖται
616 1304 808 1346 δικαίαν·
852 1304 926 1346 καὶ
968 1307 1068 1346 καθ’
1100 1305 1271 1348 ἕκαστον
1308 1300 1445 1360 ἄνδρα
1483 1306 1618 1359 λέγειν
1647 1304 1731 1358 οὐχ

268 1369 416 1414 ἱκανὸν
453 1371 661 1426 ἡγουμένη
701 1368 772 1413 τὸν
804 1369 991 1426 χρόνον,
1036 1373 1154 1428 κοινῇ
1194 1368 1344 1420 πάντες
1382 1370 1514 1429 ψήφῳ
1562 1371 1732 1427 τῇποῦ

271 1434 446 1493 ῥήτορος
476 1433 707 1492 ἀρκοῦνται
735 1439 855 1493 φωνῇ
876 1454 887 1465 ·
918 1435 941 1478 ὅ
962 1436 1041 1492 γάρ
1072 1436 1177 1492 ὑπὲρ
1208 1434 1364 1486 πόλεως
1393 1437 1730 1493 προβεβλημένος

270 1505 328 1559 τῷ
355 1499 487 1559 λόγῳ,
528 1504 608 1558 μιᾷ
637 1501 794 1560 γλώττῃ
822 1500 898 1552 τάς
927 1502 1123 1545 ἁπάντων
1150 1499 1415 1558 ὑποκρίνεται
1444 1502 1627 1557 γνώμας.
1683 1502 1783 1544 exzo

273 1571 320 1617 δὲ
347 1567 507 1611 τούτων
533 1568 715 1624 θαῤῥεῖν
745 1584 788 1610 τε
819 1567 909 1622 ἅμα
938 1569 1012 1611 καί
1039 1570 1222 1611 δεδιέναι
1249 1585 1304 1622 με
1333 1569 1583 1625 παραλόγως
1621 1584 1732 1622 συμ-

277 1637 441 1688 βαίνει·
472 1628 539 1675 fin
576 1637 655 1687 μὲν
694 1632 775 1689 γάρ
823 1633 870 1677 τὸ
914 1638 996 1677 τῶν
1035 1633 1317 1691 πραγμάτων,
1361 1632 1562 1677 ταπεινὸν
1604 1627 1735 1677 ου’δὲν

273 1697 575 1757 ἐφελκόμενον,
623 1701 683 1749 εἰς
719 1697 832 1753 ὕψος
873 1701 1039 1757 ἐπαίρει
1076 1700 1149 1746 τὸν
1193 1699 1340 1755 λόγον,
1387 1699 1460 1743 καί
1485 1701 1544 1759 τῷ
1571 1702 1731 1755 λέγοντι

275 1829 437 1870 experta,
459 1825 559 1858 omni
577 1825 719 1859 ratione
750 1825 973 1860 contendens
998 1824 1094 1860 dona
1120 1837 1343 1873 exaequare,
1365 1826 1523 1872 quaerit,
1548 1823 1732 1870 quomodo

274 1872 455 1905 beneficia
480 1875 651 1915 repenset
678 1874 793 1918 gratia
825 1872 1036 1914 referenda,
1071 1872 1156 1907 ideo
1181 1874 1240 1908 vei
1264 1873 1420 1908 maxime
1453 1878 1490 1907 te
1523 1871 1734 1913 admirans,

276 1918 378 1966 quod
401 1919 654 1952 munificentia
679 1925 742 1953 tua
768 1920 814 1954 ab
840 1921 910 1960 iis,
936 1921 975 1953 in
1001 1931 1091 1965 quos
1118 1931 1197 1953 eam
1221 1920 1431 1961 contulisti,
1456 1918 1642 1964 repensari
1666 1929 1733 1952 ne-

279 1969 400 2012 queat.
426 1966 459 1998 Is
485 1965 583 1999 enim
607 1972 756 2000 ornatus
779 1967 946 2013 principe
972 1966 1102 2011 dignus
1128 1972 1206 2007 est,
1230 1979 1304 2001 una
1332 1977 1413 2000 cum
1436 1965 1604 2000 hostibus
1621 1964 1732 1998 etiam

280 2013 447 2047 subditos
472 2023 668 2056 superare,
696 2013 781 2048 illos
812 2014 919 2047 armis
935 2038 945 2054 ,
973 2012 1040 2047 hos
1065 2010 1304 2048 multitudine
1329 2014 1532 2053 honorum,
1557 2018 1732 2058 utrosque

279 2060 488 2093 virtutibus.
514 2059 647 2094 Nostra
673 2071 759 2095 vero
784 2060 883 2102 urbs,
910 2071 1016 2107 quae,
1040 2060 1284 2095 benefactoris
1309 2061 1468 2106 imagine
1494 2059 1624 2105 posita,
1651 2059 1731 2104 ipso

279 2112 472 2153 praesente
496 2106 643 2147 fruitur,
668 2107 976 2153 quemadmodum
999 2106 1194 2142 vehemens
1219 2113 1377 2149 amator,
1401 2111 1593 2153 conspecto
1621 2116 1731 2151 quem

282 2154 430 2197 diligit,
461 2153 600 2199 surgit,
635 2156 826 2201 omnisque
854 2155 982 2188 aetatis
1014 2153 1181 2189 homines
1217 2157 1372 2197 excitat,
1418 2160 1456 2188 et
1477 2158 1581 2199 pater
1613 2162 1727 2197 puero

283 2207 322 2235 et
348 2212 459 2235 senex
483 2201 609 2238 iuveni
635 2212 718 2234 eum
743 2200 925 2242 ostendit,
949 2205 987 2235 et
1014 2212 1139 2235 omnes
1165 2203 1274 2236 simul
1306 2200 1512 2247 spectaculo
1531 2199 1728 2234 exsultant.

282 2250 335 2284 Ac
361 2248 514 2282 fortasse
539 2247 689 2293 quidem
711 2248 866 2283 videbor
894 2260 986 2281 unus
1011 2254 1154 2292 praeter
1187 2255 1325 2283 ceteros
1350 2249 1396 2282 ad
1418 2253 1492 2282 tam
1518 2248 1730 2280 immensam

284 2301 405 2331 rerum
432 2294 578 2328 laudem
603 2306 662 2328 me
687 2300 909 2337 convertere,
932 2300 1108 2340 tantaque
1127 2296 1277 2329 audacia
1298 2295 1485 2342 instigari,
1508 2299 1550 2328 ut
1573 2293 1631 2334 vei
1654 2302 1732 2326 me-

285 2342 347 2376 dio
365 2354 409 2376 ex
434 2342 577 2376 theatro
603 2343 832 2384 surrexerim,
859 2349 896 2377 et
918 2343 1069 2385 recitare
1094 2343 1297 2390 quidquam
1323 2343 1496 2381 audeam,⁴
1515 2345 1554 2374 et
1566 2339 1730 2386 quamvis

284 2391 445 2426 minetur
472 2390 606 2434 aliquis
632 2388 678 2421 ab
717 2390 864 2435 incepto
898 2401 972 2423 non
997 2388 1175 2423 desistam.
1225 2391 1361 2425 Verum
1383 2390 1453 2423 hoc
1474 2399 1548 2421 non
1572 2392 1630 2421 est
1652 2388 1730 2426 ita,

287 2437 353 2472 sed
375 2440 453 2469 tota
473 2434 558 2469 urbs
590 2434 637 2468 ad
671 2438 838 2470 meritam
863 2448 928 2482 pro
953 2436 1153 2471 benefactis
1179 2439 1327 2482 gratiam
1353 2434 1579 2470 referendam
1604 2443 1730 2467 move-

286 2489 364 2525 tur-3
398 2493 489 2529 quae
526 2492 606 2515 cum
641 2487 783 2528 tempus
812 2495 887 2517 non
912 2482 1071 2518 sufficere
1105 2485 1289 2519 existimet
1327 2488 1369 2517 ut
1412 2492 1476 2527 pro
1510 2492 1548 2514 se
1573 2480 1730 2526 quisque

288 2530 400 2571 dicat,
424 2530 590 2563 unanimi
609 2540 733 2563 omnes
759 2531 939 2564 sententia
964 2532 1117 2564 oratoris
1142 2542 1228 2565 voce
1253 2530 1416 2566 contenti
1441 2533 1546 2562 sunt:
1573 2528 1604 2561 is
1631 2528 1730 2561 enim

288 2577 335 2610 ad
359 2576 554 2611 dicendum
577 2587 641 2621 pro
666 2577 755 2610 urbe
785 2577 941 2618 electus,
978 2589 1048 2611 una
1070 2589 1156 2613 voce
1181 2579 1343 2612 omnium
1368 2576 1522 2621 cogitata
1548 2575 1727 2618 exprimit.

288 2623 378 2659 Inde
403 2627 546 2664 autem,
570 2624 659 2656 mira
685 2634 760 2664 res,
785 2625 892 2658 simul
916 2630 953 2658 et
976 2625 1074 2658 bono
1099 2636 1155 2658 me
1181 2627 1303 2659 animo
1328 2635 1405 2658 esse
1431 2628 1467 2657 et
1492 2623 1642 2661 timere,
1669 2631 1728 2653 ac-

290 2670 397 2705 cidit:
437 2669 536 2717 (ruod
569 2670 665 2704 enim
701 2671 817 2711 facta,
856 2682 948 2716 quae
984 2671 1078 2705 nihil
1103 2672 1239 2705 humile
1264 2672 1471 2710 continent,
1506 2671 1545 2703 in
1570 2667 1726 2702 sub‘limo

291 2719 466 2754 attollunt
492 2719 712 2758 orationem,
750 2723 785 2752 et
816 2717 952 2753 dicenti
982 2718 1148 2765 expedita
1174 2724 1281 2759 sunt,
1316 2729 1482 2764 maguum
1518 2715 1588 2749 hoe
1611 2720 1665 2749 est
1691 2720 1727 2748 et
