1924 3164
371 162 387 195 ι
402 141 474 195 08
963 155 1194 196 EUNAmr

360 284 466 323 σαρ,
510 265 759 324 ὖβριστικῶς
794 259 904 321 αῧτῷ
931 265 1218 319 χρησάμενον,
1242 264 1353 306 πάνυ
1391 264 1562 320 περιδεᾶ
1590 261 1686 309 ὄντα
1713 265 1788 309 ’διὰ

358 333 412 375 τὰ
455 333 782 388 προγεγενημένα
796 362 810 383 ,
861 329 998 371 καίτοι
1033 333 1113 371 τοῦ
1147 328 1298 378 παιδός
1343 332 1605 384 ἐλεγχθέντος
1646 334 1790 374 ἐπανί-

360 402 540 441 στασθαι
569 395 637 440 διὰ
664 394 739 451 τήν
764 393 872 452 πρὸς
899 393 1189 438 Κωνστάντιον
1215 397 1383 452 φιλίαν,
1410 397 1468 453 τῷ
1499 395 1691 455 νεανισκῳ
1716 396 1791 452 τὴν

361 465 477 519 δίκην
512 463 704 516 ἐπέθηκε,
732 461 803 504 τὸν
850 462 897 504 δὲ
924 459 1175 518 Μάρκελλον
1211 463 1290 504 καί.
1321 459 1608 518 διαφερόντως
1651 463 1793 518 ε’τίμηκ

359 543 419 570 σε.
475 531 526 570 In
554 541 643 568 voc.
1215 563 1219 567 .
1790 519 1815 560 5

469 591 516 643 ζ’.
565 592 613 634 Ὁ
655 591 701 633 δὲ
726 590 951 642 Ἰουλιανὸς
996 590 1140 648 καίπερ
1170 590 1383 642 τοσούτοις
1422 590 1688 648 ἐμβεβηκώς,
1716 593 1794 646 τῆς

358 673 401 699 τε
438 658 536 711 περὶ
571 654 720 712 λόγους
757 653 909 712 ἥπτετο
936 657 1200 715 φιλοτιμίας,
1238 657 1312 700 καῖ
1334 657 1404 701 τὸν
1430 660 1504 714 τῆς
1536 654 1795 712 Ἀντιοχείας

358 719 586 777 σοφιστήν,
623 716 659 780 ᾧ
697 723 903 776 Λιβάνιος
931 717 1086 777 ὄνομα,
1116 723 1398 780 διαφερόντως
1444 722 1708 777 ἐθαύμασεν,
1735 721 1790 764 τὰ

356 790 433 839 μὲν
460 785 562 836 ἴσως
602 788 782 830 ἐπαινῶν
799 821 813 841 ,
841 787 895 830 τὰ
935 790 982 830 δὲ
1011 785 1124 838 ὅπως
1151 788 1299 845 λυποίη
1326 788 1401 832 τὸν
1427 791 1559 843 μέγαν
1587 786 1793 845 σοφιστήν

358 854 664 909 Προαιρέσιον,
713 855 929 910 προτιμῶν
968 856 1132 911 ἕτερον·
1202 853 1391 904 Ἀκάκιος
1437 857 1536 910 γοῦν
1580 870 1642 904 τις
1679 854 1849 911 αὕτῷῑθ

354 919 439 960 τῶν
466 917 564 974 περὶ
587 917 663 975 τὴν
686 916 906 975 ῥητορικὴν
924 921 1085 973 δεινῶν,
1114 919 1186 962 καί
1210 919 1232 961 ὅ
1263 922 1309 962 ἐκ
1324 923 1512 977 Φρυγίας
1527 917 1794 972 Τουσκιανὸς,

358 979 428 1024 ἀεὶ
473 981 579 1039 πρὸς
614 986 748 1026 ταῦτα
799 982 1027 1027 ἐπεκάλουν
1066 986 1138 1028 καί
1175 987 1455 1041 διεμέμφοντο
1503 983 1579 1033 τὰς
1625 986 1796 1040 κρίσεις.

362 1050 463 1090 Voc.
484 1047 702 1103 Λιβάνιος.
1269 1096 1272 1100 .

450 1109 514 1170 ¹vj.
562 1110 678 1158 Ἔστι
703 1117 750 1157 δὲ
793 1115 866 1158 καὶ
901 1116 923 1159 ὅ
949 1115 1137 1174 χρησμὸς
1177 1113 1199 1158 ὅ
1231 1115 1374 1166 δοθεὶς
1410 1111 1550 1173 adius»,
1595 1111 1664 1158 ὅτε
1700 1117 1797 1170 περὶ

356 1182 643 1237 Κτησιφῶντα
671 1181 811 1236 διῆγε·
1800 1171 1850 1228 15

517 1257 734 1311 Γηγενέων
759 1258 859 1299 ποτὲ
887 1259 1023 1312 φῦλον
1049 1256 1226 1312 ἐνήρατο
1253 1260 1428 1312 μητιέτα
1456 1256 1568 1307 Ζεύς

517 1320 713 1375 ἔχθιστον
740 1320 1000 1378 μακάρεσσιν
1025 1320 1231 1376 Ὀλύμπια
1259 1322 1415 1376 δώματ’
1442 1321 1610 1377 ἔχουσι.

514 1386 733 1440 Ῥωμαίων
759 1388 971 1441 βασιλεὺς,
994 1383 1219 1437 Ἰουλιανὸς
1246 1386 1446 1444 θεοειδὴς,

520 1454 782 1508 μαρνάμενος
821 1455 1005 1510 Περσῶν
1045 1451 1191 1502 πόλιας
1219 1452 1293 1495 καὶ
1316 1455 1459 1509 τείχεα
1487 1451 1632 1509 μακροὶ

521 1515 780 1574 ιῖγχεμάχων
816 1520 1008 1574 διέπερσε
1036 1521 1153 1575 πυρὶ,
1181 1521 1368 1576 κρατερῷ
1394 1535 1440 1562 τε
1465 1518 1641 1576 σιδήρῳ.

521 1588 739 1637 νωλεμέως
781 1585 821 1625 δ’
852 1584 1064 1639 ἐδάμασσε
1091 1582 1229 1634 πόλεις
1258 1601 1304 1626 τε
1334 1586 1408 1627 καί
1431 1583 1559 1627 ἔθνεα
1585 1583 1730 1626 πολ-λά.

358 1758 496 1799 gestas,
532 1751 698 1799 quamvis
731 1763 823 1798 puer
867 1754 1050 1786 convictus
1095 1756 1190 1785 esset
1229 1749 1445 1790 seditionis,
1489 1750 1537 1783 ob
1577 1751 1794 1791 amicitiam,

359 1812 430 1845 qua
468 1799 719 1833 Constantium
751 1795 1056 1844 persequebatur,
1086 1797 1242 1831 humane
1277 1798 1475 1841 exceperit,
1500 1801 1538 1831 et
1564 1796 1621 1830 illi
1643 1795 1794 1842 quidem

357 1846 627 1881 adolescentulo
658 1857 794 1891 poenas
817 1845 1021 1889 inflixerit,
1037 1845 1156 1890 ipsum
1181 1854 1264 1879 vero
1287 1843 1498 1878 Marcellum
1521 1843 1656 1889 insigni
1677 1841 1796 1877 hono—¹

358 1905 399 1927 re
423 1893 592 1927 affecerit.

452 1951 483 1984 7.
537 1939 702 1974 lulianus
747 1941 868 1970 autem
909 1936 1100 1970 Parabates
1120 1961 1130 1978 ‚
1173 1937 1332 1982 quamvis
1385 1940 1522 1969 tantam
1569 1936 1796 1981 negotiorum

357 1985 490 2019 molem
534 1985 752 2025 sustineret,
795 1989 916 2017 tamen
960 1989 998 2017 et
1033 1984 1265 2028 eloquentiae
1307 1983 1454 2028 gloriam
1495 1983 1713 2028 expetebat,
1758 1986 1796 2016 et

355 2032 622 2066 Antiochenum
659 2031 764 2063 illum
808 2029 1028 2075 sophistam,
1072 2030 1130 2063 cui
1170 2029 1519 2069 Libanio.n0men‚
1567 2040 1674 2074 supra
1715 2040 1795 2062 mo—

358 2079 444 2111 dum
486 2076 752 2118 admirabatur,
787 2078 920 2121 partim
967 2077 1142 2118 sortasse,
1181 2075 1279 2121 quod
1320 2087 1402 2110 eum
1434 2075 1624 2120 probaret,
1662 2075 1796 2120 partim

356 2135 462 2164 vero,
503 2130 545 2158 ut
579 2134 746 2167 magnum
787 2123 893 2156 illum
933 2123 1131 2168 sophistam
1165 2123 1410 2156 Proaeresium
1447 2120 1573 2155 dolore
1619 2121 1796 2162 afficeret,

358 2170 510 2204 alterum
545 2175 781 2214 anteponens.
843 2169 994 2203 Aeacius
1034 2176 1176 2209 tamen,
1206 2169 1260 2202 vir
1304 2167 1451 2202 dicendi
1493 2167 1598 2206 valde
1630 2169 1794 2213 peritus,

359 2222 396 2250 et
428 2217 544 2260 Phryx
580 2217 782 2250 Tuscianus
815 2215 863 2249 ob
898 2215 989 2251 haec
1017 2227 1158 2261 semper
1191 2226 1272 2249 eum
1308 2213 1541 2256 accusabant,
1586 2219 1624 2248 et
1656 2213 1793 2247 iudicia

357 2264 436 2296 cius
460 2262 782 2307 reprehendebant.

449 2313 480 2345 8
528 2310 653 2342 Exstat
689 2314 726 2342 et
759 2307 946 2342 oraculum
979 2308 1051 2354 ipsi
1082 2306 1225 2349 datum,
1259 2319 1372 2355 quum
1394 2307 1496 2341 iuxta
1521 2306 1792 2352 Ctesiphontem

356 2359 643 2390 commoraretur.

541 2412 737 2457 Gigantum
757 2411 940 2458 quondam
954 2411 1140 2446 nationem
1155 2410 1289 2445 delevit
1314 2410 1472 2445 consiliis
1487 2410 1626 2455 pollens
1639 2410 1794 2454 Iupiter,

548 2459 835 2492 Inimicissimam
861 2458 931 2492 diis
956 2458 1074 2492 beatis
1105 2458 1312 2502 Olympicas
1336 2456 1460 2491 domos
1479 2456 1742 2490 habitantibus.

551 2504 794 2537 Romanorum
820 2515 904 2537 vero
928 2505 1123 2548 imperator
1152 2505 1313 2538 Iulianus
1341 2504 1418 2537 Deo
1445 2503 1571 2536 similis

549 2550 735 2584 Persarum
761 2552 923 2584 cominus
956 2552 1194 2595 pugnantium
1226 2550 1331 2583 urbes
1363 2554 1400 2583 et
1425 2549 1566 2584 moenia
1594 2548 1700 2594 longa

550 2596 713 2640 Pugnans
738 2598 891 2639 vastavit
921 2597 1004 2642 igue
1030 2597 1221 2643 validoque
1247 2596 1366 2638 serro;

519 2678 523 2686 ,γ
551 2641 782 2688 Adsidueque
807 2643 950 2677 domuit
971 2643 1078 2676 urbes
1110 2649 1145 2677 et
1177 2647 1298 2686 gentes
1324 2642 1461 2676 multas.
