1924 3164
343 157 456 243 57³0
739 187 964 234 rffluPPl
1003 185 1188 227 LABssm
1226 172 1411 228 NOTAE
1468 175 1473 209 ἕ

341 292 397 330 rit
423 292 668 344 τραχηλιας.
728 292 839 343 Quid
867 292 901 331 si
927 289 1152 343 εἰρωνικῶς
1183 290 1236 330 ab
1270 289 1566 345 Olympiodoro
1593 281 1795 349 poeticum

342 345 443 386 illud
474 347 912 440 epiplioncmatis’loco
943 346 1145 409 adiectum
1173 348 1256 410 sit?
1316 346 1380 385 De
1399 346 1646 412 Candidiano
1675 350 1805 414 plura¹

348 415 441 455 pag.
469 415 481 439 ι
521 430 530 439 .
553 402 607 444 D.
626 431 637 452 ,
668 417 715 441 ex
743 401 892 456 quibus
912 400 1076 454 colligas
1096 400 1302 440 Placidiae
1320 415 1477 455 semper
1493 402 1660 456 favisse,
1690 419 1796 444 ems-

201 456 244 490 V·
269 454 334 489 203
347 471 426 511 quc
448 457 819 510 peregrinationum
845 472 891 497 ac
912 457 1096 495 fortunae
1123 456 1309 494 comitem
1335 462 1376 494 et
1402 458 1635 511 participem
1656 460 1793 499 fuisse.

457 511 561 562 Pag.
577 511 619 551 8.
636 512 692 551 D.
710 510 828 566 [457,
851 510 938 565 23.]
981 511 1214 550 Ianuarium
1244 524 1423 550 mensem
1453 515 1604 565 nuptiis
1641 513 1796 554 Ataulfi

342 581 437 606 eum
457 565 637 605 Placidia
665 567 856 606 Narbone
884 567 1039 605 Marcio
1067 567 1109 604 in
1137 565 1303 604 aedibus
1332 566 1484 619 Ingenii
1514 569 1598 607 sive
1622 568 1796 622 Eugeuii

341 620 552 660 cuiusdam
581 621 790 666 celebratis
817 621 999 674 praefigit
1017 620 1332 674 Olympiodorus
1354 635 1365 672 3
1395 620 1463 660 alii
1493 621 1615 676 vulgo
1643 637 1794 664 annum

339 677 552 729 designant
600 675 732 716 Acrae
771 676 1025 716 Christianae
1071 674 1168 727 414.
1243 675 1394 715 ldatius
1428 678 1470 715 in
1508 677 1710 716 Chronico
1745 679 1797 718 de

348 730 440 770 loco
469 733 690 771 consentit:
731 731 919 783 ΑεαιιζῇιεΙ
970 731 1082 786 apud
1131 730 1364 771 Nat-bonam
1403 730 1632 772 Placidiam
1678 733 1801 773 dzaaeit

347 800 517 828 uxorem
533 816 545 833 ‚
592 788 635 826 in
688 795 736 826 u'o
758 788 970 842 prophetia
998 786 1184 825 Danielis
1215 795 1380 840 putatur
1414 787 1598 841 impleta,
1634 789 1709 843 qni
1737 790 1799 828 ait

331 841 473 895 filiam
498 842 600 893 regis
630 802 771 881 Aqustm‘
797 842 1024 881 sociandam
1043 842 1130 893 regi
1149 840 1360 895 Aquilonis
1373 870 1385 891 ‚
1414 843 1523 881 nullo
1554 851 1685 882 tamen
1711 844 1797 882 eius

343 911 402 935 ex
429 909 476 935 ea
503 897 648 936 semine
671 897 908 936 subsistente.
968 897 1051 945 Qui
1079 897 1185 934 enim
1214 910 1259 934 ex
1291 896 1340 934 iis
1375 903 1493 935 natus
1530 904 1590 936 est
1624 897 1703 936 hoc
1730 897 1797 937 vel

343 951 529 1004 sequenti
556 965 662 990 anno
690 951 969 1002 Theodosius,
999 957 1128 989 morte
1157 950 1279 1004 paulo
1306 958 1397 1002 post
1420 950 1531 990 obita
1553 966 1678 1005 prope
1693 953 1794 991 Bar-

341 1006 533 1044 ciuonam
557 1007 779 1046 tumulatus
809 1013 883 1046 est.
942 1006 1132 1046 Iordanes
1160 1006 1209 1044 de
1236 1006 1389 1059 origine
1431 1006 1657 1046 Gothorum
1697 1007 1797 1047 scri-

346 1059 448 1099 bens
476 1060 639 1100 abermt
667 1076 691 1101 a
716 1065 886 1100 veritate
912 1061 1071 1115 longius
1087 1090 1099 1110 ‚
1126 1067 1215 1100 tum
1245 1061 1356 1114 quod
1384 1060 1542 1100 Gallam
1570 1061 1796 1102 Placidiam

341 1122 436 1168 post
468 1122 637 1155 mortem
667 1116 862 1156 duntaxat
875 1116 1026 1156 Alarici
1054 1116 1184 1155 Roma
1213 1116 1268 1154 ab
1295 1114 1464 1156 Ataulfo
1492 1117 1692 1170 captivam
1721 1117 1795 1156 ab-

342 1170 509 1209 ductam
538 1171 636 1210 velit
655 1201 667 1222 ,
694 1179 782 1211 tum
809 1171 918 1225 quod
946 1172 1109 1224 nuptias
1139 1178 1356 1224 antequam
1384 1169 1558 1223 Alpibus
1598 1173 1796 1225 superatis

341 1224 495 1264 Gallias
526 1227 717 1279 petiisset,
748 1227 941 1266 coaluisse
969 1225 1186 1266 contendat
1214 1226 1453 1266 Foro-Livii
1468 1225 1666 1266 Aemiliae
1694 1228 1796 1267 civi-

340 1286 426 1319 tate
443 1309 456 1330 ‚
484 1295 606 1333 quam
635 1283 678 1321 in
694 1282 848 1321 Forum
877 1281 1052 1321 Cornelii
1080 1280 1284 1321 miscellae
1311 1287 1478 1334 auctor,
1509 1283 1691 1336 quisquis
1717 1289 1793 1334 est,

341 1335 659 1377 transformavit.

456 1390 559 1444 Pag.
580 1390 621 1430 8.
654 1393 710 1432 D.
741 1392 860 1447 [458‚
901 1390 963 1446 3.]
987 1385 1055 1431 Ἐν
1084 1386 1268 1430 παστάδι
1303 1393 1346 1430 in
1374 1394 1478 1431 att-io
1503 1392 1636 1431 reddit
1667 1392 1797 1431 Inter-

342 1457 461 1497 pres:
485 1446 600 1497 quid,
629 1447 663 1487 si
692 1449 787 1486 aula
816 1448 951 1502 potius
979 1453 1049 1485 aut
1076 1447 1301 1485 thalamus?
1332 1447 1442 1485 unde
1461 1454 1500 1486 et
1519 1446 1801 1500 pastophoria,

343 1498 398 1538 de
423 1500 571 1553 quibus
599 1499 711 1541 alias.
771 1502 830 1541 At
859 1502 1054 1555 δωρεῖται
1096 1508 1206 1540 certo
1241 1502 1387 1540 certius
1426 1501 1504 1540 hoc
1532 1501 1621 1541 loco
1650 1502 1796 1555 agendi

344 1554 517 1594 verbum
546 1563 617 1594 est.
695 1557 797 1608 Quis
827 1559 934 1596 enim
962 1557 1079 1594 novis
1107 1556 1243 1608 nuptis
1274 1555 1410 1595 oblata
1438 1569 1605 1595 munera
1634 1558 1793 1611 ignorat

341 1616 386 1647 et
402 1610 729 1664 Morganegibam
757 1641 770 1662 ‚
802 1611 852 1651 de
880 1626 960 1665 qua
986 1618 1122 1649 noster
1150 1612 1367 1665 Gregorius
1386 1610 1562 1664 aliique?
1590 1612 1802 1665 sicigitur

344 1664 717 1718 interpretationem
742 1679 932 1705 recense:
960 1662 1068 1704 Aliis
1105 1668 1265 1719 insuper
1295 1667 1532 1720 nuptialibus
1566 1666 1679 1705 donis
1719 1667 1795 1706 ad-

343 1719 437 1757 iecit
474 1719 659 1772 Atanlfizs
710 1723 995 1776 qninquaginta
1017 1722 1223 1772 ‚forlnosos
1250 1735 1394 1775 pzoeros
1415 1750 1427 1771 ‚
1472 1722 1604 1760 sericis
1641 1721 1796 1760 indutos

343 1774 511 1812 vestibus
526 1804 538 1825 ‚
574 1789 738 1830 quoram
766 1777 913 1828 singuli
949 1784 1112 1830 utraque
1152 1790 1272 1814 mann
1317 1776 1426 1815 binos
1470 1777 1639 1829 ingentes
1670 1776 1796 1816 discos

326 1829 524 1881 jerebant
537 1859 548 1880 ,
572 1831 740 1869 alterum
760 1845 858 1870 auro
882 1831 1044 1886 plenum
1057 1861 1068 1878 ‚
1096 1831 1261 1869 alteram
1285 1832 1449 1883 gemmis
1469 1838 1543 1874 ete.

457 1883 560 1936 Pag.
582 1899 623 1939 9.
639 1886 692 1923 A.
715 1884 829 1939 [458,
864 1884 945 1939 12.]
975 1885 1057 1925 Pro
1087 1887 1267 1924 chstacio
1297 1886 1380 1925 sive
1399 1887 1566 1925 Rnsacio
1597 1885 1804 1940 Interpres

345 1939 564 1991 subrogare
599 1953 666 1978 ma
676 1939 722 1978 lit
749 1942 963 1980 Rusticiwn
979 1959 992 1979 .·
1030 1941 1099 1979 sed
1128 1941 1277 1980 cavesis
1305 1941 1525 1980 confundas
1553 1956 1646 1980 cum
1673 1941 1795 1980 Deci-

344 1995 427 2033 mio
456 1995 646 2047 Rustico,
676 1996 746 2048 qui
785 2009 830 2034 ex
872 1996 1064 2048 Magistro
1105 1995 1326 2034 officiorum
1366 1996 1493 2035 sactus
1530 2004 1797 2050 tyrannorum

342 2049 570 2101 praefectus
590 2078 601 2099 ,
642 2050 750 2102 apud
779 2055 986 2090 Arvernos
1016 2057 1109 2089 ante
1140 2051 1348 2089 biennium
1377 2065 1400 2089 a
1429 2051 1598 2090 ducibus
1618 2051 1795 2090 Honori-

347 2105 435 2143 anis
452 2111 591 2157 eaptus
618 2112 658 2143 et
685 2104 901 2145 crudeliter
924 2107 1184 2158 interemptus
1212 2113 1271 2145 est
1298 2120 1390 2145 cum
1407 2105 1620 2159 Agroecio,
1641 2120 1687 2144 ex
1710 2107 1803 2159 pri-

345 2160 511 2198 micerio
539 2161 790 2199 notariorum
819 2161 975 2212 Iovini,
1007 2161 1222 2214 multisque
1249 2161 1479 2212 nobilibus3
1513 2168 1559 2199 ut
1578 2162 1795 2200 memoriae

346 2215 526 2266 prodidit
552 2215 731 2255 Renatus
759 2216 1004 2256 Profuturus
1031 2215 1261 2270 Frigeridus
1300 2217 1339 2256 in
1382 2217 1459 2255 iam
1487 2230 1605 2269 saepe
1630 2215 1794 2255 laudato

346 2269 455 2323 apud
473 2317 475 2319 Ι
490 2267 730 2324 Gregorium
756 2272 989 2325 fragmento.

459 2324 617 2377 Pag-9.
632 2325 684 2364 A.
700 2321 913 2381 1[4⁴58‚15.]
926 2327 1092 2365 Albinus
1111 2327 1202 2365 urbi
1215 2327 1446 2380 praefectus.
1478 2325 1608 2363 Gessit
1638 2325 1804 2377 praefe-·

346 2385 503 2417 cturam
528 2377 726 2419 urbanam
744 2380 975 2433 anno414„
1007 2381 1088 2435 quo
1114 2381 1337 2420 Placidiam
1364 2381 1477 2419 duxit
1506 2378 1717 2430 Amnisos,
1746 2386 1795 2419 ut

346 2433 542 2473 miraculo
564 2430 792 2486 proximum
810 2437 861 2475 sit
889 2437 993 2475 intra
1009 2436 1318 2489 quadriennium
1334 2435 1531 2474 Gothicae
1558 2434 1800 2487 direptionis

347 2489 485 2529 ruinas
513 2491 688 2541 potuisse
718 2494 912 2545 reparari.
952 2491 1232 2545 Cogstandum,
1262 2505 1314 2530 an
1346 2490 1398 2529 de
1422 2489 1499 2529 hoc
1528 2488 1680 2530 Albino
1699 2503 1797 2543 ege-

347 2547 401 2585 rit
426 2543 602 2584 Rutilius
630 2546 896 2589 Numatianus
925 2546 1029 2586 libro
1059 2547 1187 2599 primo
1217 2546 1438 2584 Itinerarii:

511 2599 676 2655 Iamque
697 2602 788 2639 aliis
808 2603 973 2640 Romam
998 2602 1239 2640 redeuntibus
1258 2602 1391 2639 haeret
1424 2601 1530 2638 ezma‘

567 2655 701 2711 Rafias
721 2656 863 2694 Albim·
877 2658 1008 2709 gloria
1027 2658 1126 2695 viva
1137 2657 1266 2711 patris
1281 2685 1291 2702 ‚

518 2711 598 2765 Qui
629 2710 770 2749 Volusi
792 2713 950 2765 antiquo
974 2711 1131 2750 derivat
1149 2718 1344 2749 stemmate
1368 2723 1509 2748 nomen
1526 2740 1537 2758 ,

567 2763 623 2806 Et
639 2779 744 2819 reges
763 2766 923 2807 Rutulos
936 2795 949 2820 7
977 2775 1066 2807 teste
1083 2766 1252 2806 Marone
1267 2795 1278 2814 ‚
1304 2765 1435 2818 refert.
