1838 3210
386 165 461 205 An
500 142 780 205 ExcERP‘TA
815 165 887 204 DE
923 162 1330 204 LEGA'rmNmUs
1566 140 1598 196 5

157 266 434 320 καταμερίσαι
459 266 584 308 τοῦτο
611 265 672 314 εἷς
709 264 1006 321 λεπτᾳιέρειαν
1019 279 1046 318 ,’
1079 257 1373 320 ἀνεπιφθόνως
1411 271 1456 305 τε
1500 277 1602 318 προ-

152 335 295 374 θεῖναι
321 333 438 388 κοινῇ
465 329 540 387 τὴν
566 331 613 372 ἐκ
639 329 800 372 τούτων
831 330 1138 386 ἀναφυομένην
1178 325 1406 386 ωφέλειαν
1462 344 1521 377 ως
1555 329 1602 370 ἐκ

156 398 235 450 μὲν
261 398 337 451 τῆς
363 397 529 453 ἐκλογῆς
564 397 951 453 προσεκτικωτέρους
988 412 1060 437 και
1095 395 1433 449 ἐνδελεχέστερον
1459 409 1602 435 κατεν-

156 459 378 516 τυγχάνειν
405 462 474 512 εἷς
491 459 590 510 τούς
623 460 854 518 τροφιμους
884 477 966 503 των
994 460 1158 516 λόγων,
1203 459 1279 502 και
1314 457 1647 514 μονιμώτερονῐ)

129 528 443 573 δὲπυποῧσθαι
473 526 646 576 τούτοις
677 525 754 582 τὴν
795 528 881 568 τῶν
916 523 1049 581 λόγων
1067 524 1360 584 εὔφράδειαν·
1415 529 1648 580 μεγαλο-Ἲ.
1658 544 1679 567 2

156 595 277 649 φυαῖς
303 609 349 636 τε
381 593 454 634 καί
478 591 743 648 εὖεπηβόλως
769 589 874 649 πρὸς
901 591 1006 645 [ἐπὶ]
1036 593 1198 643 τούτοις
1231 593 1512 647 καταμερίσαι
1540 584 1600 639 εἷς

154 653 380 708 ὑποθέσεις
418 657 669 715 διαφόρους,
715 663 827 714 τρεῖς
865 657 936 700 ἐπὶ
967 664 1064 708 τοῖς
1093 655 1347 714 πεντήκοντα
1383 655 1460 700 τὸν
1503 653 1600 712 rign-e

153 722 267 777 θμὸν
296 718 447 774 οὔσας·
499 725 544 767 ἐν
572 721 641 774 αἷς
677 725 754 766 καί
775 723 851 781 ὕφ’
881 720 950 774 αἷς
977 721 1120 767 ἅπασα
1149 721 1335 780 ἱστορικῇ
1365 726 1600 779 μεγαλουρα

153 788 225 845 γία
251 790 525 845 συγκλείεται,
552 790 654 832 κοῦκ
682 788 798 833 ἔστιν
825 790 951 833 οῦδὲν
967 791 1053 833 τῶν
1078 791 1339 845 ἐγκειμένων,
1369 787 1395 831 ὃ
1416 787 1594 845 διαφεῦ-
1605 789 1671 823 Ρ·3

108 858 274 910 ιοξεται
301 854 380 910 τήν
405 854 605 911 τοιαύτην
631 857 715 899 τῶν
741 855 988 913 ὑποθέσεων
1025 855 1342 913 ἀπαρίθμησιν,
1390 855 1514 897 οὐδὲν
1550 853 1599 896 τὸ

151 914 709 979 παράπαν-ἀφαιρουμένης
744 923 821 977 τῆς
860 923 940 964 τοῦ
968 919 1092 977 λόγου
1126 917 1384 971 ἀκολουθίας
1407 922 1459 978 τῇ
1488 922 1602 964 διαι-

152 988 267 1043 ρέσει
305 988 388 1029 τῶν
442 988 633 1040 ἐννοιῶν,
672 987 780 1030 ἀλλὰ
820 987 1039 1042 σύστωμον
1081 985 1297 1043 σωζούσης
1331 986 1407 1029 καὶ
1447 984 1600 1045 ἑκάστῃ

150 1053 351 1109 ὑποθέσει
376 1054 870 1133 προσαρμοζομένηςτῆς
887 1050 1140 1109 τηλικαύτης
1160 1069 1209 1095 ου
1234 1051 1466 1107 συνόψεως,
1497 1054 1603 1108 daq-

151 1119 352 1173 θέστερον
378 1121 415 1161 δ’
446 1119 576 1161 εἰπεῖν
604 1117 874 1170 οικειοόσεως.
929 1136 989 1162 ων
1018 1120 1326 1183 κεφαλαιωδῶν
1354 1118 1594 1162 ὑποθέσεων

102 1185 178 1240 ιόἤ
206 1185 453 1241 προκειμένη
493 1202 601 1240 αυτη
647 1201 719 1227 και
747 1187 1062 1241 ἐπιγραφομένῃ
1100 1201 1229 1242 ,,περι
1258 1186 1473 1241 πρέσβεων
1492 1185 1630 1226 ‘Pau-B

149 1252 291 1304 μαίων
312 1249 418 1308 πρὸς
438 1248 680 1299 Ἐθνικούς”
705 1249 902 1305 τυγχάνει
929 1265 1038 1292 ουσα
1055 1246 1216 1306 εβδόμη
1244 1251 1318 1293 ἐπὶ
1343 1256 1432 1299 τοῖς
1460 1249 1602 1304 εἴκοσι,

141 1320 216 1374 τῆς
231 1333 398 1372 πρωτης
423 1314 470 1359 τό
483 1315 704 1370 ἐπώνυμον
725 1313 940 1371 λαχούσης
967 1314 1098 1372 ,,περι
1121 1317 1333 1370 βασιλέων
1364 1313 1597 1372 ἀναγορεύ-

149 1385 293 1432 σεως.”
323 1382 522 1439 ἐμφαίνει
540 1383 588 1424 δὲ
613 1380 730 1424 τουτὶ
752 1380 798 1424 τό
821 1380 1055 1438 προοιμιον,
1082 1380 1201 1432 τίνας
1217 1380 1257 1425 οἱ
1284 1379 1398 1436 λόγοι
1417 1383 1601 1438 πατέρας

149 1451 369 1505 κέκτηνται
388 1450 462 1491 καί
479 1444 580 1490 ὅθεν
598 1448 930 1501 οἷποκυῖσκονται,
960 1447 1018 1497 ὦς
1046 1443 1100 1490 ἂν
1117 1446 1178 1503 μή
1206 1442 1312 1491 ὦσιν
1330 1447 1377 1502 αἱ
1396 1451 1602 1504 κεφαλαι-

95 1513 273 1564 2οιόδεις
301 1514 526 1572 υποθέσεις
553 1512 886 1568 ἄκατονόμαστοι
911 1516 986 1556 καί
1010 1511 1070 1568 μή
1099 1508 1292 1569 γνήσιοί,
1341 1505 1456 1571 α’λλοὶ
1479 1511 1637 1555 νόθοιῦ

147 1598 193 1624 τε
221 1580 294 1623 καί
318 1578 602 1634 ψευδώνυμοι.
649 1581 736 1623 εισί
766 1581 812 1624 δὲ
841 1582 887 1622 ἐκ
914 1583 997 1622 τῶν
1015 1571 1377 1634 ὑποτεταγμένων
1369 1581 1604 1644 χρονικῶν.

153 1645 205 1701 α’,
236 1646 409 1722 Πέτρου
437 1645 661 1722 πατρικίου
688 1662 759 1689 και
784 1640 1034 1728 μαγίστρου.
1050 1643 1112 1702 β’,
1134 1647 1183 1688 Γ
1179 1646 1358 1702 εωργιου
1370 1639 1601 1698 Μοναχοῦ

240 1756 274 1790 6.
299 1754 364 1789 ἐπὶ
387 1754 471 1789 incl.
495 1753 537 1787 Η.
647 1755 697 1790 ι6.
723 1753 848 1790 ἐθνῶν
865 1746 966 1800 πρὸς
977 1731 1192 1813 Ῥωμαίους
1211 1738 1422 1787 ffoeschelii
1445 1763 1514 1796 mg.

150 1854 304 1889 molesta
334 1853 540 1894 videretur,
575 1854 798 1889 existimavit
829 1859 998 1909 oportere
1031 1853 1209 1888 historiae
1243 1854 1523 1887 commentarios
1559 1854 1599 1887 in

149 1902 335 1935 breviores
359 1906 480 1945 partes
506 1899 741 1940 contrahere,
767 1906 805 1933 et
834 1902 914 1934 sine
939 1901 1015 1934 ulla
1041 1900 1179 1934 invidia
1224 1902 1263 1934 in
1301 1911 1489 1934 commune
1513 1910 1599 1944 per-

148 1947 358 1994 cipiendam
384 1958 485 1987 eam,
511 1957 604 1992 quae
630 1956 674 1979 ex
696 1946 754 1979 his
778 1945 884 1979 libris
911 1947 1052 1986 oritur,
1077 1947 1276 1980 utilitatem
1302 1957 1516 1991 proponere.
1540 1945 1599 1979 Ad

147 1995 264 2035 haec,
288 2000 330 2028 ut
356 2005 401 2027 ex
425 1993 495 2027 hac
521 1993 740 2026 collectione
766 1993 941 2025 attentius
967 1998 1004 2025 et
1026 1971 1171 2026 f'acilius
1198 1992 1501 2047 praestantissimi
1523 1992 1598 2026 loci

147 2041 307 2076 inveniri
330 2041 449 2086 iisque
475 2040 655 2085 elegantia
680 2039 854 2072 orationis
878 2038 1051 2072 subtilius
1076 2039 1193 2073 excoli
1224 2045 1369 2084 posset,
1408 2039 1597 2095 ingeniose

147 2094 189 2123 et
214 2088 380 2121 sollerter
404 2097 464 2120 eos
484 2087 523 2119 in
549 2088 647 2120 varia
669 2091 879 2131 argumenta
904 2084 1099 2130 digerenda
1125 2096 1203 2119 esse
1224 2086 1408 2127 censebat,
1430 2087 1469 2119 in
1487 2086 1598 2130 quin-

148 2135 323 2181 quaginta
358 2144 489 2179 nempe
524 2139 560 2167 et
594 2133 688 2174 tria,
731 2132 864 2178 quibus
903 2138 978 2166 tota
1015 2131 1192 2166 historiae
1230 2133 1344 2166 moles
1378 2133 1596 2166 continetur.

147 2181 278 2232 Neque
309 2181 383 2214 ulla
403 2180 555 2213 materia
582 2184 658 2220 est,
688 2190 781 2225 quae
808 2179 957 2224 effugiat
988 2177 1115 2211 harum
1143 2179 1310 2212 classium
1343 2185 1380 2213 et
1411 2177 1597 2224 hypothe-

150 2240 240 2262 seon
265 2225 552 2272 dispositionem.
601 2226 730 2279 Neque
757 2225 905 2260 omnino
936 2227 1006 2259 ista
1031 2235 1096 2269 per
1131 2236 1338 2259 communes
1362 2227 1532 2259 notiones
1559 2230 1598 2259 et

150 2275 250 2308 locos
282 2273 375 2308 facta
400 2272 587 2307 distinctio
638 2273 833 2319 quicquam
858 2271 902 2306 de
946 2277 1122 2317 perpetuo
1148 2271 1266 2317 operis
1291 2278 1418 2306 tenore
1446 2277 1483 2305 et
1506 2283 1596 2306 con-

150 2321 358 2355 tinuatione
391 2319 571 2354 detrahit:
619 2320 683 2353 sed
707 2321 883 2364 integram
919 2329 995 2352 eam
1030 2325 1216 2352 conservat
1252 2325 1289 2352 et
1322 2330 1387 2353 suo
1422 2318 1596 2365 quodque

151 2373 359 2413 argumento
388 2366 558 2400 attribuit
580 2365 670 2399 haec
692 2378 766 2400 non
794 2371 867 2398 tam
893 2364 1094 2406 dividendi,
1118 2377 1228 2412 quam
1257 2367 1295 2398 in
1329 2366 1512 2411 propriam
1536 2376 1597 2398 se-

153 2415 235 2448 dem
261 2410 452 2458 redigendi
487 2411 589 2447 ratio.
623 2413 738 2446 Inter
769 2413 921 2445 istorum
954 2412 1115 2446 locorum
1142 2413 1387 2446 communium
1414 2418 1452 2445 et
1475 2411 1594 2456 hypo-

150 2461 303 2495 theseon
327 2460 487 2504 capitula
511 2464 617 2504 caput
639 2459 852 2504 inscriptum
877 2458 948 2500 „de
971 2459 1098 2504 legatis
1132 2460 1371 2492 Romanorum
1398 2459 1446 2492 ad
1470 2458 1594 2492 ethni-

152 2509 235 2541 cos''
258 2512 350 2541 erat
369 2506 497 2540 ordine
535 2507 745 2540 vicesimum
771 2506 1006 2550 septimum;
1031 2505 1196 2550 primum'
1211 2516 1295 2539 vero
1320 2506 1365 2539 de
1390 2507 1594 2551 Imperato-

152 2566 232 2588 rum
264 2553 558 2599 proclamatione.
606 2553 777 2586 Declarat
813 2557 934 2586 autem
965 2552 1036 2586 hoe
1065 2553 1316 2597 prooemium,
1347 2564 1437 2599 quos
1469 2557 1592 2597 patres

153 2606 191 2634 et
221 2606 385 2634 auctores
415 2600 455 2633 hi
490 2611 670 2634 sermones
703 2599 865 2632 habeant
894 2604 931 2632 et
963 2598 1140 2641 laudent,
1176 2605 1213 2633 et
1246 2599 1344 2634 unde
1372 2600 1434 2632 isti
1466 2604 1592 2643 partus

153 2646 245 2681 editi
270 2647 309 2679 iu
332 2647 450 2679 lucem
474 2646 699 2691 prodierint,
725 2656 784 2680 ne
797 2647 871 2679 sint
895 2646 971 2679 ulla
989 2648 1114 2691 capita
1139 2647 1290 2680 istarum
1313 2645 1594 2691 hypothesium,

149 2694 254 2728 nullo
281 2694 391 2727 citato
417 2699 586 2734 auctore,
613 2705 687 2726 non
715 2692 894 2737 genuina,
917 2693 983 2726 sed
1006 2693 1134 2726 fictitia
1159 2698 1197 2726 et
1220 2705 1259 2727 su
1289 2692 1464 2738 posititia.
1499 2692 1594 2725 Sunt

150 2750 235 2775 vero
260 2739 447 2787 desumpta
472 2751 516 2774 ex
546 2739 603 2774 his
628 2738 822 2781 chronicis,
845 2749 939 2786 quae
964 2740 1218 2776 subiiciuntur.
1262 2704 1292 2773 ΙΙ).
1318 2751 1363 2774 ex
1399 2739 1503 2774 Petro
1526 2737 1594 2772 Pa·
