1924 3164
337 172 358 207 ι
372 173 399 228 7
410 174 438 209 2
913 169 1191 214 EXCERPTA

144 276 189 311 Δ,
203 267 240 311 C.
254 278 502 324 448πεῖσαν·
558 270 680 318 ἕν’δὲ
706 278 793 323 τοῖς
820 274 947 330 ἱεροῖς
974 274 1240 328 καταλύμασι
1267 276 1350 319 τῶν
1376 275 1470 341 ὕπὸ,
1488 276 1623 322 νόσων
1648 276 1767 321 κατε-ι

135 325 317 417 ,1,ὴὲἓὲᾎὶ
330 340 520 393 χομένων
546 341 655 388 τινὲς
682 338 908 393 ἐτύγχανον
934 334 1074 389 ὄντες.
1109 337 1260 396 μικρὸν
1288 342 1335 384 δὲ
1365 335 1452 384 ἅνω
1478 343 1556 384 τοῦ
1581 345 1770 397 ποταμοῦ

330 407 375 448 ἐν
403 407 578 462 καθαρῷ
603 402 926 459 καταλύσαντες,
973 405 1224 463 (σύμπαντα
1248 405 1329 463 γάρ
1357 406 1410 449 τὰ
1438 406 1510 451 ἐπὶ
1532 407 1607 464 τήν
1633 403 1770 464 ὄχθην

224 476 316 512 Ρ.5ο
329 471 482 513 ὀστέων
508 467 559 525 ἦν
592 471 700 512 πλέα
735 472 817 513 τῶν
844 472 889 513 έν
917 474 1084 529 πολέμῳ
1114 468 1457 530 α’ναιρεθέντων,)
1488 475 1542 531 τῇ
1568 471 1770 530 ἐπαύριον

326 535 434 592 πρὸς
460 534 668 590 Ἀγίνθεον
695 536 778 577 τῶν
806 538 851 579 ἓν
876 538 1091 592 Ἰλλυριοῖς
1117 534 1339 592 ταγμάτων
1363 532 1592 595 ἡγούμενον
1619 538 1795 595 ἆφικό-5

325 605 453 656 μεθα,
483 601 534 642 οὔ
562 599 711 658 πόρ’ῥω
745 595 846 644 ὄντα
873 604 948 657 τῆς
976 605 1196 656 Ναϊσσοῦ,
1225 603 1291 660 ἐφ’
1312 598 1349 663 ᾧ
1374 602 1429 646 τοὶ
1456 602 1571 661 παρὰ
1599 604 1771 659 βασιλέ-

327 683 384 716 ως
407 666 596 721 ἆγγεῖλαι
623 668 696 709 καί
719 665 820 717 τούς
848 666 1044 725 φυγάδας
1071 662 1352 725 παραλαβεῖν·
1405 668 1503 721 τούς
1527 667 1609 725 γὰρ
1638 669 1667 711 ε’
1687 668 1775 712 τῶν

326 731 375 783 ιζ
391 763 403 786 ,
447 730 546 788 περὶ
586 725 646 775 ὧν
685 730 866 791 ’Λττήλᾳ
905 734 1155 794 ἐγέγραπτο,
1198 733 1327 778 αὕτὸν
1354 734 1440 777 ἔδει
1464 732 1777 792 παραδιδόναι.·

323 793 510 852 ἤλθομεν
538 791 613 840 οὖν
640 798 684 848 ἐς
710 797 858 853 λόγους
865 833 879 853 ,
907 798 982 842 καὶ
1004 792 1104 850 τούς
1131 791 1161 841 ε’
1191 799 1384 857 φυγάδας
1410 803 1679 857 παραδοῦναι
1692 795 1772 842 αὖ·ἰ

324 861 393 906 τὸν
418 868 504 912 τοῖς
522 858 696 913 Οῧννοις
726 862 1111 921 παρεσκευάσαμεν·
1155 865 1229 916 οὓς
1255 864 1668 924 φιλοφρονησάμενος
1695 863 1830 909 aomo

327 925 429 990 ἡμῖν
456 929 706 983 α’πέπεμψε.
763 927 1185 986 διανυκτερεύσαντες
1223 932 1270 973 δὲ
1307 933 1382 973 καί
1422 931 1504 974 α’πὸ
1531 935 1616 975 τῶν
1643 929 1775 987 ὁρίων

324 995 398 1048 τῆς
426 994 623 1036 Ναϊσσοῦ
647 993 721 1050 τὴν
761 997 938 1052 πορείαν
964 992 1236 1050 ποιησάμενοι
1272 996 1344 1038 ἒπί
1368 994 1439 1039 τὸν
1455 992 1617 1050 Ἴστρον
1643 1012 1774 1040 ποτα-

324 1057 433 1112 μὸν,
473 1058 516 1109 ἔς
548 1074 592 1101 τι
617 1061 777 1116 χωρίον
821 1060 1078 1115 ἒσβάλλομεν
1123 1063 1382 1118 συνηρεφὲς,
1422 1061 1591 1115 καμπὰς
1629 1063 1676 1106 δὲ
1703 1060 1777 1104 καὶ

286 1121 522 1179 Βὲλιγμοὺς
560 1126 634 1166 καί
667 1123 933 1182 περιαγωγὰς
975 1123 1132 1175 πολλὰς
1155 1124 1277 1181 ἔχον.
1331 1128 1378 1169 ἐν
1405 1120 1515 1184 ᾧπερ
1554 1129 1628 1183 τῆς
1672 1124 1777 1182 ἧμέα

324 1206 404 1246 ρας
431 1189 761 1247 διαφαινούσης,
793 1193 998 1245 οἰομένοις
1025 1193 1098 1235 ἒπί
1131 1190 1299 1246 δυσμὰς
1336 1188 1595 1249 πορεύεσθαι
1620 1195 1696 1236 τοῦ
1725 1191 1831 1248 ἧὲ-ΊΕ

322 1257 417 1297 λίου
447 1255 623 1311 οἷνατολὴ
655 1256 920 1300 κατεναντιον
948 1251 1097 1313 ὤφθη,
1127 1254 1237 1300 ὥστε
1267 1256 1370 1307 τούς
1395 1259 1579 1315 οἷπείρως
1605 1257 1778 1317 ἔχοντας

321 1322 396 1376 τῆς
421 1323 498 1363 τοῦ
521 1323 681 1377 χωρίου
708 1324 868 1372 θέσεως
890 1323 1142 1378 ἀναβοῆσαι,
1175 1319 1244 1366 οἷα
1274 1322 1327 1379 δὴ
1354 1326 1431 1366 τοῦ
1457 1324 1578 1380 ἡλίου
1604 1323 1683 1380 τὴν
1709 1325 1779 1367 ἔνι-ό

321 1388 471 1429 αντίαν
510 1389 763 1440 ποιουμένου
804 1390 979 1444 πορείαν
1019 1389 1093 1430 καί
1132 1390 1253 1444 ἕτερα
1298 1387 1416 1446 παρὰ
1446 1387 1497 1432 τοὶ
1526 1391 1781 1432 καθεστῶτα·

319 1454 595 1507 σημαίνοντος
611 1484 621 1496 .
676 1449 760 1494 mind
809 1453 856 1495 δὲ
896 1454 972 1508 τῆς
998 1454 1075 1497 τοῦ
1101 1452 1234 1494 τόπου
1263 1453 1508 1509 α’νωμαλίας
1530 1456 1602 1499 ἒπὶ
1624 1456 1781 1510 οἷνατο-’

320 1515 400 1567 λὰς
426 1518 555 1559 ἐκεῖνο
567 1515 614 1559 τὸ
628 1520 758 1574 μέρος
785 1516 931 1572 ἔβλεπε
945 1518 1018 1574 τῆς
1047 1517 1174 1562 ὅδοῧ.
1199 1517 1306 1572 μετὰ
1326 1520 1374 1561 δὲ
1411 1519 1489 1575 τὴν
1529 1518 1836 1578 δυσχωρίαναᾶ

321 1584 368 1626 ἐν
395 1584 524 1640 πεδίῳ
551 1585 625 1625 καί
654 1580 771 1640 αύτῷ
797 1583 954 1625 ὖλοόδει
980 1583 1332 1640 παραγινόμεθα.
1359 1586 1551 1628 ἐντεῦθεν
1565 1587 1778 1641 βάρβαροι

323 1652 530 1705 πορθμεῖς
554 1650 600 1691 ἐν
615 1647 799 1705 σκάφεσι
816 1649 1082 1703 μονοξύλοις,
1112 1646 1218 1706 οἵπερ
1242 1648 1368 1692 αὖτοὶ
1394 1651 1548 1706 δένδρα
1574 1652 1779 1704 ἐκτέμνον-

324 1729 390 1763 τες
430 1715 505 1756 καί
541 1714 841 1771 διαγλύφοντες
880 1714 1290 1768 κατασκευάζουσιν,
1331 1716 1526 1769 ἐδέχοντο
1563 1715 1678 1771 ἡμᾶς
1707 1715 1783 1759 καί

419 1805 452 1839 3.
479 1806 637 1850 καθαρῷ
664 1803 841 1846 Cantocl„
865 1804 1023 1850 καπαρῷ
1047 1804 1140 1849 vulg.
1228 1805 1261 1838 5.
1287 1805 1364 1842 τῶν
1386 1805 1439 1846 Β.,
1461 1795 1532 1843 τᾶν,
1553 1806 1648 1852 vulg.
1726 1807 1780 1843 15,

418 1848 576 1896 διαφαν.
602 1851 710 1896 vulg„
735 1850 759 1892 ἤ
780 1851 851 1884 τοῦ
874 1851 931 1893 ἦλ.
961 1852 1054 1884 coni.
1079 1852 1117 1884 B.
1217 1853 1269 1886 18.
1295 1854 1538 1888 κατεναντίον
1561 1851 1675 1899 ὤφθη
1695 1854 1783 1899 post
1810 1851 1814 1853 ’

416 1898 654 1944 ποιουμένου
681 1898 792 1932 iterat
813 1898 907 1942 vulg.
955 1907 1141 1944 παραγεν.
1168 1897 1264 1944 vulg.

326 1977 434 2024 groti.
481 1977 593 2010 Paulo
625 1977 769 2023 longius
805 1988 827 2009 a
851 1977 1002 2020 flumine
1038 1977 1086 2011 ad
1116 1988 1229 2013 vacua
1266 1977 1346 2012 loca
1374 1977 1779 2026 divertentes,·(omnia

330 2026 430 2058 enim
462 2025 555 2057 circa
584 2024 699 2068 ripam
731 2028 833 2058 erant
865 2025 975 2069 plena
1001 2025 1143 2059 ossibus
1169 2035 1307 2067 eorum,
1330 2026 1394 2071 qui
1418 2024 1517 2059 bello
1542 2023 1779 2071 ceciderant‚)

328 2070 511 2116 postridie
535 2070 581 2103 ad
605 2070 836 2114 Agintheum,
861 2071 1046 2116 copiarum
1070 2073 1110 2104 in
1135 2072 1280 2114 Illyrico
1308 2071 1456 2112 ducem,
1481 2070 1546 2116 qui
1570 2081 1646 2103 non
1669 2070 1778 2116 longe

331 2117 491 2150 aNaisso
513 2116 718 2158 habitabat,
742 2118 968 2158 accessimus,
993 2122 1046 2159 ut,
1069 2117 1215 2151 traditis
1242 2118 1474 2162 Imperatoris
1501 2116 1692 2158 mandatis,
1716 2127 1779 2150 re-

332 2164 532 2207 ciperemus
558 2163 604 2197 ab
629 2175 671 2197 eo
694 2165 857 2210 quinque
879 2164 1102 2208 transfugas,
1128 2165 1193 2210 qui
1216 2163 1472 2208 septemdecim
1495 2173 1706 2205 numerum,
1731 2163 1780 2198 de

334 2209 467 2255 quibus
509 2209 555 2244 ad
586 2209 737 2242 Attilam
773 2211 981 2255 scripserat,
1008 2210 1204 2256 explerent.
1253 2210 1445 2244 Hominem
1469 2209 1579 2254 igitur
1603 2210 1780 2243 conveni-

331 2267 433 2296 mus,
448 2254 496 2290 'et
521 2256 686 2302 quinque
707 2257 879 2300 profugos
904 2257 1055 2291 Hunnos
1083 2256 1225 2292 tradere
1244 2257 1494 2305 praecepimus
1509 2280 1519 2296 ‚
1544 2266 1635 2300 quos
1658 2256 1779 2294 verbis

333 2303 562 2342 consolatus,
595 2301 786 2336 nobiscum
823 2302 972 2337 dimisit.
1021 2303 1135 2337 Nocte
1171 2307 1373 2344 transacta,
1403 2313 1425 2336 a
1446 2302 1631 2336 montibus
1657 2301 1779 2337 Naissi

332 2349 467 2381 Istrum
504 2359 627 2383 versus
658 2354 870 2395 pergentes,
907 2349 946 2382 in
971 2355 1158 2396 angustam
1192 2349 1392 2385 convallem
1427 2359 1493 2393 per
1518 2347 1688 2394 obliquos
1711 2348 1780 2394 ile-

331 2405 401 2429 xus
430 2400 468 2427 et
491 2394 660 2427 circuitus
685 2396 818 2430 multos
844 2395 1051 2430 deferimur.
1100 2396 1169 2430 Hic
1187 2405 1267 2429 cum
1286 2396 1324 2429 in
1342 2406 1383 2430 ea
1405 2394 1580 2439 opinione
1600 2405 1778 2437 essemus,

333 2441 428 2474 utin
446 2451 609 2474 occasum
624 2442 693 2474 iter
709 2441 859 2476 tendere
873 2442 1159 2476 existimaremus
1170 2467 1180 2483 ,
1196 2442 1412 2486 simulatque
1426 2441 1562 2480 illuxit,
1585 2442 1640 2474 sol
1658 2442 1780 2475 exori-

337 2497 402 2520 ens
421 2497 498 2520 sese
510 2498 555 2519 ex
573 2486 724 2521 adverso
735 2488 850 2522 oculis
875 2490 1007 2522 nostris
1029 2489 1173 2522 obiecit.
1200 2488 1326 2533 Itaque
1339 2487 1403 2533 qui
1416 2487 1487 2520 loci
1502 2487 1610 2520 situm
1631 2486 1780 2532 ignora-

336 2533 441 2573 bant,
467 2533 674 2574 exclamare,
698 2538 870 2581 tanquam
898 2535 954 2569 sol
969 2535 1189 2569 contrarium
1206 2535 1314 2567 solito
1335 2545 1478 2568 cursum
1502 2533 1714 2575 conficeret,
1739 2538 1778 2568 et

340 2578 575 2622 abhorrentia
599 2590 618 2612 a
630 2581 828 2615 constituto
843 2592 961 2615 rerum
982 2581 1109 2615 ordine
1128 2581 1345 2626 designaret:
1371 2579 1434 2613 sed
1448 2582 1599 2625 propter
1618 2579 1690 2612 loci
1708 2580 1776 2625 ‘in-

340 2626 607 2672 aequalitatemx
622 2627 680 2658 via
707 2638 748 2660 ea
773 2633 875 2671 parte
902 2627 949 2660 ad
973 2628 1159 2661 Orientem
1183 2631 1331 2671 spectat.
1379 2626 1431 2659 Ex
1465 2627 1531 2660 illo
1564 2624 1706 2659 difficili
1738 2630 1776 2659 et

341 2672 455 2706 arduo
481 2673 560 2705 loco
592 2672 636 2705 ad
668 2674 773 2717 plana
797 2679 834 2706 ct
862 2674 1040 2718 uliginosa
1059 2673 1279 2707 devenimus.
1328 2672 1395 2705 Hic
1412 2683 1476 2706 nos
1498 2672 1641 2706 barbari
1659 2672 1775 2716 porti*

343 2724 439 2753 tores
477 2720 516 2753 in
541 2717 679 2764 scaphis
719 2719 825 2755 unico
850 2720 948 2764 ligno
976 2719 1246 2761 constantibus,
1283 2729 1369 2765 quas
1398 2718 1589 2754 arboribus
1609 2717 1776 2754 sectis-et
