1924 3164
335 156 449 218 600
543 175 627 214 PH.
654 171 843 213 Limam
870 170 996 212 Nor.
1025 172 1079 211 ιΝ
1105 170 1221 212 ECL.
1247 171 1586 213 THEOPHANIS
1614 172 1730 212 ssYz.

334 288 426 327 que.
481 274 634 312 Verum
659 271 759 310 mihi
791 269 1119 324 temperandum,
1150 284 1202 309 ne
1229 278 1418 310 annotata
1437 278 1574 311 nostra
1605 273 1770 311 nimiam

338 335 567 368 excrescant
585 329 627 364 in
661 325 823 363 molem.
1102 338 1104 340 ’
1752 339 1766 370 .,·

442 383 548 433 Pag.
571 380 692 419 23.B.
711 378 826 432 [486‚
845 376 926 432 ¹9⁸]
958 378 1145 418 Clzosroe‘s
1171 378 1308 417 Daras
1345 388 1608 432 oppugnatam
1623 380 1768 419 urbem

333 437 448 491 cepit.
490 434 738 473 Biclariensis
751 433 888 471 Abbas
901 434 941 471 in
954 433 1151 471 Chronico
1169 432 1420 486 praepostere
1441 436 1771 486 expugnationem

332 491 456 530 huius
495 489 667 527 civitatis
691 487 766 537 sub
802 501 908 526 anno
958 488 1099 526 Iustini
1138 495 1279 527 octavo
1318 486 1510 537 collocat,
1562 495 1772 541 postquam

333 546 415 583 iam
445 542 496 582 ab
517 557 623 582 anno
648 544 690 581 in
721 542 907 581 morbum
933 542 1157 590 incidisset,
1186 543 1279 597 qui,
1306 549 1352 580 ut
1375 543 1429 579 ait
1444 570 1455 591 ‚
1489 542 1539 579 ab
1564 543 1656 581 aliis
1681 544 1769 597 qui-

333 599 425 638 dem
448 598 598 637 cerebri
617 599 758 646 motio,
783 597 833 635 ab
851 597 943 635 aliis
967 597 1198 635 daemonum
1220 598 1382 634 veoeatz'o
1405 596 1629 650 putabatur.
1682 597 1770 636 Eu-

334 654 469 705 agrius
515 653 645 702 enim‚
689 652 904 690 Simocatta
943 658 983 689 et
1013 651 1256 704 Nicephorus
1300 657 1525 700 testantur,
1564 664 1609 689 ex
1644 652 1768 690 nimio

335 705 475 745 dolore
503 706 553 745 de
567 707 686 746 Daris
716 706 840 758 captis
869 712 1060 758 concepto
1078 734 1089 755 ‚
1126 713 1209 743 tam
1235 704 1393 743 insolita
1411 705 1640 743 infirmitate
1675 719 1773 744 con-

336 774 496 799 cussum
517 760 651 800 fuisse.
708 760 814 800 Vide
856 767 896 798 et
930 774 1032 813 quae
1050 774 1096 799 ex
1126 758 1375 813 Theophane
1395 760 1629 799 Confessore
1650 758 1772 812 paulo

337 822 429 854 ante
455 817 498 854 in
527 815 705 853 medium
724 814 945 853 attulimus.
1496 832 1498 835 ·

445 869 585 922 Atque
615 869 715 908 haec
756 869 1043 908 schediasmata
1084 881 1106 907 e
1134 866 1269 906 multis
1297 866 1421 907 electa
1451 868 1568 920 aequi
1594 867 1772 920 bonique

336 922 519 963 consulat
548 924 742 963 candidus
777 923 925 973 lector,
947 936 1076 976 quae,
1099 929 1284 961 currente
1311 921 1447 974 praelo
1473 929 1512 961 et
1539 922 1774 975 urgentibus

334 979 467 1031 operis
498 978 810 1031 typographicis,
857 978 961 1017 inter
997 977 1130 1017 varias
1162 978 1439 1028 occupationes
1483 983 1522 1015 et
1557 983 1774 1029 apparatus

335 1034 465 1072 nostri
505 1032 814 1071 delineationem
846 1034 1018 1085 primam
1045 1032 1192 1084 raptim
1230 1031 1596 1083 deproperavimus.
1661 1031 1770 1080 Quid

333 1086 444 1139 quod
472 1094 632 1139 paratas
671 1091 791 1138 etiam
819 1088 862 1124 in
889 1087 1036 1125 Suidae
1066 1087 1263 1138 Excerpta
1296 1086 1513 1138 Byzantina
1546 1085 1772 1123 annotatio-

333 1154 406 1180 nes
434 1140 809 1195 emendationesque
833 1149 989 1180 nostras
1012 1140 1132 1179 modo
1163 1140 1389 1193 plaecidere
1410 1169 1421 1190 ‚
1446 1147 1564 1192 atque
1588 1141 1628 1177 in
1661 1139 1772 1178 aliud

337 1201 496 1247 tempus
519 1195 679 1235 differre
709 1196 913 1249 cogimur,
944 1209 996 1234 ne
1028 1193 1250 1233 multorum
1276 1196 1377 1234 votis
1405 1201 1627 1246 exoptatam
1651 1195 1771 1246 primi

333 1247 457 1288 huius
491 1249 954 1303 Constantinopolitanae
982 1250 1172 1288 historiae
1201 1248 1416 1288 voluminis
1447 1249 1659 1287 editionem
1681 1249 1773 1286 dnu-

333 1304 515 1343 turniore
554 1318 667 1344 mora
700 1304 904 1344 retardare
940 1305 1163 1343 videamur.
1223 1305 1289 1342 Tu
1316 1304 1493 1356 quisquis
1519 1303 1618 1341 haec
1648 1302 1770 1355 legis,

335 1358 427 1397 fave
447 1386 459 1408 ,
491 1365 530 1398 et
567 1372 639 1398 suo
688 1359 851 1399 demum
869 1389 880 1409 ‚
918 1361 950 1399 si
979 1359 1089 1398 Deus
1118 1357 1272 1398 dederit
1288 1389 1300 1408 ,
1328 1365 1507 1411 tempore
1545 1357 1660 1411 plura
1685 1364 1771 1396 ma—

336 1412 501 1465 ioraque
535 1426 559 1451 a
589 1411 705 1454 nobis
731 1420 926 1467 exspecta.
