1838 3210
399 211 471 251 DE
508 206 794 250 EXCERPTIS
833 203 1200 248 LEGATloNUM.
1369 200 1510 249 XXXV

75 315 184 357 ‘male
212 330 236 354 a
264 312 394 354 Paulo
421 314 602 352 Diacono
632 312 707 351 sub
741 312 963 350 Iustiniano
991 312 1171 364 principe
1196 311 1292 364 poni
1322 321 1486 366 apparet
1500 327 1514 352 ε

81 380 387 432 absolutumque
427 378 547 418 fuisse
579 391 768 431 magnum
797 377 1077 430 grammaticae
1114 390 1259 430 corpus
1293 386 1386 419 ante
1419 381 1510 421 Cos.

84 447 332 487 Mavortium
348 475 359 496 ,
392 459 430 483 a.
462 443 585 498 527.:
621 443 767 496 quippe
801 457 881 495 quo
908 442 1071 481 consule
1098 442 1220 482 codex
1258 445 1364 484 unde
1390 450 1518 486 nostri

82 513 252 552 derivati
293 518 387 550 sunt
400 539 411 558 ,
457 509 745 561 subscriptione
775 514 876 561 teste
896 537 909 560 ‚
943 509 1112 562 scriptus
1140 509 1215 560 sit,
1253 523 1326 563 per
1362 510 1514 553 litteras

76 592 146 618 ⁴me
171 578 328 616 monuit
354 575 407 615 cl.
437 575 750 614 Lindemannus.

192 645 256 682 De
265 643 463 691 carmine,
485 641 648 693 eiusque
667 640 803 679 codice
817 640 936 678 unico
955 639 1140 678 Bobiensi
1158 641 1357 681 Viennam
1375 643 1513 696 allato,

77 724 138 749 ·ex
163 723 246 762 quo
263 707 480 747 Claudium
507 706 777 756 Sacerdotem,
809 705 986 757 aliosque
1010 705 1059 743 de
1071 706 1338 747 Grammatica
1355 708 1514 758 libros,

86 790 110 814 a
135 775 233 814 viris
264 773 428 827 egregiis
455 773 772 824 doctissimisque
799 770 1043 824 flagitamu5‚
1088 785 1209 823 penes
1247 787 1347 826 quos
1378 790 1517 816 eorum

85 840 331 880 edendorum
361 841 424 877 ius
452 845 534 888 est,
565 845 604 877 et
631 837 800 876 ornandi
829 835 1036 889 splendida
1064 835 1244 885 facultas,
1264 862 1316 867 —
1334 854 1408 879 cur
1430 850 1521 895 post

87 905 137 947 cl,
162 904 451 947 Endlicherum
479 902 582 942 nihil
614 903 777 943 afferam
792 932 804 954 ‚
834 902 913 940 iam
939 916 1059 955 supra
1082 904 1303 955 expositum
1330 913 1404 945 est.

198 1118 495 1172 Excerptorum
523 1116 573 1155 de
604 1115 891 1170 legationibus,
923 1130 1024 1169 quae
1052 1120 1340 1170 grammaticis,
1379 1124 1522 1175 quibus

88 1186 148 1224 rei
188 1198 285 1222 cura
324 1198 348 1222 a
386 1182 648 1221 Constantino
685 1181 1032 1234 Porphyrogenito
1074 1184 1262 1223 mandata
1299 1194 1359 1225 est
1377 1217 1389 1238 ‚
1426 1189 1526 1243 περὶ

90 1249 307 1303 πρέσβεων
323 1279 334 1298 ,
363 1262 446 1287 non
473 1243 573 1300 περὶ
598 1245 852 1299 πρεσβειῶν,
882 1247 1098 1285 inscribere
1124 1247 1300 1301 placuit,
1327 1255 1525 1297 rationem

78 1315 323 1369 ·explical·e⁷,
350 1327 481 1366 neque
517 1310 692 1351 alienum
725 1313 801 1350 erit
844 1326 868 1350 a
905 1314 1109 1365 prooemio
1136 1313 1256 1354 huius
1281 1317 1523 1374 voluminis,

89 1382 203 1420 cuius
239 1394 331 1434 pars
368 1379 485 1432 longe
521 1379 693 1417 maxima
731 1392 777 1417 ex
819 1376 898 1416 illis
933 1384 1111 1417 constat:
1158 1393 1290 1433 neque
1320 1386 1523 1439 otiosum3

89 1461 214 1500 quum
227 1476 238 1498 ,
277 1446 411 1485 nescio
438 1458 519 1499 quo
547 1458 640 1483 casu
653 1474 663 1492 ‚
710 1458 735 1483 a
761 1444 922 1483 nemine
936 1474 947 1493 2
996 1451 1192 1498 quantum
1229 1448 1328 1488 mihi
1363 1453 1526 1505 ‘Inidem

87 1512 262 1551 innotuit
278 1541 289 1563 ‚
316 1511 434 1565 plene
463 1517 668 1564 perspecta
696 1510 762 1549 sit·

172 1578 253 1617 Ista
265 1584 446 1630 excerpta
465 1575 588 1615 edidit
605 1575 867 1615 Hoeschelius
884 1590 906 1615 e
921 1575 1079 1616 duobus
1098 1577 1300 1620 codicibus
1321 1596 1332 1620 ε
1355 1582 1526 1636 Schotti,

0 1638 32 1664 '⁶1
89 1658 209 1698 quem
235 1657 343 1681 nunc
370 1642 515 1681 nullibi
543 1655 773 1695 comparere
801 1641 883 1680 dixi
911 1657 1056 1695 supra3
1087 1650 1126 1681 et
1153 1645 1346 1686 Bavarico
1363 1678 1374 1695 ‚
1406 1664 1527 1702 quem

90 1709 258 1749 Boicum
283 1715 402 1747 vocat
421 1737 434 1759 ‚
474 1708 543 1761 qui
571 1709 614 1746 in
645 1709 875 1747 Monacensi
903 1708 1146 1748 bibliotheca
1174 1712 1283 1764 regia
1313 1721 1437 1754 exstat
1452 1746 1462 1763 ,
1504 1732 1528 1756 a

90 1773 468 1827 Schweighaeusero
483 1803 495 1824 ‚
525 1787 567 1812 v.
599 1773 651 1812 cl.
667 1803 679 1823 ,
712 1773 763 1812 ad
785 1774 1018 1827 Appianum
1046 1774 1342 1830 Polybiumque
1369 1780 1529 1820 adhibi..

12 1846 24 1862 ⁷
79 1848 155 1879 'tus
168 1854 180 1878 ε
200 1853 339 1878 eorum
356 1846 488 1877 autem
505 1838 603 1878 haec
621 1840 793 1877 invicem
809 1841 911 1878 ratio
931 1847 1032 1889 erat,
1050 1847 1096 1879 ut
1108 1841 1347 1882 Schottanus
1366 1847 1530 1898 quidem

92 1906 227 1945 omnia
243 1904 574 1957 complecteretur
589 1933 600 1954 ‚
621 1918 645 1942 a
661 1904 853 1942 Bavarico
870 1905 1062 1956 praefatio
1079 1935 1090 1952 ‚
1122 1913 1241 1958 atque
1259 1907 1327 1946 illa
1348 1909 1531 1950 abessent

92 1985 194 2025 quae
224 1969 354 2008 editor
376 1976 534 2008 tantum
563 1983 585 2007 c
606 1969 758 2007 Schotti
780 1969 915 2007 codice
941 1983 982 2007 se
1002 1970 1123 2020 dare„
1156 1972 1199 2008 in
1223 1971 1388 2012 elencho
1411 1990 1531 2028 quem

95 2043 187 2089 post
204 2035 493 2074 dedicationem
516 2036 678 2087 posuit,
708 2033 934 2086 profitetur.
971 2034 1074 2072 Sunt
1091 2042 1224 2074 autem
1251 2036 1318 2076 illa
1345 2053 1426 2078 non
1458 2042 1531 2080 ad-

97 2102 409 2141 ditamentorum
437 2099 526 2139 loco
541 2129 552 2150 ‚
582 2107 627 2138 ut
654 2099 831 2138 codicem
846 2100 1084 2138 Bavaricum
1112 2099 1266 2140 librarii
1293 2102 1444 2144 desidia
1470 2114 1532 2146 tot

15 2174 36 2198 4*
96 2166 278 2220 capitulis
316 2165 547 2205 mutilatum
571 2165 691 2204 fuisse
719 2165 879 2203 credere
906 2167 1054 2218 possis,
1090 2179 1232 2205 verum
1259 2167 1310 2206 ab
1338 2169 1401 2208 his
1429 2186 1532 2225 quae

96 2233 162 2272 ille
201 2232 322 2271 habet
360 2239 540 2285 separata
556 2262 567 2280 ‚
613 2231 830 2284 eodemque
868 2231 1008 2269 ordine
1035 2245 1059 2269 a
1085 2231 1178 2270 libri
1219 2233 1332 2272 initio
1368 2235 1419 2274 ad
1446 2238 1531 2277 eius

22 2287 27 2318 3
97 2298 217 2337 finem
250 2297 590 2351 progrediuntur3
619 2305 738 2350 atque
765 2297 843 2336 hoc
871 2298 976 2335 inter
993 2311 1034 2335 se
1051 2296 1239 2336 differunt
1265 2300 1398 2352 quod,
1427 2317 1531 2355 quae

96 2365 139 2402 in
166 2363 357 2402 Bavarico
385 2369 563 2414 exstant,
591 2362 642 2401 de
668 2362 931 2419 legationibus
957 2361 1008 2400 ad
1027 2362 1228 2402 Romanos
1245 2366 1373 2404 missis
1392 2376 1531 2420 agunt,

98 2442 202 2482 quae
218 2429 269 2467 ab
289 2428 358 2467 illo
379 2428 524 2467 absunt
537 2459 547 2476 ‚
579 2428 628 2466 de
656 2429 704 2467 iis
731 2442 829 2481 quas
846 2428 1018 2466 Romani
1034 2427 1085 2466 ad
1100 2428 1296 2468 Barbaros
1322 2433 1532 2474 miserunt.

101 2495 356 2547 Quapropter
370 2494 491 2533 codex
509 2493 577 2532 ille
589 2489 686 2545 περὶ
707 2492 922 2545 πρέσβεων
950 2491 1085 2532 ἐθνῶν
1115 2493 1199 2547 (vel
1210 2493 1403 2551 ἐθνικῶν)
1432 2495 1535 2551 πρὸς

95 2557 338 2609 “Ρωμαιὀυς
376 2559 606 2598 inscribitur
623 2557 672 2609 ⁵⁶)
691 2588 703 2610 ,
731 2558 924 2612 praefatio
967 2565 1100 2597 autem
1139 2574 1241 2612 quae
1272 2561 1341 2600 illa
1375 2565 1536 2615 respicit

102 2639 205 2678 quae
232 2625 383 2664 Schotti
412 2625 532 2664 codex
561 2625 668 2664 solus
696 2624 882 2678 praebuit
902 2653 914 2673 ‚
951 2624 1111 2663 titulum
1146 2627 1339 2678 XXVII„
1370 2630 1534 2681 eiusque

105 2690 306 2729 rubricam
344 2687 443 2742 περὶ
474 2689 686 2743 πρέσβεων
716 2685 942 2739 εΡωμαίων
972 2686 1076 2743 πρὸς
1116 2688 1308 2738 ἐθνικοὺς
1347 2693 1532 2734 exhibet:

131 2787 194 2830 56)
222 2786 414 2832 Schweigh.
441 2788 552 2832 praef.
581 2787 626 2820 ad
650 2788 690 2822 T.
715 2788 765 2823 11.
794 2787 935 2830 polybii
958 2798 995 2833 p,
1020 2788 1110 2823 XVI.
