1924 3164
300 138 416 208 468
774 183 777 186 .
875 150 1154 198 EXCERPTA

111 266 149 299 A.
165 264 286 310 C.423
299 260 371 314 τῆς
398 261 495 315 πρίν
525 260 670 316 φιλίας
694 258 872 310 μίσους,
904 258 965 305 εἷς
991 255 1487 309 ΒυζάντιονΠλακιδία,
1515 259 1591 299 τοῦ
1611 257 1734 299 ἀδελ-

99 312 282 394 llodgrduss
294 327 380 380 φοῦ
407 321 775 379 ὑπερισχύσαντος,
807 320 886 364 σὺν
914 328 999 375 τοῖς
1032 323 1198 371 οἰκείοις
1224 322 1367 371 παισίν
1395 323 1637 378 ἑξοριζεται.
1664 325 1737 365 καὶ

225 384 232 391 ’
258 371 416 444 9μόνος
445 387 552 446 αὔτῇ
579 387 846 444 Βονηφάτιος
872 386 925 430 τὰ
951 388 1076 431 πιστὰ
1104 388 1338 444 φυλάττων,
1368 384 1451 429 dud
1491 389 1565 442 τῆς
1587 388 1733 445 Ἀφρι-

255 458 377 511 Βκῆς,
409 450 458 511 ἧς
485 450 604 510 ἦρχε,
632 456 706 496 καί
720 451 922 509 χρήματα
949 453 1006 502 ῶς
1032 454 1208 496 ἐδύνατο
1236 452 1404 506 ἔπεμπε,
1433 452 1507 494 καί
1530 451 1633 509 πρὸς
1659 450 1734 509 τήν

293 517 422 576 ἄλλην
451 519 577 570 αὐτὸς
602 518 779 562 ἔσπευδε
800 519 1045 575 θεραπείαν.
1097 517 1270 575 ὕστερον
1299 521 1345 563 δὲ
1373 521 1447 562 καί
1475 520 1534 570 εἰς
1557 517 1632 575 τὴν
1663 521 1774 574 τῆςό

290 588 511 642 βασιλείας
533 584 744 641 α’νάληψιν
772 581 940 626 ἅπαντα
970 587 1238 639 συνεβάλετο.

124 658 162 691 A.
177 659 212 692 C.
227 658 295 704 423
397 648 495 694 τὈτι
518 649 722 707 “Ονώριος
769 648 950 708 ὖδερικῷ
971 651 1190 705 νοσήματι
1216 649 1364 704 ἁλοὺς,
1387 651 1466 705 πρὸ
1515 653 1558 702 ἓξ
1585 655 1746 693 καλαν-,

292 721 377 761 δῶν
405 717 703 772 Σεπτεμβρίων
729 717 910 773 τελευτᾷ·
949 717 1266 769 καίπέμπονται
1287 715 1514 772 γράμματα
1541 714 1647 772 πρὸς
1663 714 1738 771 τὴν

291 781 520 837 ἀνατολὴν,
547 780 621 823 τὸν
647 781 855 835 βασιλέως
895 778 1077 825 θάνατον
1103 782 1328 837 μηνύοντα.
1384 785 1439 828 ε’ν,
1457 777 1497 843 ᾧ
1530 783 1577 824 δὲ
1603 784 1737 830 ταῦτα

290 850 534 902 ἐπέμποντο,
558 844 752 902 Ἰωάννης
789 863 853 896 τις
891 848 1150 902 αὕθεντήσας
1191 854 1401 903 τυραννεῖ·
1465 850 1532 904 ἐφ’
1574 842 1628 889 οὗ
1663 847 1791 899 :cailo

290 917 367 970 τῆς
394 910 667 971 ἆναρῥήσεως
691 914 920 969 γινομένης,
935 910 1103 970 ἐρ’ῥήθη
1134 909 1273 970 ῶσπερ
1304 910 1385 955 dub
1411 929 1522 964 τινος
1549 909 1739 970 προᾷῥή-

291 996 396 1030 σεως
425 982 652 1036 προαχθέν·
680 978 847 1032 ,,πι’πτει
868 1012 880 1032 ,
912 975 959 1021 οὗ
990 976 1167 1035 στήκει.”
1226 981 1298 1021 καί
1321 977 1366 1022 τὸ
1398 982 1559 1034 πλῆθος
1597 976 1737 1033 ῶσπερ

291 1042 546 1094 ἀναλύοντες
573 1043 644 1086 ἐπὶ
666 1043 716 1086 τὰ
743 1044 875 1101 ῥηθὲν
917 1044 1202 1101 α’ναφωνοῦσι·
1242 1045 1436 1100 ,,στη’κει,
1467 1046 1520 1086 ου’
1559 1045 1738 1087 mittet?

392 1108 495 1154 “On
532 1108 795 1167 Βονηφάτιος
847 1109 952 1166 ἀνὴρ
995 1106 1047 1166 ἦν
1089 1109 1268 1167 ἡρωϊκὸς
1303 1109 1376 1152 καί
1422 1108 1529 1152 κατὰ
1576 1112 1742 1166 πολλῶν

231 1177 495 1225 ;(Σπολλάκις
537 1174 764 1231 βαρβάρων
809 1172 1052 1231 ἠρίστευσεν
1074 1208 1086 1230 ,
1143 1173 1290 1219 ἄλλοτε
1343 1177 1421 1230 μὲν
1460 1174 1539 1218 σὸν
1585 1167 1793 1231 ὀλίγοιςῷ

292 1241 583 1299 ἐπερχόμενος,
612 1237 755 1282 ἄλλοτε
785 1242 831 1282 δὲ
858 1242 931 1282 καί
952 1241 1029 1283 σὺν
1057 1242 1257 1296 πλείοσιν,
1287 1244 1414 1285 ἐνίοτε
1443 1243 1490 1283 δὲ
1517 1243 1591 1283 καί
1615 1258 1741 1296 μονο-

292 1310 458 1363 μαχῶν,
512 1308 587 1349 καὶ
621 1306 761 1355 ἅπλῶς
803 1307 943 1358 εἰπεῖν,
981 1307 1108 1347 παντὶ
1142 1308 1282 1362 τρόπῳ
1313 1310 1477 1351 πολλῶν
1512 1307 1741 1364 βαρβάρων

292 1374 368 1416 ’καί
394 1374 615 1429 διαφόρων
657 1373 791 1413 ἐθνῶν
817 1369 1028 1425 ἀπήλλαξε
1051 1369 1125 1426 τὴν
1149 1372 1367 1427 Ἀφρικήν.
1422 1370 1476 1428 ἦν
1504 1376 1550 1415 δὲ
1577 1375 1650 1415 καί
1675 1375 1740 1429 δι-

293 1436 516 1493 καιοσύνης
543 1435 729 1495 ἐραστὴς,
757 1435 831 1478 καί
851 1433 1083 1491 χρημάτων
1107 1438 1314 1492 κρείττων.
1368 1437 1564 1492 ἐπράχθη
1583 1440 1630 1480 δὲ
1658 1439 1738 1480 αὔ-

292 1508 352 1563 τῷ
379 1504 457 1546 καί
477 1520 518 1545 τι
546 1504 751 1544 τοιοῦτον.
819 1498 922 1556 ἁνήρ
953 1517 1017 1549 τις
1047 1496 1249 1556 ἄγροικος,
1279 1499 1387 1555 ἔχων
1425 1503 1639 1553 ἀνθοῦσαν
1662 1508 1791 1557 yv-20

291 1576 416 1613 ναῖ’κα
443 1567 519 1624 τὴν
546 1565 682 1623 ῶραν,
715 1564 797 1608 ὖπό
823 1582 931 1614 τινος
958 1568 1040 1607 τῶν
1080 1565 1316 1620 συμμάχων
1355 1566 1585 1622 βαρβάρων
1622 1567 1738 1621 ἐμοι-

289 1633 454 1689 χεύετο·
510 1634 642 1674 δεῖται
670 1634 893 1687 τοιγαροῦν
922 1631 1216 1686 Βονηφατίου,
1255 1629 1328 1686 τὴν
1356 1628 1481 1687 ὕβριν
1528 1630 1738 1688 ὄλοφυρόα

292 1715 426 1753 μενος.
482 1698 504 1739 ὃ
535 1699 581 1740 δὲ
609 1694 877 1753 Βονηφάτιος
903 1695 1056 1750 μαθών
1086 1697 1131 1739 τὸ
1163 1694 1372 1752 διάστημα
1398 1697 1474 1738 τοῦ
1502 1695 1633 1749 τόπου
1664 1699 1740 1746 καί

294 1815 342 1850 ob
369 1826 428 1849 eas
452 1810 552 1860 ¹ipsas
585 1813 794 1848 inimicitias
830 1819 866 1847 et
892 1814 1004 1858 priori
1030 1815 1141 1847 amori
1172 1824 1238 1859 par
1266 1824 1363 1847 nunc
1397 1813 1520 1849 odium
1556 1815 1736 1851 Constan-

294 1862 503 1906 tinopolim
519 1861 696 1902 placidia,
720 1861 831 1894 fratre
859 1861 1100 1905 praevalente,
1126 1872 1207 1893 enm
1232 1860 1359 1893 liberis
1384 1861 1581 1908 ablegatur.
1630 1864 1735 1897 Solus

293 1908 501 1942 Bonifacius
526 1908 635 1941 fidem
659 1908 715 1940 illi
749 1918 912 1947 servans,
939 1917 1018 1939 cum
1046 1918 1090 1939 ex
1112 1906 1254 1947 Africa,
1290 1907 1348 1940 cui
1375 1915 1559 1952 praeerat,
1583 1910 1737 1954 pecuni-

295 1966 376 1996 am,
399 1960 440 1989 ut
464 1958 620 1999 poterat,
637 1954 826 1994 submisit,
850 1958 926 1986 tum
951 1953 997 1987 ad
1018 1953 1089 1986 alia
1114 1954 1148 1986 ei
1172 1953 1348 1998 obsequia
1371 1960 1515 1998 praesto
1540 1955 1622 1991 suit.
1660 1955 1736 2002 Qui

295 2007 383 2047 post
408 2001 534 2040 etiam,
570 2006 611 2034 ut
638 2000 685 2033 ad
707 2001 896 2045 imperium
922 1999 1011 2033 haec
1033 1999 1191 2041 rediret,
1216 1999 1311 2033 nihil
1333 2013 1407 2034 non
1430 2001 1517 2035 fecit
1539 2003 1708 2047 tulitque.
1728 2028 1731 2031 >

363 2067 367 2070 -
392 2047 572 2080 Honorius
607 2057 722 2091 aquae
754 2047 943 2079 intercutis
979 2046 1104 2079 morbo
1134 2051 1338 2092 correptus,
1363 2052 1447 2080 ante
1473 2049 1566 2082 diem
1593 2053 1734 2082 sextum

298 2094 482 2128 Kalendas
514 2093 736 2138 Septembris
773 2094 883 2125 vitam
908 2092 1025 2133 finiit,
1061 2092 1266 2138 missaeque
1286 2094 1325 2126 in
1364 2094 1550 2128 Orientem
1587 2095 1733 2139 litterae

297 2141 452 2185 Augusti
487 2146 638 2173 mortem
677 2141 899 2172 nuntiantes.
957 2139 1060 2184 Quae
1087 2139 1171 2171 dum
1204 2140 1298 2173 ultro
1335 2140 1498 2186 citroque
1516 2141 1734 2182 mittuntur,

299 2188 452 2220 Ioannes
482 2186 630 2232 quidam
653 2185 882 2229 tyrannidem
909 2186 1107 2230 occupavit,
1132 2192 1242 2230 atque
1268 2186 1344 2219 eius
1369 2188 1643 2233 inauguratione
1663 2189 1734 2222 im-

298 2235 415 2278 perii,
441 2239 614 2279 tanquam
647 2232 693 2266 ab
729 2233 851 2278 aliquo
877 2232 1019 2264 futurae
1044 2233 1095 2264 rei
1130 2233 1298 2273 oraculo,
1324 2234 1454 2266 iactum
1479 2240 1552 2267 est:
1577 2234 1733 2276 ‚,Ca‹lit‚

299 2290 375 2313 non
394 2279 604 2326 stat:''quod
619 2280 745 2324 vulgus
757 2279 893 2311 dictum
915 2277 1098 2311 invertens
1111 2279 1351 2312 exclamabat:
1373 2278 1488 2321 ‚,Stat,
1506 2291 1580 2314 non
1603 2280 1733 2316 cadit.”

393 2327 602 2360 Bonifacius
637 2327 693 2360 vir
727 2331 803 2358 erat
839 2324 1022 2365 heroicus,
1057 2324 1119 2370 qui
1158 2336 1238 2358 cum
1272 2326 1396 2359 multis
1431 2336 1538 2370 saepe
1562 2328 1732 2371 gentibus

300 2371 464 2406 barbaris
496 2379 640 2406 strenue
673 2372 866 2417 pugnavit,
886 2372 1013 2417 paucis
1047 2370 1229 2404 interdum
1253 2372 1367 2416 copiis
1391 2371 1588 2415 adhibitis,
1615 2375 1732 2408 inter-

305 2420 390 2453 dum
417 2419 596 2464 pluribus,
619 2428 880 2462 nonnunquam
903 2429 987 2451 vero
1013 2421 1050 2450 et
1073 2418 1247 2462 singulari
1271 2419 1482 2453 certamine:
1507 2425 1563 2460 et,
1587 2426 1629 2455 ut
1650 2431 1733 2455 ver-

291 2466 353 2499 ·bo
386 2466 522 2505 dicam,
553 2465 723 2498 barbaras
756 2466 886 2497 multas
918 2464 1105 2508 variasque
1137 2470 1260 2508 gentes
1291 2464 1410 2498 Africa
1432 2467 1582 2511 expulit.
1630 2468 1733 2503 Idem

289 2510 464 2547 iustitiae
487 2511 546 2544 vel
571 2511 744 2556 imprimis
777 2510 959 2544 studiosus
982 2515 1019 2542 et
1042 2510 1224 2544 abstinens
1249 2522 1290 2544 ae
1311 2513 1545 2555 pecuniarum
1570 2520 1732 2549 contem-

302 2564 387 2604 ptor
411 2558 499 2598 fuit,
524 2567 544 2588 a
572 2568 644 2602 quo
669 2559 779 2590 etiam
815 2555 1024 2590 huiusmodi
1046 2556 1243 2602 aliquando
1268 2562 1447 2602 patratum
1472 2559 1622 2593 facinus.
1657 2561 1731 2594 Ru-

304 2606 414 2640 sticus
431 2622 434 2625 ·
452 2603 598 2651 quidam
631 2603 830 2647 praestanti
854 2603 967 2636 forma
986 2614 1134 2637 uxorem
1159 2614 1259 2636 suam
1285 2614 1365 2637 cum
1393 2604 1547 2640 barbaro
1567 2606 1729 2652 quodam

286 2650 326 2685 ⁴e
354 2650 615 2685 confoederatis
639 2650 755 2683 milite
779 2659 1011 2682 consuescere
1035 2650 1218 2694 cognovit:
1242 2650 1380 2694 rogavit
1404 2651 1528 2698 itaque
1550 2653 1730 2688 Bonifaci.

305 2708 385 2739 um,
409 2696 563 2732 dedecus
586 2695 679 2730 illud
702 2695 860 2730 familiae
895 2695 1106 2741 deplorans,
1137 2701 1178 2730 ut
1200 2706 1304 2742 opem
1327 2696 1447 2732 ferret.
1494 2699 1561 2745 ille
1585 2700 1726 2747 cognito

1910 3010 1924 3164 ssm-S.⁴-x·.n.n-m
1919 2980 1924 3006 -.
1914 2914 1924 2967 aa...
1919 2896 1924 2910 ,,
1913 2863 1924 2886 ..Δ
