1924 3164
317 166 429 232 564
680 182 906 222 PHILIPPI
948 177 1135 219 LABBm
1175 175 1357 219 NOTAE

316 286 580 329 Δυναστειάν
629 284 731 323 nihil
777 291 857 331 est,
899 282 1009 335 quod
1038 288 1152 334 cogat
1179 280 1401 332 intelligere
1438 275 1513 331 τὴν
1552 278 1762 331 ἐπαρχίαν

317 343 390 393 τῆς
434 339 591 391 αιῗλῆς,
633 354 727 377 eum
769 337 881 376 nulla
916 337 1024 390 apud
1064 343 1218 375 veteres
1255 341 1407 373 exstent
1434 348 1612 374 summae
1640 335 1760 374 huius

316 397 521 450 dignitatis
560 394 735 433 Eusebio
773 392 941 431 collatae
973 392 1155 443 vestigia.
1212 390 1407 442 Displicet
1443 403 1606 442 quoque
1630 390 1761 428 Inter-

316 453 439 506 pretis
466 451 658 488 decretum
687 448 787 486 illud
809 448 1033 502 publicumz,
1063 459 1206 484 verum
1233 447 1275 482 in
1303 446 1351 482 iis
1380 443 1654 497 similibusque
1681 446 1759 483 mi-

318 507 440 546 nutiis
471 504 754 556 persequendis
781 516 862 540 non
892 504 1100 540 immoror÷
1732 522 1736 531 ,

430 558 534 610 Pag.
562 558 605 598 6.
628 558 680 596 A.
697 556 811 611 [452,
838 556 921 610 ι3.]
945 555 1073 595 Attali
1102 555 1307 609 geminam.
1330 554 1617 606 depositionem
1637 568 1761 607 opera

314 613 529 670 perduellis
570 614 671 668 Jovii
711 619 965 665 procuratam
1011 625 1094 649 non
1122 609 1229 648 solus
1255 616 1392 649 nzu‘rat
1420 607 1759 661 Olympiodorus3

311 676 511 718 ,consonat
540 670 576 706 ei
604 667 669 707 vel
698 668 867 711 maxime
895 668 1077 705 Zosimus
1106 664 1234 703 lib.6.
1265 664 1410 717 aliique
1439 665 1603 715 passim.
1660 664 1760 703 Tiro

316 726 492 776 Prosper
521 724 562 761 in
591 723 737 770 Fas-iis,
770 723 950 760 Honorio
961 721 1018 759 X.
1048 727 1087 758 et
1113 719 1339 757 Theodosio
1367 719 1444 757 Vl.
1476 718 1612 757 Coss.:
1644 718 1761 758 Acta-

315 781 375 818 lus
415 778 497 831 (qui
527 779 730 830 superiore
758 791 864 815 anno
892 778 934 814 in
963 774 1103 813 Galliis
1128 774 1384 827 tyrannidem
1422 777 1703 826 resumpserat)
1732 788 1761 813 a

321 835 459 873 Gothis
486 833 543 871 ad
569 833 792 886 Hispanias
814 831 1068 883 migrantibus
1103 830 1293 881 neglectus
1308 857 1318 876 ‚
1347 837 1385 867 et
1403 829 1605 882 praesidio
1625 843 1762 869 carens

314 890 490 943 capitur,
525 896 563 925 et
583 887 805 926 Constantio
829 886 1003 925 Patricio
1023 885 1137 922 vivus
1161 882 1334 937 offertur.
1394 883 1653 923 Marcellinus
1681 885 1762 923 Co-

317 958 401 983 mes
439 943 612 981 triennio
648 942 776 990 citius,
816 955 937 993 quam
967 954 1039 993 par
1067 946 1178 988 erat,
1207 938 1433 976 Theodosio
1462 938 1563 990 lmp.
1595 939 1648 978 V.
1675 938 1761 978 solo

317 999 407 1037 Cos.
426 998 524 1036 haec
543 997 686 1035 habet:
717 995 874 1035 Attalus
901 997 942 1034 in
980 995 1086 1032 mari
1110 1002 1244 1048 captus
1270 1002 1385 1047 atque
1404 992 1588 1031 Honorio
1606 994 1762 1032 exhibi—

314 1063 375 1092 tus
390 1084 399 1100 ‚
434 1061 613 1091 truncata
630 1066 750 1090 manu
776 1052 882 1089 vitae
922 1050 1075 1088 relictas
1097 1058 1164 1086 est.
1222 1047 1434 1086 Praeclare
1462 1049 1626 1087 omnino
1655 1049 1760 1087 Oro-

317 1110 398 1147 sius
428 1106 499 1145 lib.
525 1103 573 1159 '7.
603 1121 692 1158 cap.
728 1106 979 1158 penultimo:
1025 1103 1135 1158 Quid
1169 1102 1218 1141 de
1249 1103 1512 1154 ityelicissimo
1532 1102 1668 1142 Attalo
1700 1104 1764 1142 lo-

314 1177 420 1217 quar
436 1191 446 1209 ‚
480 1163 544 1199 cui
577 1161 706 1199 occidi
732 1162 834 1199 inter
877 1169 1064 1211 tyrannos
1097 1159 1242 1205 honor,
1282 1167 1321 1196 et
1352 1158 1456 1196 mori
1478 1158 1626 1197 lucram
1640 1158 1763 1210 ficit?

265 1240 267 1243 .
316 1218 369 1255 In
397 1219 467 1255 hoc
491 1215 680 1254 Alaricus
715 1215 960 1269 Imperatore
972 1215 1093 1264 sacto
1111 1243 1121 1259 .,
1160 1214 1300 1264 1'13fecto
1316 1242 1326 1259 ‚
1367 1213 1508 1263 resecto
1539 1226 1586 1250 ac
1614 1214 1763 1264 defi-cto

315 1274 425 1310 citius
451 1272 511 1308 leis
534 1272 708 1309 omnibus
738 1271 834 1308 actis*
861 1283 991 1324 paene
1011 1281 1128 1322 qaam
1159 1268 1272 1306 dictis
1285 1297 1296 1315 ‚
1321 1268 1480 1305 mimum
1498 1268 1610 1313 risit,
1634 1277 1674 1306 et
1700 1268 1762 1307 lu-

317 1326 410 1364 dam
444 1326 635 1379 spectavit
675 1326 847 1379 imperii.
906 1323 1033 1362 Plura
1073 1322 1244 1361 subinde
1268 1322 1543 1374 persequitur,
1590 1323 1762 1374 quaein

318 1380 601 1433 compendium
630 1378 901 1417 aMarcellino
932 1377 1161 1430 Illyriciano
1189 1377 1350 1415 redacta
1378 1376 1642 1415 exhibuimus.
1676 1376 1764 1416 Ele-

317 1443 427 1474 ctum
458 1449 553 1474 vero
597 1447 692 1486 prae
743 1435 882 1472 ceteris
909 1439 1173 1480 memoratum
1202 1431 1302 1469 illud
1331 1431 1514 1483 supplicii
1541 1445 1666 1484 genus
1694 1446 1762 1470 ar-

316 1487 462 1539 bitror,
493 1488 620 1541 quod‚
648 1495 695 1539 ut
725 1502 816 1526 eum
833 1489 993 1526 Zosimo
1010 1516 1020 1533 ‚
1051 1487 1270 1524 Sozomeno
1303 1485 1468 1538 aliisque
1495 1493 1634 1524 narrat
1661 1486 1763 1525 Phi-

317 1544 557 1596 lostorgins‚
589 1543 813 1580 mandasset
841 1542 937 1580 alias
966 1540 1125 1578 Attalus
1155 1541 1335 1578 Honorio
1358 1570 1367 1587 ‚
1397 1537 1469 1578 τὸν
1496 1536 1667 1592 ἰδιώτην
1697 1540 1762 1580 α’ν-

316 1597 521 1648 &st-{offae
547 1594 741 1647 βίου’καί
767 1595 951 1635 τῶντοῦ
979 1591 1169 1644 σώματος
1200 1589 1474 1646 ἀκρωτηρίων.
1514 1594 1565 1648 τῇ
1583 1607 1763 1647 περιτο-

316 1653 378 1706 μῇ
406 1648 482 1704 τὴν
511 1651 587 1698 τοῦ
618 1645 716 1690 ὅλου
744 1649 952 1701 σωτηρίαν
992 1644 1254 1700 ὠνήσασθαι.
1314 1650 1429 1698 Quae
1457 1648 1507 1686 de
1532 1663 1631 1688 vera
1659 1650 1764 1702 digi-

317 1714 454 1745 torum
482 1706 655 1744 duorum
684 1712 753 1743 aut
785 1705 962 1756 integrae
990 1704 1173 1741 dexterae
1201 1704 1439 1742 abscissione
1466 1702 1632 1756 intelligi
1660 1702 1763 1742 nihil

317 1761 648 1814 prohihet,imo
687 1760 728 1797 id
764 1760 934 1797 maxime
972 1758 1186 1810 persuadet
1213 1759 1358 1810 Lipara
1387 1757 1543 1806 insula,
1575 1760 1764 1811 inquam

316 1816 515 1869 relegatus
542 1822 600 1853 est
622 1812 981 1865 ἅκρωτηριασθείς
1003 1812 1174 1861 Attalus,
1207 1813 1402 1865 quidquid
1432 1819 1570 1851 eontra
1599 1814 1764 1866 quidam

318 1871 396 1910 viri
441 1870 549 1908 docti
593 1871 837 1921 scripserint.
907 1868 950 1905 In
982 1867 1090 1905 hune
1128 1881 1222 1920 ergo
1249 1869 1391 1906 merito
1417 1867 1763 1919 quadrabit'illud

317 1925 589 1965 Adonibezeci
619 1925 711 1962 Iud.
750 1937 783 1960 ι.
815 1938 853 1976 7.
876 1937 886 1961 ε
917 1922 1026 1960 Sicut
1034 1923 1129 1972 fici
1137 1952 1147 1969 ‚
1181 1923 1237 1960 ita
1260 1922 1435 1961 reddidit
1463 1923 1563 1960 mihi
1578 1922 1704 1961 Deus.

429 1980 533 2030 Pag.
557 1978 599 2016 6.
619 1980 665 2016 Β.
701 1976 819 2031 [452,
841 1975 927 2029 23.]
960 1975 1197 2014 Alarichum
1237 1977 1498 2029 Campaniam
1531 1977 1764 2030 vicinasque

317 2034 518 2087 Rhegium
544 2047 672 2085 usque
687 2033 935 2071 Bruttiorum
962 2031 1215 2083 metropolim
1233 2039 1406 2070 vastasse
1436 2032 1672 2083 provincias,
1702 2039 1764 2070 te-

317 2096 475 2127 stantur
518 2095 558 2126 et
598 2088 665 2126 alii
693 2087 931 2139 scriptores,
977 2087 1017 2124 S.
1054 2086 1307 2138 Augustinus
1342 2087 1393 2129 de
1438 2086 1606 2130 Civitate
1649 2087 1759 2134 Dei,

316 2142 638 2195 Philostorgins‚
671 2142 861 2180 Iordanes
897 2143 980 2184 sive
1009 2141 1239 2191 lornandes,
1270 2141 1565 2180 Ravennatium
1592 2141 1763 2193 Episco-

317 2212 394 2251 pus
410 2228 420 2245 ‚
455 2197 610 2235 Auctor
632 2195 832 2235 Miscellae
860 2194 932 2237 lib,
955 2196 1034 2245 15„
1067 2197 1150 2247 (qui
1171 2196 1410 2234 Consentiae
1437 2202 1642 2233 mortuum
1660 2194 1760 2234 Ala·
1789 2206 1791 2209 ’

317 2253 462 2299 rieum,
487 2259 526 2289 et
555 2253 597 2289 in
615 2251 745 2289 medio
766 2250 936 2289 Basentii
966 2251 1094 2288 amnis
1114 2249 1229 2288 alveo
1249 2250 1635 2303 sepultumreciiau)
1666 2250 1759 2302 qui-

315 2307 393 2345 bus
434 2306 604 2358 praeivit
644 2306 811 2344 Orosius
839 2312 1015 2343 extremo
1052 2306 1178 2356 eapite
1207 2304 1509 2357 libri—septimi,
1543 2304 1613 2342 ubi
1640 2306 1761 2343 etiam

318 2360 518 2410 observat,
545 2367 699 2398 tentato
728 2361 779 2399 ab
815 2360 956 2398 eodem
983 2359 1144 2397 Alarico
1172 2361 1214 2397 in
1243 2359 1418 2408 Siciliam
1445 2359 1643 2407 transitu,
1674 2359 1759 2398 Go-

316 2415 408 2454 thos
458 2415 499 2452 in
540 2422 755 2468 conspectu
792 2428 958 2454 suorum
997 2409 1273 2453 miserabiliter
1309 2414 1493 2467 abreptos
1527 2420 1568 2451 et
1602 2413 1760 2452 demer-

317 2483 382 2509 sos
409 2469 545 2507 fuisse.
1114 2514 1117 2517 y
1149 2504 1151 2506 .

430 2523 532 2576 Pag.
553 2523 595 2563 6.
612 2525 660 2561 B.
682 2523 796 2575 [άό2,
821 2522 910 2576 23.]
929 2523 1131 2576 Βρεττίας
1158 2537 1232 2574 pro
1260 2522 1476 2575 depravata
1503 2535 1603 2560 voce
1621 2521 1759 2574 Βρετ-

316 2578 463 2623 τανίας
489 2580 666 2631 apposite
695 2579 964 2631 subrogarunt
991 2577 1251 2627 Hoesehelius
1279 2585 1318 2616 et
1346 2577 1543 2615 Schottus.
1591 2577 1653 2615 De
1676 2583 1757 2614 sta-

317 2635 399 2672 tuis
426 2640 511 2671 arte
538 2634 690 2685 magica
720 2634 974 2682 consecratis,
1004 2647 1174 2685 quarum
1204 2634 1323 2670 etiam
1349 2630 1587 2684 paulopost
1615 2631 1758 2668 memi-

317 2689 381 2726 nit
405 2686 717 2741 Olympiodorus
742 2694 876 2725 noster
905 2688 1122 2739 gentilitiae
1149 2687 1418 2738 superstitioni
1447 2686 1759 2738 pertinacissime

319 2742 526 2794 addictus,
559 2742 676 2796 plura
705 2739 826 2792 alias,
855 2742 889 2780 si
907 2743 1016 2780 Deus
1042 2743 1168 2780 otium
1197 2741 1376 2792 dederit,
1407 2747 1669 2793 exponentur.
1700 2739 1755 2778 ll-
