1924 3164
521 186 556 227 E
590 187 743 228 PE'rm
781 186 1016 229 PATmcn
1044 186 1324 229 amona,
1526 191 1545 224 1
1560 171 1627 226 23

206 283 249 323 εἰ
274 283 319 323 δὲ
345 282 402 338 μὴ
433 286 552 326 τοῦτο
580 287 739 338 ἕλοιτο,
766 285 1011 341 πολεμήσειν
1037 287 1110 329 καί
1130 284 1294 343 μεγάλα
1334 287 1476 336 αὕτοῖς
1499 303 1628 343 προσ-

206 349 435 403 τρίψεσθαι
460 349 582 391 κακά.

314 412 362 457 δ’.
405 410 492 456 Ὅτι
521 417 753 467 Δεκέβαλος
779 415 885 470 πρὸς
915 415 1122 472 Τραϊανὸν
1145 418 1339 472 πρέσβεις
1376 416 1535 471 ἔπεμψε
1561 425 1811 462 m-A.C.103

204 476 412 534 λοφόρους
430 495 441 504 ·
475 474 592 521 οὗτοι
617 478 696 534 γάρ
726 482 807 521 εἰσι
838 483 939 537 παρ’
975 483 1116 530 αὐτοῖς
1144 481 1183 523 οἱ
1221 479 1468 535 τιμιώτεροι.
1523 480 1627 539 πρό-
1640 473 1816 507 Traian·⁶

174 546 320 598 ὅτερον
358 543 436 599 γὰρ
478 544 655 600 κομήτας
679 543 881 599 ἔπεμπεν,
922 548 1236 602 εὖτελεστὲρους
1275 548 1494 596 δοκοῦντας
1526 547 1659 603 παρ’Β

205 610 348 658 αὐτοῖς
385 607 508 653 εἶναι.
562 612 709 653 ἐκεῖνοι
747 613 793 653 δὲ
836 610 1029 662 ἐλθόντες
1070 614 1142 655 ἐπὶ
1166 614 1244 654 τοῦ
1275 615 1485 668 Τραϊανοῦ
1510 610 1630 670 ἔρρἰ-

203 686 293 728 ψαν
320 674 394 717 καὶ
421 674 473 717 τὰ
503 671 636 729 ὅπλα,
678 679 752 718 καί
778 677 855 726 τὰς
891 683 1040 733 χεῖρας
1068 673 1242 720 ὄπισθεν
1269 677 1466 732 δήσαντες
1490 680 1535 721 ἐν
1562 680 1630 721 αι’-

198 738 437 794 χμαλώτων
463 740 579 792 τάξει
606 743 766 784 ἐδέοντο
793 745 869 784 τοῦ
898 745 1112 803 Τραϊανοᾷ
1135 744 1195 793 εἰς
1220 740 1366 797 λόγους
1392 744 1530 785 ἐλθεῖν
1547 745 1629 786 Δε-

202 804 377 863 κεβοίλῳ.

154 879 200 904 ¹0
309 870 354 912 ε’.
415 869 508 914 Ὅτι
546 872 672 915 πάλιν
716 872 739 914 0‘
784 874 1016 927 Δεκέβαλος
1052 876 1275 930 πρεσβείαν
1316 871 1476 927 ἔπεμψε
1523 873 1629 931 πρὸς

206 935 440 991 Τραϊανὸν,
466 939 549 980 τῶν
576 937 793 994 παρόντων
826 937 1050 995 ἆνακωχῆν
1076 936 1356 992 κομιζόμενος,
1411 937 1628 993 ὑπισχνεῖ-

199 1017 247 1042 το
286 1003 332 1042 δὲ
376 1000 426 1043 τά
466 1018 511 1044 τε
548 999 654 1044 ὅπλα
694 1001 827 1046 πάντα
863 1003 936 1046 καί
960 1002 1011 1046 τα
1038 1003 1322 1061 μηχανήματα
1348 1004 1628 1058 παραδιδόναι

197 1069 253 1122 τῷ
295 1069 487 1122 Τραϊανῷ
525 1066 598 1108 καὶ
632 1066 727 1116 τοὺς
765 1068 1090 1123 μηχανοποιούς·
1117 1069 1214 1119 τούς
1250 1071 1484 1122 Ῥωμαίους
1531 1067 1628 1117 τοὺς

196 1132 294 1185 παρ’
337 1131 454 1188 αὐτῷ
492 1125 634 1184 ὄντας,
661 1131 734 1173 καὶ
766 1131 868 1182 τούς
907 1132 1196 1186 αὐτομόλους,
1241 1135 1315 1175 καί
1347 1133 1397 1176 τὰ
1436 1132 1627 1188 ἐρύματα

150 1192 330 1237 ιόπάντα
359 1193 438 1238 ὅσα
466 1196 763 1239 κατεσκεύασεν
788 1201 1005 1253 καθαιρεῖν
1023 1231 1038 1249 ,
1066 1203 1336 1253 παραχωρεῖν
1369 1198 1415 1239 δὲ
1455 1198 1528 1238 καί
1552 1198 1628 1252 τῆς

198 1263 295 1316 γῆς,
325 1260 375 1316 ἢν
403 1259 627 1317 ἐκράτησεν
645 1261 668 1303 ὅ
703 1261 935 1318 Τραϊανὸς,
963 1262 1037 1304 καί
1060 1261 1157 1312 τούς
1184 1260 1368 1317 ἐχθρούς
1396 1261 1527 1303 αὐτοῦ
1554 1261 1630 1303 καί

197 1329 279 1368 τῶν
301 1327 519 1380 Ῥωμαίων
542 1328 717 1375 οἰκείους
742 1324 925 1383 ε’χθροιὶς
963 1330 1159 1380 νομίζειν,
1187 1326 1260 1369 καί
1284 1323 1538 1379 αὐτομόλους
1562 1325 1622 1381 μὴ

195 1389 502 1445 ὑποδέχεσθαι,
543 1394 651 1447 μηδὲ
678 1391 930 1448 στρατιώτην
963 1390 1183 1445 εΡωμαίων
1225 1391 1336 1446 ἔχειν
1363 1391 1484 1446 ἐγγυς
1524 1388 1625 1433 ἑαυ-

195 1459 286 1506 τοῦ,
340 1458 612 1513 προσεδέξατο
646 1453 721 1500 οὖν
760 1456 838 1512 τήν
878 1459 1102 1514 πρεσβείαν
1139 1458 1163 1498 ὅ
1199 1456 1401 1512 Τραϊανὸς
1420 1456 1491 1499 ἐπὶ
1514 1455 1658 1501 vad-c

144 1537 291 1571 zotatg
318 1528 410 1572 ταῖς
438 1522 679 1579 συνθήκαις.
720 1522 761 1580 ξό
791 1526 838 1565 δὲ
866 1525 1098 1577 Δεκέβαλος
1123 1522 1174 1565 τὰ
1202 1521 1307 1564 ὅπλα
1350 1522 1525 1579 ἔῤῥιψεν
1552 1522 1625 1564 ἐπὶ

195 1587 327 1629 adzo&
343 1619 356 1641 ,
393 1590 466 1629 καί
491 1590 551 1637 εἷς
576 1586 651 1643 τῆν
676 1590 752 1644 γῆν
778 1587 916 1631 πεσών
941 1590 1247 1644 προσεκύνησε,
1285 1591 1357 1630 καί
1380 1589 1439 1638 εἷς
1460 1588 1622 1643 Ῥώμην

194 1654 387 1708 πρέσβεις
412 1652 585 1707 ἔπεμψε,
613 1653 686 1699 καί
714 1653 838 1697 αὐτοὶ
863 1652 1016 1708 ὁμοίως
1039 1653 1111 1704 τὰς
1134 1660 1283 1711 χεῖρας
1311 1653 1464 1708 ἔδησαν
1492 1652 1548 1702 ὥς
1578 1655 1621 1694 ἐν

192 1717 467 1771 αἰχμαλώτων
494 1716 622 1770 τάξει.

291 1830 318 1852 ι.
343 1820 657 1861 προστρίψασθαι
680 1821 774 1866 vulg.
826 1820 868 1855 '5.
883 1820 1047 1866 κόμῃτας
1068 1821 1163 1866 vulg.
1235 1834 1266 1866 7.
1283 1821 1347 1853 καὶ
1370 1818 1432 1864 τὰ]
1460 1828 1499 1851 τε
1527 1811 1570 1852 τὰ
1585 1820 1619 1850 Β.

287 1865 316 1898 8.
346 1865 552 1908 Δεκεβάλου
576 1866 670 1910 vulg.
768 1878 817 1901 n.
843 1866 1097 1912 κομισάμενος
1120 1869 1163 1899 Ν.
1262 1879 1312 1911 ¹7-
1338 1863 1549 1909 αὐτόμολον
1576 1865 1619 1898 Η.

197 1966 250 1997 let
273 1964 328 1997 illi
353 1965 545 2010 quotannis
563 1962 720 2008 pendere
745 1964 836 1998 duos
860 1964 985 1998 obolos
1002 1988 1011 2005 ,
1035 1965 1092 1997 sin
1110 1964 1251 2004 minus,
1275 1962 1413 1997 bellum
1437 1967 1473 1996 et
1495 1973 1620 2007 magna

194 2012 288 2044 mala
311 2022 346 2044 se
372 2011 446 2044 illis
471 2011 670 2043 illaturum.

286 2057 316 2100 4.
365 2057 566 2090 Decebalus
590 2057 689 2089 misit
715 2055 761 2088 ad
783 2055 978 2088 Traianum
1001 2055 1137 2099 legatos
1161 2065 1204 2087 ex
1227 2054 1305 2095 his,
1335 2056 1396 2099 qui
1416 2054 1532 2098 pileos
1560 2056 1617 2088 se-

193 2109 300 2136 runt:
327 2103 366 2135 hi
391 2104 488 2136 enim
512 2102 610 2147 apud
634 2104 746 2135 Dacos
771 2107 855 2134 sunt
877 2101 1135 2134 honoratiores.
1184 2102 1285 2134 Prius
1308 2106 1427 2133 autem
1459 2107 1616 2135 comatos

194 2151 361 2189 miserat,
387 2150 450 2194 qui
469 2149 564 2192 apud
589 2161 648 2182 eos
665 2149 808 2180 viliores
834 2147 1023 2180 habentur.
1050 2147 1096 2179 Hi
1121 2157 1202 2179 cum
1219 2146 1264 2178 ad
1287 2147 1478 2180 Traianum
1498 2148 1616 2180 venis-

194 2201 293 2236 sent,
318 2195 527 2228 abiecerunt
549 2205 642 2228 arma
667 2200 714 2235 et,
739 2193 904 2226 manibus
928 2199 1010 2236 post
1033 2199 1131 2235 terga
1158 2193 1286 2226 vinetis
1312 2194 1531 2237 captivorum
1556 2194 1615 2226 in-

193 2247 286 2282 star,
311 2243 503 2275 Traianum
527 2247 693 2280 orarunt,
718 2246 758 2273 ut
781 2251 860 2273 cum
886 2240 1065 2272 Decebalo
1091 2239 1129 2272 in
1154 2239 1373 2284 colloquium
1396 2241 1544 2280 veniret.

284 2289 315 2322 5.
365 2289 495 2320 Rursus
521 2287 721 2320 Decebalus
744 2287 959 2330 legationem
988 2286 1033 2318 ad
1050 2286 1242 2318 Traianum
1267 2287 1383 2326 misit,
1409 2297 1500 2330 quae
1525 2285 1614 2319 belli

194 2334 300 2366 finem
333 2339 484 2378 petet-etl
541 2332 781 2367 Pollicebatur
814 2343 850 2365 se
886 2331 1006 2364 omnia
1041 2342 1137 2364 arma
1163 2336 1200 2364 et
1222 2332 1352 2365 bellica
1377 2333 1614 2365 instrumenta

192 2379 347 2413 Traiano
371 2380 588 2413 traditurum
631 2385 667 2413 et
695 2382 869 2412 Romanos
902 2377 1144 2411 machinarum
1173 2377 1407 2412 fabricatores
1432 2383 1468 2411 et
1493 2384 1614 2412 trans-

194 2426 294 2470 fugas
314 2451 324 2466 ,
349 2426 411 2472 qui
435 2426 531 2471 apud
555 2428 672 2471 ipsum
702 2430 837 2464 essent,
868 2429 904 2457 et
928 2425 1048 2456 omnia
1073 2424 1249 2468 praesidia
1280 2430 1316 2458 et
1340 2425 1495 2464 castella,
1522 2436 1614 2469 quae

195 2474 450 2513 exstruxisset,
476 2471 690 2504 diruturum.
719 2472 909 2505 Cessurum
935 2481 1079 2515 quoque
1104 2471 1202 2503 omni
1228 2477 1333 2511 terra,
1360 2482 1430 2516 qua
1442 2472 1615 2503 Traianus

194 2518 331 2561 potitus
357 2523 450 2551 esset
467 2544 476 2559 ‚
502 2523 540 2551 et
564 2519 639 2550 eius
665 2523 701 2551 et
724 2518 960 2550 Romanorum
983 2516 1105 2550 hostes
1129 2527 1192 2559 pro
1220 2518 1291 2549 suis
1316 2517 1480 2550 hostibus
1507 2517 1616 2550 habi-

151 2597 153 2600 .
196 2570 340 2604 turum,
373 2574 492 2609 neque
525 2563 676 2608 posthac
713 2564 806 2596 ullos
838 2562 1036 2607 transfugas
1069 2563 1325 2604 admissurum,
1357 2574 1476 2609 neque
1500 2564 1615 2597 ullum

195 2610 351 2643 militem
374 2610 608 2644 Romanorum
629 2615 864 2644 retenturum.
901 2609 970 2642 His
991 2609 1261 2643 conditionibus
1283 2610 1377 2642 hanc
1399 2610 1616 2655 legationem

197 2656 375 2688 Traianus
398 2658 546 2701 accepit.
594 2657 640 2689 At
664 2656 864 2690 Decebalus
890 2656 930 2689 iu
955 2660 1146 2700 conspectu
1172 2656 1319 2689 Traiani
1343 2666 1440 2689 arma
1463 2655 1615 2696 abiecit,

199 2705 236 2733 ct
261 2701 298 2733 in
323 2707 452 2736 terram
477 2702 606 2736 cadens
632 2714 712 2736 eum
736 2702 912 2735 salutavit.
939 2702 1090 2746 Legatos
1113 2702 1221 2737 etiam
1247 2704 1394 2737 Romam
1416 2701 1528 2742 misit,
1552 2702 1616 2746 qui

198 2747 416 2791 captivorum
440 2760 539 2784 more
561 2754 663 2783 erant
687 2748 852 2786 manibus
879 2748 1001 2785 vincti.
