1924 3164
337 181 452 258 396
906 195 1188 241 EXCERPTA

151 294 322 354 &2576
333 318 414 345 νων
441 300 747 353 ἐνδεικνύμενος
772 293 848 354 ἦν,
878 294 948 342 οἷα
987 298 1037 355 δὴ
1068 295 1145 341 οὔκ
1172 300 1218 341 ἐκ
1245 299 1441 356 προνοίας
1467 298 1596 356 τινὸς,
1624 300 1683 352 ὥς
1708 298 1787 345 ἔτε-

140 356 516 439 Ῑύεὲῑὲῗ·1ἱ)α”ῤῥωται
544 366 658 422 αὐτῷ
685 365 760 406 καί
783 365 943 422 σφριγᾷ
969 363 1015 407 τὸ
1055 367 1190 420 σιὶιια.
1248 367 1444 408 διενοεῖτο
1465 367 1522 428 Ἲδέ
1547 383 1636 417 πως
1666 363 1774 410 Θεοζ-

331 429 595 476 δοσιοόπολιν
620 431 960 486 ἐκπολιορκῆσαι·
1004 427 1144 473 ἔννοια
1172 428 1253 487 γάρ
1282 429 1321 472 οἱ
1348 431 1593 487 ἕσεφοίτησε
1617 430 1677 487 μὴ
1708 427 1803 482 οἷ’-.-

330 499 422 540 όντε
462 497 638 539 ἔσεσθαι
677 490 728 537 ἂν
769 490 906 545 ἄλλως
945 493 1022 551 τὴν
1061 498 1246 552 Περσῶν
1282 495 1508 552 Ἀρμενίαν
1535 494 1774 553 ἀνακτήσα-

331 566 437 606 σθαι
480 563 554 604 καί
583 561 768 618 Ἰβηρίαν
786 594 800 615 ,
835 561 877 603 εἰ
911 559 1059 617 μήπω
1098 558 1371 617 ὄχυρωτοίτην
1409 559 1523 604 ἐσότι
1544 561 1812 616 (Ρωμαίωνᾶ

200 643 243 683 γ,
259 625 578 684 ,οὸχειρῶσοιτο
604 625 752 681 πόλιν,
781 628 916 670 ἑκεῖσέ
940 643 988 670 τε
1013 627 1321 681 καθεδούμενος
1339 624 1602 671 ἆνασώσεται
1627 627 1703 684 τὴν
1729 630 1774 679 ἐς

328 694 516 738 τοῦπίσω
535 691 682 736 λοιπὸν
707 693 1130 750 ἕγκαταλελειμμένην
1147 692 1476 751 Περσαρμενίαν
1501 708 1546 736 τε
1572 692 1647 736 καὶ
1664 692 1775 749 ’levj-
1834 748 1837 751 ῃ

329 760 441 818 ριάν.
493 762 717 816 τοιγαροῦν
743 757 1042 817 ἀναμφιβόλως
1077 757 1165 815 εἶχε
1195 759 1543 803 Θεοδοσιούπολιν
1572 760 1776 816 αἱρήσειν.

290 823 438 870 Βιιῗστε
465 824 715 882 ὑποφαίνων
745 840 790 868 τε
818 824 892 868 καὶ
921 826 1218 880 αἰνιττόμενος,
1263 823 1321 877 ὥς
1349 823 1564 869 ἁλώσεταί
1583 825 1776 883 γεμῦτιξί

330 891 497 940 πάντως
525 890 551 946 ἡ
583 888 726 944 πόλις,
765 885 890 947 ἤρετο
921 890 1138 948 Θεόδωρον
1176 889 1299 934 ὁποία
1330 889 1381 946 δὴ
1411 889 1514 934 κατὰ
1543 890 1590 934 τὸ
1616 885 1836 945 μᾶλλονιο

330 958 542 1007 ἀνάλωτος
569 953 676 1000 εἶναι
705 959 824 999 δοκεῖ
847 956 992 1011 πόλις,
1019 956 1068 1000 τό
1097 955 1246 1015 Δάρας
1272 952 1301 1012 ἢ
1329 958 1436 1013 δῆτα
1463 957 1490 1012 ἧ
1523 955 1774 1000 Θεοδοσιούα

328 1026 460 1076 πολιςς
479 1022 549 1076 ὥς,
575 1020 658 1078 εἴγε
684 1019 816 1073 οὕτως
842 1022 1176 1080 ἀσφαλεστάτην,
1205 1021 1359 1079 ἐδήλου
1390 1025 1437 1066 δὲ
1464 1021 1512 1065 τὸ
1527 1022 1688 1079 Δάρας,
1706 1025 1774 1074 ε’ξ-

331 1093 442 1143 εἷλε,
480 1088 595 1146 πόσῳ
633 1090 790 1142 μᾶλλον
822 1088 897 1144 τὴν
942 1090 1023 1143 οὔχ
1061 1086 1196 1139 οὕτως
1233 1087 1416 1146 ἰσχυράν
1465 1090 1775 1145 παραστήσοιτο

278 1203 279 1206 ¹
332 1154 699 1199 Θεοδοσιούπολιν.
757 1154 980 1211 Θεόδωρος
1005 1155 1084 1209 μὲν
1099 1150 1177 1198 οὖν
1204 1149 1455 1211 ἀπεκρίνατο
1482 1155 1791 1212 ἕμφρονέσταφ

329 1220 382 1264 τά
409 1236 498 1269 πως
506 1254 520 1273 ,
561 1217 775 1262 α’νάλωτον
802 1217 912 1262 εἶναι
940 1221 1099 1277 ἐκείνην
1139 1220 1280 1277 φήσας
1306 1219 1380 1276 τὴν
1407 1218 1526 1263 πόλιν
1553 1219 1631 1276 την
1658 1213 1833 1267 ε’σαείἷὸ

330 1287 652 1344 φρουρουμένην
678 1283 761 1327 ὑπὸ
791 1287 910 1333 θεοῦ,
967 1285 991 1327 ὅ
1020 1288 1067 1328 δὲ
1095 1286 1297 1341 βασιλεὺς
1324 1286 1348 1328 ὅ
1376 1286 1591 1342 Περσῶν,
1619 1285 1719 1341 πρὶν
1745 1281 1776 1341 ἢ

332 1350 555 1407 Θεόδωρον
591 1349 697 1408 πρὸς
745 1352 884 1394 αὕτοῦ
910 1347 1150 1409 ἀφεθῆναι,
1180 1352 1238 1403 ὥς
1266 1353 1424 1407 ἐγένετο
1453 1352 1589 1407 ἆγχοῧ
1619 1353 1777 1395 Θεοδο-

330 1414 598 1471 σιουπόλεως,
626 1414 847 1473 κατενόησε
859 1415 935 1473 τήν
953 1415 1074 1460 πόλιν
1091 1413 1139 1459 εὖ
1154 1417 1268 1471 μάλα
1283 1419 1358 1460 καί
1375 1415 1432 1467 ὥς
1454 1418 1624 1473 α’ληθῶς
1651 1418 1695 1466 ἒς
1721 1415 1775 1459 τοὶ

295 1485 510 1536 οπολὲμια
530 1486 938 1538 παρεσκευασμένην.
978 1486 1055 1526 καί
1063 1499 1189 1526 τινων
1204 1481 1358 1537 μεταξύ
1377 1485 1608 1538 γενομένων
1623 1484 1776 1539 α’φίησι

330 1544 532 1609 βασιλεῦς
560 1547 582 1592 ὃ
610 1551 796 1605 Περσῶν
825 1548 1042 1606 Θεόδωρον
1078 1550 1123 1599 ἒς
1149 1548 1381 1601 Βυζάντιον
1406 1547 1701 1602 ἐλευσόμενον,
1729 1549 1831 1594 ἐναο

329 1612 551 1671 γράμμασι
575 1616 655 1669 μὲν
683 1614 914 1671 κατάδηλον
934 1614 1112 1672 ποιήσας
1136 1606 1195 1674 τῷ
1215 1614 1423 1672 Καίσαρι,
1444 1614 1501 1664 ὥς
1527 1610 1675 1670 ἥδεται
1701 1611 1776 1656 καὶ

420 1739 457 1773 6.
481 1734 719 1773 α’νασώσεται
740 1738 800 1780 Β.,
827 1737 1016 1775 ἄναδῶσει
1047 1748 1087 1773 τε
1108 1739 1203 1785 vulg.
1315 1750 1366 1774 n.
1390 1737 1442 1772 α’σ
1476 1736 1680 1792 αλεστρῖτην
1704 1735 1774 1779 ΝΖ,

423 1784 692 1831 ἀσφαλεστάτη
712 1786 806 1832 vulg.
905 1798 956 1821 ια.
977 1787 1058 1832 εἴγε
1084 1785 1199 1824 ὄντως
1217 1790 1254 1821 et
1277 1785 1413 1828 ἐδήλου
1497 1786 1533 1819 εἰ
1563 1795 1606 1819 το
1636 1784 1680 1819 Η.

330 1890 420 1921 nato
445 1891 483 1921 et
509 1897 614 1925 casu,
638 1897 713 1920 non
738 1885 783 1921 de
807 1886 986 1921 industria
1012 1886 1167 1928 faceret,
1199 1899 1307 1934 quam
1331 1887 1453 1923 valido
1477 1890 1514 1922 et
1534 1886 1671 1932 vigenti
1695 1897 1776 1922 cor-

331 1944 420 1980 pore
445 1939 560 1975 esset,
596 1934 814 1968 ostentabat.
863 1934 1040 1978 Sperabat
1076 1940 1217 1976 autem,
1250 1934 1561 1980 Theodosiopoliu
1584 1945 1623 1969 se
1647 1933 1774 1978 aliquo

330 1979 439 2014 modo
464 1991 670 2025 expugnare
692 1991 820 2025 posse:
851 1979 942 2013 haee
966 1982 1061 2013 enim
1087 1981 1258 2027 cogitatio
1282 1981 1383 2014 illius
1408 1983 1528 2016 animo
1554 1980 1775 2022 occurrebat,

329 2038 371 2061 se
394 2038 470 2061 non
492 2027 566 2060 alia
591 2027 732 2061 ratione
764 2027 1046 2062 Persarmeniam
1082 2033 1119 2061 et
1145 2028 1299 2062 Iberiam
1332 2038 1437 2072 posse
1468 2027 1540 2062 sibi
1573 2027 1774 2068 subiicere,

332 2084 441 2120 quam
466 2074 496 2107 si
520 2084 630 2106 unam
658 2084 703 2107 ex
726 2073 896 2107 Romanis
930 2074 1081 2108 urbibus
1109 2086 1261 2120 eamque
1294 2075 1573 2108 munitissimam
1607 2078 1774 2118 caperet,

330 2120 373 2153 in
397 2130 469 2165 qua
493 2119 585 2153 belli
609 2120 732 2155 sedem
757 2121 980 2155 constituens
996 2145 1007 2162 ,
1034 2122 1132 2167 quod
1166 2122 1432 2156 Persarmeniae
1457 2126 1494 2154 et
1517 2120 1659 2154 Iberiae
1690 2124 1776 2164 post

328 2171 472 2211 tergum
496 2172 612 2208 esset,
648 2171 822 2202 tueretur.
870 2167 946 2201 Nec
973 2167 1069 2201 enim
1095 2168 1152 2202 illi
1178 2167 1330 2202 dubium
1356 2172 1452 2207 erat,
1476 2178 1514 2200 se
1539 2165 1774 2200 Theodosio-⁴

327 2213 443 2258 polim
468 2218 766 2260 expugnaturum.
789 2214 905 2269 quue
927 2214 1092 2248 iudicans
1118 2219 1156 2248 et
1178 2215 1327 2255 iactans,
1354 2224 1392 2247 se
1415 2214 1515 2247 illam
1540 2215 1638 2247 omui
1663 2211 1773 2245 modo

329 2263 520 2303 capturum
537 2284 547 2301 ,
581 2260 815 2295 Theodorum
841 2262 1097 2305 mter-rogavit,
1130 2268 1224 2307 quae
1252 2262 1309 2295 illi
1333 2259 1418 2295 urbs'
1442 2266 1646 2305 expugnatu
1671 2258 1773 2292 diffi-

329 2305 436 2339 cilior
461 2306 676 2341 videretur?
699 2307 823 2349 Daras,
851 2317 898 2341 an
911 2307 1245 2353 Theodosiopolis?
1269 2307 1412 2354 Quibus
1423 2306 1541 2340 verbis
1570 2306 1774 2352 significare

328 2351 501 2393 volebat,
533 2365 646 2399 quum
680 2354 813 2396 Daras,
853 2354 1030 2399 oppidum
1063 2355 1372 2395 munitissimum,
1412 2354 1587 2399 cepisset,
1631 2357 1770 2398 quanto

329 2398 442 2443 magis
466 2398 811 2445 Theodosiopolim,
846 2410 939 2447 quae
963 2411 1038 2435 non
1060 2411 1175 2447 aeque
1195 2402 1334 2435 munita
1358 2404 1444 2441 erat,
1463 2405 1617 2445 caperet.
1645 2399 1772 2442 Theo-

330 2444 440 2478 dorus
475 2450 596 2479 autem
627 2445 732 2480 valde
763 2446 966 2492 prudentur
998 2448 1208 2493 respondit:
1247 2459 1324 2482 eam
1358 2446 1501 2481 demum
1533 2445 1662 2480 urbem
1691 2455 1770 2479 esse

329 2492 651 2536 inexpugnabilem
675 2518 686 2534 ,
729 2505 838 2539 quam
873 2493 962 2528 deus
1005 2495 1046 2528 in
1077 2506 1175 2528 suam
1216 2492 1416 2527 custodiam
1463 2494 1688 2538 tutelamque
1729 2491 1771 2525 in

330 2542 546 2584 perpetuum
580 2539 784 2583 recepisset.
833 2539 881 2574 At
913 2540 1098 2576 Persarum
1128 2552 1213 2582 rex,
1249 2540 1458 2586 priusquam
1490 2539 1722 2575 Theodorum
1748 2548 1771 2572 a

331 2595 371 2631 se
398 2583 600 2618 dimitteret
618 2610 628 2625 ‚
655 2586 739 2619 satis
762 2587 960 2632 perspexit,
992 2587 1119 2622 urbem
1149 2588 1195 2620 iis
1228 2586 1335 2620 rebus
1371 2586 1538 2620 omnibus
1556 2612 1566 2628 ‚
1598 2596 1692 2632 quae
1723 2583 1771 2618 ad

331 2628 575 2665 resistendum
602 2631 769 2665 hostibus
793 2635 1017 2667 necessariae
1050 2638 1172 2675 erant,
1198 2634 1335 2679 egregie
1359 2638 1517 2677 paratam
1542 2643 1629 2667 esse.
1676 2631 1770 2666 Cum

332 2681 453 2711 autem
478 2677 593 2711 multa
618 2678 757 2712 interea
781 2679 1038 2725 contigissent,
1070 2680 1301 2714 Theodorum
1337 2681 1521 2713 Persarum
1548 2689 1610 2713 rex
1633 2678 1770 2722 Byzan-

332 2724 427 2757 tium
460 2724 662 2758 rediturum
703 2724 850 2759 dimisit.
914 2726 1065 2761 'Litteris
1099 2725 1244 2760 Caesari
1276 2726 1514 2770 significavit,
1554 2737 1592 2759 se
1622 2734 1769 2771 quoque

331 2780 421 2816 pace
453 2770 647 2814 delectari,
673 2776 709 2806 et
731 2772 761 2805 si
792 2775 988 2818 antequam
1021 2773 1218 2808 exercitum
1253 2777 1512 2819 comparasset,
1554 2768 1769 2809 Theodorus
