1924 3164
298 169 426 226 258.
863 178 1154 248 *EXOERPTA

107 297 146 331 A.
161 295 198 329 C.
214 296 283 342 479
295 289 450 347 γράφει
478 290 524 330 δὲ
551 288 624 329 καί
650 280 903 338 Σαβινιανός
939 284 1012 323 καί
1044 277 1237 335 Ἰωάννης
1276 278 1298 321 ὅ
1327 276 1516 336 ὕπαρχος
1541 281 1596 324 τὰ
1623 296 1738 336 7⁵7⁸·

112 390 134 424 Ζ
174 343 451 412 Ιιιᾱ.ανημένᾱ
480 354 551 396 ἐπὶ
575 353 718 405 μεῖζον
746 348 965 403 ὀγκοῦντες
1001 346 1074 389 καὶ
1112 348 1328 400 λέγοντες,
1356 344 1415 400 μὴ
1435 348 1595 402 χρῆναί
1614 363 1654 390 τι
1681 347 1739 404 τῷ

137 392 495 477 οηοαδβαρβάρῳ
527 418 776 470 συνθέσθαι,
811 413 870 463 ὥς
897 413 1064 462 ἐλπίδος
1093 407 1219 466 οὔσης
1246 406 1275 466 ἢ
1301 409 1408 453 κατα
1436 411 1585 467 κράτος
1614 409 1742 455 αὖτὸν

294 484 503 539 ἐξελάσειν
542 484 616 536 τῆς
655 480 804 537 χώρας
839 476 866 536 ἢ
897 481 1030 521 αὐτοῦ
1058 479 1238 533 μένοντα
1266 479 1557 532 κατατρίψειν.
1610 474 1741 520 ταῦτα

297 549 519 604 δεξάμενος
559 546 759 601 βασιλευς
807 543 881 587 καί
917 547 1118 598 νομίσας,
1146 540 1327 597 πόλεμον
1365 540 1530 599 εἰρήνης
1557 541 1767 600 αἷσχρᾶς5

297 604 405 660 εἶναι
444 615 595 669 βελτίω
615 645 627 668 ,
666 614 839 667 πέμψας
876 608 1098 654 ἆνεκάλεσε
1135 607 1207 652 τὸν
1236 606 1520 665 πρεσβευτὴν,
1547 608 1745 659 κελεύσας

296 682 429 737 μηδὲν
470 678 532 721 ἔτι
572 677 678 734 πρὸς
717 680 875 720 ἐκεῖνον
915 675 1176 729 συνθέσθαι,
1221 676 1310 717 ἀλλ’
1343 675 1474 716 εἰπεῖν
1513 675 1748 732 Σαβινιανῷ

200 745 373 794 Ρ.36και“
409 747 449 787 Γ
447 747 592 797 έντονι,
631 746 671 786 Γ
670 740 778 801 ότθῳ
815 743 893 796 μὲν
929 737 1019 784 ὄντι
1058 741 1206 798 ἀνδρί,
1249 745 1427 795 γυναῖκα
1456 741 1503 782 δὲ
1523 740 1751 794 Ῥωμαίων

299 813 382 854 τῶν
409 809 508 866 περὶ
530 809 607 865 τὴν
623 805 828 864 ΝΗπειρον
851 807 1104 863 γεγαμηκότι
1141 805 1215 848 καὶ
1241 806 1420 864 δύναμιν
1456 804 1616 860 ἔχοντι,
1654 804 1748 860 ἕχε-

301 880 407 920 σθαι
434 878 512 917 τοῦ
539 877 723 929 πολέμου
752 874 864 931 πάσῃ
891 873 1018 929 χειρί,
1048 870 1105 921 ὥς
1135 872 1256 914 οὗὸὲν
1283 873 1487 926 βασιλέως
1514 870 1620 927 πρὸς
1645 873 1807 914 ἐκεί-ιο

303 959 401 991 νους
429 942 759 997 συνθησομένου.
817 941 892 981 καί
927 940 1188 993 συγκαλέσας
1219 935 1320 986 τούς
1346 936 1604 992 στρατιώτας
1631 938 1655 979 ὅ
1677 933 1752 981 'A-

305 1005 535 1062 δαμάντιος
568 1006 741 1064 ἐπῄνεσε
760 1004 919 1055 αὐτούς
945 1008 1019 1059 τῆς
1048 1005 1315 1060 προθυμίας,
1344 1001 1417 1044 καί
1442 1004 1632 1046 ἐκέλευσε
1659 1019 1754 1060 γεν-

306 1075 459 1124 ναίως,
491 1069 630 1127 (ὅσπερ
660 1069 834 1127 πάτριον
862 1070 1030 1124 αὐτοῖς,
1058 1068 1236 1124 ἔχεσθαι
1262 1070 1348 1111 τῶν
1373 1068 1655 1125 πραγμάτων,
1684 1070 1759 1110 καί

306 1137 355 1181 τὸ
387 1139 433 1179 ἑκ
461 1138 668 1193 βασιλέως
700 1138 910 1191 ἐπανέγνω
933 1135 1196 1192 πρόσταγμα.
1226 1139 1317 1184 ταῖς
1349 1137 1384 1176 τ’
1406 1134 1568 1177 ἐλπίσιν
1594 1131 1757 1184 ἀὖτούς

306 1201 543 1259 μετεώρους
581 1200 786 1257 ποιήσας,
822 1201 880 1251 ὥς
919 1203 1127 1256 βασιλέως
1165 1201 1235 1243 αέἰ
1269 1202 1376 1243 πᾶσι
1411 1199 1488 1257 τὴν
1515 1195 1812 1256 προθυμίαν15

309 1264 386 1309 οὖκ
415 1263 601 1324 ἄκαρπον
628 1268 801 1321 ἐῶντος,
833 1268 1046 1324 εὐφημίας
1074 1266 1200 1321 ἔτυχε
1227 1268 1300 1308 καί
1323 1265 1430 1320 μετά
1459 1268 1582 1322 τιμῆς
1630 1280 1762 1322 παρεκ-

308 1335 506 1389 πέμφθη.
560 1334 633 1374 καί
658 1332 680 1374 ὅ
707 1334 788 1386 μὲν
822 1332 1037 1388 ἀπηλλάγη
1066 1333 1199 1388 μηδὲν
1221 1334 1346 1375 πλέον
1370 1330 1560 1385 ποιήσας.

121 1404 293 1448 Α.(3.48ι
422 1397 471 1453 β’.
519 1394 610 1440 ’Ότι
636 1399 709 1440 ἐπὶ
740 1396 934 1453 Ζήνωνος
961 1399 1039 1438 τοῦ
1075 1396 1284 1449 βασιλέως
1322 1396 1509 1446 στάσεως
1543 1397 1761 1452 γενομένης

126 1451 427 1534 Ζῦέἓὲέπαρά
457 1465 715 1518 Μαρκιανοῦ
743 1465 815 1505 καί
843 1458 981 1504 ἄλλων
1008 1462 1151 1514 τινῶν,
1199 1462 1458 1517 Θευδέριχος
1497 1462 1519 1503 ὅ
1554 1463 1760 1518 Τριαρίου

255 1524 296 1578 ’Β
306 1528 462 1585 μαθών
495 1527 545 1570 τὰ
578 1527 796 1583 γεγονότα,
841 1531 914 1570 καί
948 1525 1175 1581 ὑπολαβών
1203 1526 1351 1583 καιρὸν
1379 1529 1455 1582 νῦν
1486 1529 1597 1587 αὐτῷ
1625 1539 1813 1583 παρις-20

311 1594 463 1638 στάναι
490 1595 541 1651 τῇ
569 1593 689 1636 πόλει
717 1596 947 1636 ἐπιθέσθαι
973 1593 1046 1636 καί
1071 1595 1130 1650 τῷ
1157 1596 1327 1647 βασιλεῖ
1348 1595 1464 1652 αΰτῷ
1479 1629 1492 1648 ,
1520 1597 1601 1637 πᾶν
1631 1591 1763 1643 εὕθῦς

313 1658 552 1715 ἀναστήσας
591 1658 651 1712 τὸν
676 1660 939 1716 βαρβαρικὸν
977 1655 1079 1715 ἧκε,
1127 1660 1257 1713 δῆθεν
1295 1661 1381 1713 μὲν
1416 1660 1474 1709 ὥς
1509 1658 1764 1714 βουλόμενος

314 1726 430 1784 αὐτῷ
464 1740 509 1766 τε
536 1726 591 1781 τῷ
618 1729 789 1780 βασιλεῖ
812 1725 886 1768 καί
910 1727 962 1784 τῇ
988 1724 1108 1769 πόλει
1134 1725 1322 1779 α’μῦναι,
1375 1724 1581 1782 πρόδηλος
1619 1727 1666 1767 δὲ
1706 1721 1765 1768 ὢν

316 1861 535 1896 Sabinianus
565 1865 602 1894 et
624 1861 779 1894 Ioannes
796 1861 1001 1906 praefectus
1040 1871 1095 1894 res
1121 1871 1141 1892 a
1167 1872 1204 1894 se
1225 1865 1355 1907 gestas,
1378 1866 1415 1894 et
1440 1862 1562 1894 omnia
1585 1861 1624 1893 in
1649 1860 1765 1894 maius

317 1908 557 1947 extollentes,
592 1906 817 1948 suadebant,
853 1912 896 1940 ut
918 1919 1044 1953 pacem
1074 1918 1154 1941 cum
1178 1906 1334 1941 barbaro
1359 1918 1434 1940 non
1460 1909 1604 1942 faceret.
1655 1907 1766 1953 Spem
1812 1929 1817 1934 -

318 1956 417 1988 enim
441 1964 519 1986 esse
543 1953 581 1986 vi
606 1965 691 1987 eum
716 1954 863 2000 regione
890 1953 1051 2000 depelli,
1087 1959 1152 1987 aut
1178 1956 1209 1988 si
1233 1955 1428 1996 manserit,
1466 1953 1622 2000 opprimi
1647 1964 1766 1998 posse.

315 2002 417 2035 naec
440 1999 506 2032 ubi
530 2000 731 2044 Imperator
754 2001 922 2042 rescivit,
948 2001 1088 2035 bellum
1110 2002 1211 2045 turpi
1231 2012 1318 2046 pace
1339 2003 1462 2046 potius
1488 2002 1642 2041 ducens,
1666 1999 1769 2033 misit

319 2048 384 2093 qui
410 2048 570 2092 legatum
595 2047 734 2088 redire,
767 2057 888 2093 neque
914 2050 1109 2095 quicquam
1130 2049 1183 2081 rei
1208 2047 1363 2092 amplius
1388 2059 1468 2082 cum
1494 2045 1648 2080 barbaro
1677 2057 1767 2080 con-

318 2093 464 2127 trahere
490 2093 655 2134 iuberet,
694 2093 758 2126 sed
791 2092 911 2127 verbis
937 2095 1010 2128 suis
1041 2093 1240 2132 Sabiniano
1268 2094 1406 2128 diceret
1428 2100 1465 2128 et
1489 2094 1670 2134 Gentoni‚
1707 2093 1766 2138 (is

319 2145 399 2173 erat
422 2140 477 2172 vir
503 2139 666 2182 Gothus,
704 2146 741 2174 et
776 2141 923 2174 mulieri
950 2142 1127 2174 Romanae
1160 2142 1199 2174 in
1224 2142 1546 2187 Epironupserat,
1583 2145 1621 2172 et
1644 2140 1766 2185 copias

322 2185 521 2230 ‹lucebat‚')
546 2192 587 2220 ut
611 2197 690 2220 cum
716 2187 886 2221 omnibus
910 2188 1037 2232 copiis,
1064 2198 1157 2233 quae
1183 2189 1270 2232 ipsis
1295 2187 1474 2228 adessent,
1500 2186 1637 2220 bellum
1664 2197 1768 2231 gere-

322 2237 424 2273 rent,
449 2242 518 2264 nec
544 2234 642 2266 enim
668 2234 739 2266 sibi
766 2235 841 2267 ulla
866 2234 906 2266 in
932 2246 970 2268 re
997 2245 1077 2267 cum
1103 2234 1259 2267 barbaro
1276 2234 1476 2268 convenire.
1527 2233 1574 2266 At
1586 2233 1769 2267 Adaman-

321 2279 416 2317 tius,
442 2281 645 2313 convocatis
669 2280 850 2314 militibus
865 2307 874 2321 ‚
897 2292 1023 2314 eorum
1048 2281 1303 2314 fortitudinem
1324 2280 1504 2320 laudavit,
1531 2285 1567 2313 et
1591 2284 1632 2313 ut
1655 2280 1768 2314 fortes

324 2335 402 2358 esse
426 2331 640 2368 pergerent,
681 2332 723 2359 ut
745 2338 822 2360 mos
849 2328 988 2371 patrius
1015 2327 1148 2367 ferret,
1184 2327 1348 2361 hortatus
1374 2331 1437 2361 est.
1487 2326 1581 2360 Tum
1605 2327 1768 2373 Impera-

323 2371 414 2404 toris
439 2371 651 2405 mandatum
674 2374 748 2406 illis
773 2375 956 2414 recitavit,
995 2378 1031 2406 et
1056 2375 1095 2406 in
1119 2385 1261 2419 magnas
1286 2385 1365 2418 spes
1391 2385 1452 2407 eos
1478 2373 1613 2414 erexit,
1644 2375 1769 2419 Impess

323 2422 480 2451 rator-em
506 2417 761 2453 fortitudinem
794 2426 831 2452 et
866 2422 1063 2454 navitatem
1089 2432 1213 2454 eorum
1234 2431 1308 2454 non
1332 2421 1410 2453 sine
1435 2421 1573 2464 magnis
1598 2418 1768 2465 praemiis

326 2473 404 2496 esse
418 2466 763 2506 praetermissurum.
812 2466 910 2499 Haec
933 2467 1038 2500 illum
1062 2478 1191 2512 magno
1218 2478 1297 2500 cum
1322 2467 1451 2511 plausu
1471 2466 1630 2500 locutum
1649 2465 1769 2500 hono-

326 2510 426 2542 rifice
453 2509 589 2543 milites
614 2513 798 2554 prosecuti
824 2518 918 2547 sunt.
967 2514 1012 2547 Et
1036 2515 1088 2547 sic
1112 2513 1278 2560 quidem,
1316 2512 1499 2559 legatione
1523 2512 1624 2547 haud
1646 2512 1767 2547 felici-

325 2561 382 2590 ter
407 2562 574 2600 peracta‚
601 2556 776 2592 discessit.
1753 2566 1757 2571 ’

420 2614 453 2636 2.
502 2604 644 2636 Zenone
666 2605 867 2650 imperante
879 2605 1083 2639 Marcianus
1108 2611 1146 2639 et
1167 2606 1231 2639 alii
1256 2606 1424 2639 nonnulli
1452 2606 1668 2640 seditionem
1692 2616 1771 2650 mo?

327 2654 470 2684 verunt.
497 2648 567 2682 Ubi
594 2660 635 2682 ea
658 2661 714 2683 res
741 2651 787 2684 ad
798 2650 1090 2686 'l‘heuderichum
1102 2652 1233 2686 Triarii
1259 2653 1305 2685 fil,
1333 2659 1388 2687 est
1411 2652 1544 2694 delata,
1568 2651 1637 2687 sibi
1663 2651 1772 2697 οὴῙατ-

327 2701 402 2728 tam
429 2697 655 2729 occasionem
680 2697 807 2731 urbem
837 2703 874 2731 et
897 2699 1154 2744 Imperatorem
1180 2701 1298 2744 ipsum
1328 2698 1518 2732 adoriendi
1549 2699 1771 2740 existimans,

328 2752 495 2787 maguam
521 2742 758 2776 barbarorum
782 2754 927 2778 manum
951 2747 1069 2792 coegit
1104 2746 1300 2786 simulans,
1323 2756 1360 2780 se
1386 2746 1431 2779 ad
1452 2746 1712 2791 Imperatorem·
1733 2747 1771 2779 et
