1838 3210
220 188 310 228 XVI
764 189 835 228 DE
872 187 1118 229 DEXIPPO.

222 289 314 329 losis
341 288 566 343 primordiis
583 318 595 340 ,
615 303 741 343 usque
762 289 816 328 ad
843 288 998 328 Claudii
1020 288 1182 328 Gothici
1207 298 1371 329 annum'
1388 291 1560 343 primum
1577 292 1650 331 de-

221 355 360 406 ducti,
400 357 614 408 praecipua
653 356 756 394 eirca
797 362 1024 407 temporum
1073 355 1268 394 rationem
1312 370 1407 395 cura
1452 357 1646 397 adhibita.

221 420 380 460 Horum
410 422 667 460 duodecimus
690 421 791 459 liber
818 434 842 458 a
866 420 1067 473 Stephano
1098 420 1407 475 ethnicographo
1432 424 1576 461 citatur
1586 423 1646 475 9);

221 486 291 525 ubi
333 487 577 526 Herulorum
607 487 755 525 mentio
794 486 1007 525 certissime
1046 487 1278 540 comprobat
1321 487 1454 526 locum
1488 488 1538 527 de
1568 503 1649 542 quo

221 553 352 605 agitur
375 567 457 592 non
478 552 648 591 multum
669 551 719 589 ab
739 553 867 604 operis
885 552 962 591 fine
982 551 1127 591 afuisse
1145 567 1155 591 ε
1178 560 1331 592 constat
1345 555 1466 606 igitur
1483 554 1650 606 scr1pto-

219 633 306 657 rem
324 618 386 657 his
405 619 615 657 duodecim
636 617 817 668 „chartis
836 632 953 656 omne
982 632 1125 658 aevum
1144 617 1410 671 explicuisse,’¹
1453 620 1513 658 Ex
1541 619 1648 658 hisce

220 683 430 722 annalibus
451 682 679 736 Syncellum
705 696 963 736 quaecunque
994 697 1015 722 e
1036 684 1216 736 Dexippo
1248 683 1369 722 habet
1395 685 1551 736 petiisse
1582 699 1647 724 ar-

217 749 369 788 bitror:
401 756 442 787 at
470 749 801 788 Constantiniana
830 756 1012 802 excerpta
1043 748 1122 788 illis
1164 763 1327 802 prorsus
1362 749 1490 788 aliena
1528 758 1644 788 sunt:

219 829 347 867 neque
383 815 487 853 enim
532 814 702 868 prolixas
735 817 932 854 orationes
963 829 1103 868 capere
1142 816 1333 868 potuisset
1366 815 1647 868 breviloquens

217 879 419 918 annalium
459 881 561 918 ratio
582 910 593 928 ‚
631 881 698 933 qui
732 880 813 919 sere
860 880 1022 932 singulis
1064 879 1178 918 libris
1221 879 1422 919 saeculum
1466 894 1647 933 compre-

216 945 471 996 hendebant3
501 946 607 984 unde
634 945 856 984 Trebellius
885 945 1012 986 Pollio
1031 946 1080 998 ¹⁰)
1095 946 1320 998 Dexippum
1347 947 1482 984 omnia
1519 946 1646 984 brevi—

214 1018 274 1049 ter
293 1019 562 1066 persequutum
590 1026 692 1062 esse,
722 1011 889 1063 scripsit.

327 1077 402 1115 ΙΙΙ.
458 1077 540 1116 Has
570 1078 693 1130 igitur
721 1076 874 1130 eclogas
901 1077 951 1116 de
978 1077 1240 1131 legationibus
1269 1076 1320 1115 ad
1341 1073 1527 1115 Σκυθικὰ
1555 1091 1645 1130 per-

214 1144 342 1182 tinere
378 1143 458 1182 iam
494 1143 658 1182 Vossius
694 1144 892 1196 perspexit
918 1144 995 1193 ¹¹):
1040 1143 1257 1195 eademque
1295 1156 1431 1181 earum
1459 1143 1561 1181 ratio
1589 1150 1647 1182 est

214 1222 314 1261 quas
355 1222 400 1247 ex
431 1207 548 1247 titulo
577 1208 626 1247 de
657 1209 859 1247 sententiis
898 1208 1023 1247 edidit
1049 1207 1109 1247 ill.
1153 1208 1298 1247 Maius.
1354 1203 1540 1246 Σκυθικὰ
1556 1238 1568 1256 ,
1597 1208 1649 1246 de

213 1274 314 1313 bello
351 1273 531 1325 Scythico
556 1281 711 1313 vertere
752 1274 980 1325 debebam3
1018 1275 1208 1326 quoniam
1245 1273 1346 1312 illud
1382 1272 1620 1325 intelligitur·
1633 1284 1654 1324 ,ἵ

214 1339 323 1392 quod
338 1368 349 1390 ,
379 1346 563 1391 coeptum
591 1339 666 1378 sub
693 1340 818 1378 Decio
833 1370 843 1387 ,
873 1353 1000 1393 usque
1017 1338 1068 1377 ad
1084 1338 1290 1377 Aureliani
1310 1352 1448 1391 pacem
1469 1338 1645 1377 duravit.

213 1405 351 1458 Atque
377 1405 443 1443 hic
471 1405 634 1458 quidem
661 1405 800 1445 leviter
820 1407 926 1444 circa
952 1405 1075 1445 verba
1092 1404 1223 1458 lapsus
1242 1418 1328 1443 sum
1345 1419 1356 1455 3
1375 1405 1418 1442 in
1437 1417 1484 1442 eo
1505 1417 1648 1442 vereor

212 1483 263 1508 ne
290 1472 450 1523 gravius
477 1470 719 1521 erraverim,
753 1471 861 1524 quod
890 1485 992 1524 quae
1010 1485 1033 1509 a
1048 1486 1087 1524 p.
1106 1485 1170 1509 22.
1191 1470 1219 1509 l.
1242 1484 1304 1508 20.
1324 1469 1372 1508 ad
1394 1483 1434 1522 p.
1455 1468 1523 1507 26.
1551 1468 1579 1507 l.
1607 1467 1646 1519 4.

210 1536 437 1586 habentur,
466 1537 645 1589 Dexippo
675 1538 749 1589 ipsi
784 1537 1001 1575 tribuerem
1022 1567 1033 1585 ,
1066 1538 1178 1589 quasi
1207 1536 1427 1574 orationem
1463 1533 1515 1572 ad
1542 1534 1647 1573 cives

210 1616 303 1641 suos
334 1602 538 1652 habitam,
577 1604 645 1655 qui
673 1604 885 1641 temerario
927 1602 1095 1642 consilio
1128 1604 1254 1652 muris
1292 1599 1425 1653 egredi
1465 1606 1505 1638 et
1555 1613 1646 1637 cum

209 1668 390 1707 hostibus
418 1666 629 1721 confligere
654 1676 858 1721 cuperent.
916 1669 1008 1707 Non
1029 1668 1275 1707 attenderam
1299 1665 1360 1704 ill.
1389 1665 1488 1703 Maii
1516 1666 1646 1717 opini-

210 1734 380 1786 onem1'2)
396 1762 407 1783 ‚
426 1733 631 1786 epistolam
648 1747 730 1771 esse
746 1747 756 1771 :
791 1734 854 1771 cui
877 1740 922 1771 ut
940 1733 1091 1786 aliquid
1107 1733 1156 1771 de
1171 1746 1259 1770 meo
1279 1731 1478 1781 adiiciam,
1499 1730 1643 1778 dicam,

209 1813 233 1837 a
248 1799 486 1851 magistratu
508 1799 691 1837 Romano
714 1798 876 1837 missam
905 1799 1031 1838 videri
1052 1813 1063 1836 :
1087 1799 1168 1836 imo
1195 1797 1246 1835 ab
1274 1798 1360 1849 ipso
1379 1796 1546 1834 fortasse
1563 1796 1645 1833 Im-

208 1872 419 1918 peratore:
450 1878 542 1903 eum
573 1878 614 1903 se
636 1879 728 1902 cum
757 1866 882 1918 copiis
911 1879 1001 1903 mox
1035 1863 1254 1902 affuturum
1274 1863 1466 1901 nunciare
1497 1862 1551 1914 (p.
1571 1859 1640 1901 25.

208 1930 237 1974 l.
267 1945 328 1985 ¹7·
353 1931 496 1983 seqq.):
533 1930 758 1983 lectamque
798 1944 882 1969 esse
929 1931 968 1969 in
1002 1931 1194 1969 concione
1223 1930 1275 1982 (p.
1306 1943 1371 1968 22.
1392 1928 1419 1968 l.
1454 1926 1528 1979 18.)
1583 1927 1646 1965 De

208 1996 271 2035 his
291 2027 301 2044 ‚
335 1997 368 2035 si
390 1997 492 2035 forte
510 1995 723 2049 aliquando
750 1996 897 2035 codicis
915 1997 1059 2049 pagina
1085 1994 1179 2046 524.
1201 1995 1354 2048 plenius
1379 2008 1400 2032 e
1419 1993 1539 2032 litura
1557 1993 1643 2030 erui

207 2063 408 2115 potuerit,
437 2062 588 2116 liquido
613 2062 837 2101 constabit:
872 2076 917 2100 ac
942 2069 1041 2101 tunc
1062 2060 1228 2100 fortasse
1245 2059 1473 2112 expedietur
1493 2057 1542 2096 de
1563 2071 1645 2109 quo

206 2130 370 2168 tandem
384 2131 531 2183 oppido
547 2130 771 2183 quibusque
788 2129 943 2168 civibus
957 2142 1086 2168 sermo
1107 2128 1173 2167 sit.
1198 2127 1314 2165 Nunc
1335 2125 1374 2162 in
1393 2124 1434 2162 id
1451 2125 1644 2162 sententia

209 2195 376 2234 inclinat
417 2203 464 2234 ut
494 2195 592 2234 haec
627 2196 677 2233 ad
706 2197 881 2248 primum
907 2195 1134 2234 Gothorum
1159 2192 1376 2230 adventum
1408 2190 1483 2228 sub
1518 2191 1644 2228 Decio

208 2262 407 2313 pertinere
434 2261 616 2312 credam,
643 2261 755 2299 cuius
785 2275 931 2300 nomen
961 2262 1003 2299 in
1028 2259 1252 2298 oblitterata
1283 2256 1352 2295 illa
1386 2255 1528 2308 pagina
1548 2265 1647 2294 con-⁴

208 2328 400 2380 spicitur3
441 2327 483 2365 id
509 2326 618 2380 quod
642 2341 689 2365 eo
717 2326 944 2365 confirmari
971 2326 1130 2365 videtur
1155 2323 1262 2376 quod
1281 2323 1331 2361 de
1352 2322 1472 2360 rebus
1497 2321 1548 2359 ad
1568 2321 1643 2359 Ni-

208 2391 384 2445 copolim
406 2393 580 2431 Moesiae
609 2393 726 2445 gestis
756 2393 906 2430 mentio
948 2392 1122 2430 iniicitur
1147 2391 1200 2442 (p.
1220 2388 1283 2428 25.
1323 2387 1352 2426 l.
1376 2400 1441 2429 22.
1466 2386 1515 2428 cf.
1539 2386 1643 2439 Syn-

209 2458 355 2497 cellum
373 2472 412 2511 p.
425 2457 512 2512 705.
530 2458 558 2500 l.
585 2459 672 2510 12.).
731 2458 852 2508 Quod
875 2458 907 2496 si
934 2459 989 2496 ita
1013 2458 1063 2496 sit
1078 2485 1090 2506 ‚
1121 2452 1475 2507 philippopolitani
1495 2452 1647 2490 fuerint

208 2523 399 2576 oppidani
440 2537 463 2562 a
500 2524 680 2563 barbaris
718 2524 977 2566 circumsessi.
1047 2522 1138 2560 Non
1169 2527 1302 2558 tamen
1354 2517 1549 2557 silendum
1582 2523 1642 2555 est

209 2590 329 2629 etiam
358 2589 432 2628 sub
462 2589 629 2628 Claudio
660 2589 765 2643 Aug.
794 2589 845 2627 ad
875 2586 1101 2640 Nicopolim
1118 2599 1305 2640 prospere
1327 2585 1537 2652 adversus&
1548 2582 1642 2621 bar-

238 2720 275 2766 9)
301 2732 325 2753 s.
353 2732 383 2758 v,
404 2719 591 2765 ’Έλουροι-
670 2720 727 2757 ιο)
752 2720 968 2756 Gortlian,2‚
1044 2719 1098 2761 ιι)
1123 2719 1175 2752 Dc
1204 2717 1328 2750 histor.
1354 2713 1477 2748 Graec.
1504 2724 1538 2758 p.
1563 2712 1638 2756 242·

302 2768 356 2813 ια)
380 2768 491 2802 Praef.
518 2769 563 2801 ad
589 2768 668 2802 coll.
698 2769 812 2802 vatic.
840 2767 882 2799 11.
906 2764 1105 2811 p.xxvffl.
