1924 3164
313 165 388 234 45
394 187 424 222 2
890 179 1165 224 ExcEnPTA

126 298 167 332 Δ.
185 280 449 342 Ο.409τόπον,
479 283 527 328 ὃν
554 280 606 327 ἂν
642 282 859 338 βούλοιτο,
901 287 1134 339 συγχωρεῖν
1149 278 1386 338 ςὉνοόριον,
1415 279 1551 322 κακῶν
1588 273 1755 332 ἇπαθῆ.

195 343 587 406 ΙΙΙά·73οἶποκρίνεται
615 350 662 390 δὲ
687 348 887 403 Ἰοβιανὸς
902 348 1081 404 ἡσθεὶς,
1109 347 1460 401 ἐπαγγελλόμενος
1483 346 1556 386 καί
1579 346 1755 387 σινῶσαι

119 391 420 457 Honor‘ffinaff’
449 413 541 463 ἐνὸς
586 415 740 468 μέλους
784 412 858 456 τὸν
884 415 1062 468 βασιλέα
1094 412 1304 467 Ὁνώριον.
1358 412 1429 467 &pf
1453 405 1488 467 ᾧ
1513 407 1759 463 ἐπετίμησεν.

227 492 262 525 Ρ.
276 469 506 528 δ”Ατταλος
527 480 730 537 Ἰοβιανῷ,
750 479 807 530 ὥς
835 478 1012 529 οὕθενὸς
1038 477 1162 528 ἔθους
1181 473 1298 526 ὄντος
1315 477 1540 519 σινοῦσθαι
1564 475 1755 528 βασιλέα,

179 555 222 590 V.
238 553 299 600 147
315 542 450 587 ἓκοντί
474 543 550 600 τὴν
576 544 792 599 βασιλείαν
809 546 1123 599 α’ποτιθέμενον.
1152 540 1260 586 α’λλοὶ
1286 539 1482 598 Ἰοβιανός
1507 536 1781 594 μὴπολλά-5

315 626 381 659 κις
407 607 683 666 πρεσβεύσας,
712 609 785 652 καί
811 611 943 666 μηδὲν
970 610 1140 663 ἀνύσας,
1169 609 1388 663 καταμένει
1414 603 1519 662 πρὸς
1536 600 1752 655 ’‘Attal-ov,

313 677 529 731 πατρίκιος
568 673 765 719 Ἀττάλου
804 676 1057 729 ὀνομασθείς
1073 705 1085 717 .
1147 675 1395 730 μετέρχεται
1437 674 1484 715 δὲ
1523 668 1628 716 κατὰ
1671 667 1752 724 τὴν
1790 696 1792 700 -

306 739 543 795 ιΡοίβενναν
587 739 658 783 ἐπὶ
690 739 764 784 τὸν
801 739 1078 797 πραιπόσιτον
1121 741 1326 794 Εὕσέβιον
1353 738 1380 795 ἦ
1410 738 1650 780 δυναστεία.
1705 731 1753 784 ὃς

311 806 420 861 μετὰ
451 805 614 850 ἱκανὸν·
639 806 793 863 χρόνον
830 807 1079 861 Ἀλλοβίχου
1106 806 1281 863 ἐπηρείᾳ
1307 807 1380 848 καί
1402 800 1592 863 ὑποθήκῃ
1623 803 1754 856 δημο-

311 875 385 931 σίᾳ
411 874 488 915 καί
514 874 581 914 ἐπ’
607 867 735 927 ἷὶψεσι
761 874 834 915 τοῦ
872 873 1080 926 βασιλέως
1126 870 1300 927 ῥάβδοις
1345 869 1603 926 ἀναιρεῖται·
1648 862 1808 924 χρό-ιο

311 953 381 988 νος
410 937 610 994 ἔρῥευσεν
647 936 805 991 ἱκανὸς,
824 940 897 980 καί
917 935 991 992 ιμὴ
1013 937 1256 991 πειθόμενος
1284 931 1488 984 ’Ἀτταλος
1516 934 1754 989 Ἆλαριβςῳ,

312 1005 477 1061 σπουδῇ
498 1005 544 1047 δὲ
580 1002 762 1057 μάλιστα
796 1003 1010 1057 ’[οβιανοῦ,
1050 1002 1096 1053 ὃς
1121 999 1173 1058 ἦν
1208 1000 1284 1058 τὴν
1304 1001 1502 1056 Ὁνωρίου
1530 999 1769 1054 πρεσβείαν·

313 1067 601 1126 προδεδωκὼς,
625 1071 891 1124 καθαιρεῖται
909 1071 982 1124 τῆς
1007 1069 1250 1123 βασιλείας·
1277 1066 1351 1109 καί
1374 1068 1512 1120 μένει,
1538 1061 1773 1110 tavidid-

312 1151 388 1190 την
416 1133 533 1190 παρὰ
557 1131 770 1192 Ἀλαρίχῳ
798 1134 890 1188 βίον
915 1134 1230 1192 ἆνθῃρημένος.
1292 1130 1437 1174 ἔπειτα
1466 1127 1572 1184 μετὰ
1600 1128 1755 1184 χρόνον

277 1198 408 1242 Βτινοὶ
438 1200 670 1253 βασιλεύει.
727 1197 819 1242 εἶτα
848 1203 1125 1256 καθαιρεῖται.
1180 1197 1254 1240 καὶ
1276 1195 1383 1252 μετὰ
1412 1198 1548 1238 ταῦτα
1577 1192 1808 1248 ὕστερονιό

131 1245 384 1325 ΑἸ(ιξ’(]4.“ιῗ).<ζ·ῑιι“
402 1262 637 1319 εΡοὲβενναν
667 1263 984 1321 παραγεγονώς,
1013 1262 1200 1313 καὶτοὺς
1227 1265 1300 1318 τῆς
1329 1263 1466 1313 δεξιᾶς
1492 1258 1648 1317 χειρὸς·
1676 1259 1754 1301 δα·-

114 1328 484 1379 Ηοιιοτ.ι8κτύλους
508 1330 871 1386 ἀκρωτηριασθεὶς
897 1329 1391 1388 ἐξοριᾲπαραπέμπεται.
1460 1336 1462 1340 ’

194 1394 197 1397 “
412 1393 501 1438 “On
526 1392 771 1449 Ἀλλόβιχος
797 1394 906 1448 μετὰ
933 1393 1092 1451 βραχύ,
1120 1394 1194 1449 τὴν
1221 1395 1287 1450 ἐφ’
1316 1388 1352 1451 ᾧ
1377 1391 1448 1435 τὸν
1479 1392 1755 1448 πραιπόσιτον

311 1461 515 1514 Εὖσέβιον
554 1460 690 1502 ἀνεῖλε
735 1462 850 1516 δίκην
884 1458 1048 1514 τιννύς,
1103 1457 1246 1517 γνώμῃ
1287 1461 1365 1501 τοῦ
1400 1459 1606 1512 βασιλέως
1645 1455 1752 1500 κατὰ

311 1525 535 1581 πρόσωπον
572 1526 704 1567 αὐτοῦ
732 1522 979 1582 ἀναιρεῖται.
1049 1527 1124 1567 καί
1149 1528 1463 1572 Κωνσταντΐνος
1501 1520 1522 1564 ὃ
1549 1521 1806 1577 τύραννοςω

303 1590 384 1633 -τὸν
406 1592 654 1645 Ἀλλοβίχου
675 1587 863 1632 θάνατον
881 1589 1059 1644 μαθών,
1085 1590 1346 1644 ἐπειγόμενος
1372 1587 1478 1645 πρὸς
1499 1587 1751 1644 “Ρα’βενναν,

313 1653 418 1700 ὥστε
447 1659 701 1699 σπείσασθαι
725 1654 928 1714 Ὁνωρίῳ,
959 1658 1165 1712 φοβηθείς
1191 1656 1459 1712 ὑποστρέφει.
1720 1684 1724 1689 -»

413 1717 503 1764 Ὅτι
529 1721 575 1764 τὸ
615 1720 787 1776 ‘Pq'yaov
825 1720 1081 1777 μητρόπολίς
1108 1723 1200 1763 ἐστι
1238 1722 1310 1776 τῆς
1337 1719 1573 1777 Βρεττίας,
1608 1722 1654 1771 ἐξ
1688 1713 1748 1762 οὗ

313 1859 464 1898 norius,
491 1856 550 1891 vel
585 1856 698 1890 alium
730 1861 848 1898 certe,
886 1867 994 1903 quem
1025 1858 1133 1898 velit,
1158 1857 1288 1891 locum.
1337 1857 1544 1903 Respondet
1578 1855 1625 1889 ad
1661 1855 1754 1890 haee

313 1903 557 1938 laetabundus
592 1903 778 1944 Iovianus,
812 1903 1044 1949 indicatque,
1078 1909 1226 1937 exutum
1253 1905 1323 1937 iam
1356 1905 1400 1937 ab
1435 1905 1555 1938 Attalo
1585 1915 1655 1937 una
1692 1914 1753 1937 re-

314 1953 376 1995 gni
400 1957 502 1995 parte
537 1950 740 1984 Honorium
774 1951 1038 1994 Imperatorem.
1089 1949 1211 1995 Quare
1246 1951 1432 1984 Iovianum
1457 1950 1754 1983 Attalus·incre-

314 1997 434 2042 pando
448 2022 457 2037 ‚
483 1997 624 2030 nullum
649 1996 743 2030 ferre
767 2008 902 2029 morem
922 1995 1036 2037 dixit,
1060 2002 1102 2029 ut
1117 1997 1266 2041 spoliari
1283 1997 1457 2031 dicendus
1475 1997 1523 2030 sit
1542 1997 1752 2040 Imperator,

316 2044 380 2087 qui
413 2049 542 2088 sponte
579 2053 642 2076 sua
675 2044 828 2087 imperio
862 2042 1056 2076 abdicaret.
1105 2044 1240 2077 Verum
1278 2044 1446 2077 Iovianus
1489 2052 1748 2086 saepenumero

315 2090 498 2133 legatione
522 2090 643 2130 obita,
670 2099 790 2134 neque
826 2088 1024 2134 quidquam
1056 2090 1270 2133 proficiens,
1305 2090 1437 2122 mansit
1471 2088 1613 2122 tandem
1651 2087 1751 2133 apud

315 2136 499 2177 Attalum,
523 2136 699 2181 illiusque
723 2135 896 2180 patricius
930 2141 986 2169 est
1018 2136 1231 2180 appellatus.
1280 2138 1468 2169 Ravennae
1499 2134 1645 2168 interim
1683 2134 1752 2168 de-

317 2182 456 2215 labitur
481 2181 527 2214 ad
555 2181 750 2215 Eusebium
773 2182 1019 2226 praepositum
1043 2186 1225 2225 potestas:
1261 2183 1324 2227 qui
1350 2188 1432 2226 post
1456 2192 1528 2214 non
1553 2180 1616 2213 diu
1642 2179 1751 2214 Allo-

316 2228 414 2260 vichi
453 2228 629 2261 violentia
673 2238 714 2261 ac
748 2227 891 2261 decreto
926 2228 1073 2272 publico
1115 2228 1154 2260 iu
1189 2229 1303 2262 oculis
1335 2227 1562 2272 Imperatoris
1590 2227 1750 2260 fustibus

318 2279 374 2305 est
398 2275 545 2306 occisus.
596 2275 679 2307 Post
705 2274 813 2307 etiam
847 2273 933 2306 dum
966 2273 1133 2307 Alaricho
1171 2285 1247 2308 non
1280 2273 1476 2320 acquiescit
1511 2273 1680 2314 Attalus,
1712 2277 1751 2307 et
1777 2276 1783 2293 ³

316 2329 401 2351 vero
426 2321 580 2354 maxime
605 2321 744 2353 Ioviani
773 2330 895 2364 opera,
922 2322 986 2365 qui
1015 2321 1168 2354 Honorii
1196 2321 1330 2365 legatos
1349 2319 1570 2365 prodiderat,
1594 2319 1748 2363 imperio

318 2364 506 2399 deiicitur:
534 2371 730 2412 manetque
751 2367 926 2412 privatam
951 2367 1047 2411 apud
1063 2366 1395 2400 Alarichum.vitam
1414 2365 1556 2409 degens.
1603 2364 1749 2399 Deinde

315 2422 391 2444 non
427 2412 541 2446 multo
576 2418 660 2456 post
695 2414 826 2446 iterum
849 2413 1062 2457 imperavit,
1087 2423 1129 2445 ac
1158 2425 1295 2446 rursum
1322 2412 1490 2445 abdicare
1515 2417 1658 2445 coactus
1683 2417 1748 2446 est.

315 2457 400 2492 Post
427 2456 518 2490 haec
541 2458 688 2491 tandem
712 2459 759 2491 ad
782 2459 988 2492 Ravennam
1020 2459 1206 2504 profectus
1230 2464 1267 2493 et
1294 2458 1438 2492 summis
1469 2458 1639 2492 dexterae
1675 2469 1752 2492 ma·

317 2514 386 2538 nus
412 2502 533 2546 digitis
559 2509 742 2538 truncatus
766 2505 1014 2550 proscribitur.
1240 2528 1243 2529 ν
1688 2527 1690 2529 -

407 2548 612 2582 Allovichus
639 2551 725 2583 item
751 2557 835 2595 post
857 2551 965 2595 paulo
981 2576 991 2592 ‚
1018 2551 1116 2597 quod
1141 2551 1335 2585 Eusebium
1358 2550 1600 2595 praepositum
1620 2554 1750 2587 ,sustu-

317 2595 441 2635 lisset,
465 2596 694 2640 Imperatoris
720 2597 899 2630 sententia
931 2608 1066 2642 poenas
1091 2597 1218 2639 dedit,
1251 2602 1359 2643 atque
1391 2597 1430 2630 in
1454 2597 1531 2629 eius
1554 2598 1748 2640 conspectu

319 2641 504 2674 occiditur.
554 2641 812 2676 Constantinus
837 2648 1031 2686 tyrannus,
1067 2646 1208 2690 cognita
1238 2642 1404 2677 Alovichi
1435 2647 1571 2682 morte,
1605 2641 1748 2675 Raven-

316 2698 402 2722 nam
426 2686 617 2728 accedens,
640 2693 682 2722 ut
703 2699 783 2721 cum
795 2690 956 2723 Honorio
979 2689 1106 2723 foedus
1124 2691 1256 2732 iniret,
1276 2694 1374 2723 metu
1388 2689 1570 2734 perculsus
1589 2687 1747 2721 revertit.

409 2732 586 2780 Rhegium
619 2734 850 2780 metropolim
886 2746 965 2772 esso
996 2737 1242 2778 Bruttiorum,
1283 2746 1303 2771 e
1326 2746 1398 2782 qua
1421 2735 1534 2770 refert
1553 2733 1747 2772 historicus

967 2875 1020 2924 ὁ.
