1924 3164
341 159 445 216 158

126 282 464 335 Ρ.Α.Ο.461γματα
505 277 575 323 διὰ
614 278 798 336 τὸδιῃρ
821 303 837 321 .·
975 322 981 329 ,

152 332 411 414 ’ῃῑθΡίὲδζκαί
452 345 606 388 ἐκεῖνον
640 342 712 386 τὸν
736 345 863 399 χρόνζ
1102 397 1105 400 ¹
1163 389 1186 395 ff

256 380 295 424 '4
324 426 470 466 γουροι
508 408 580 451 καὶ
609 402 800 464 Οἷὲρωγοι
826 405 922 460 καὶ
1163 421 1188 462 ⁴,
1233 407 1336 464 ἔθνη
1363 411 1644 460 ἐξαναστάντα
1686 415 1771 454 τῶν

319 478 480 520 οἰκείων
520 472 651 529 ἠθῶν,
689 475 884 529 Σαβίρων
927 475 971 523 ἐς
1014 483 1053 513 ζ’,
1066 492 1148 530 χην
1180 474 1330 531 σφισίν
1365 474 1645 531 ἐληλυθότων,
1694 475 1770 528 οὓς

317 539 525 597 ἐξήλασαν
561 536 778 595 Ἀβάρεις,
807 541 1069 593 μετανάσται
1095 542 1305 595 γενόμενοι
1332 540 1413 583 ὖπὸ
1441 543 1578 584 ἐθνῶν
1606 542 1793 587 otwin-5

316 624 398 650 των
424 607 504 659 μὲν
531 602 608 660 τὴν
634 611 939 661 παρωκεανῖτιν
967 605 1115 661 οἷκτήν,
1165 604 1242 662 την
1279 608 1327 649 δὲ
1362 607 1511 662 χώραν
1539 607 1766 651 ἀπολιπόν-

314 689 397 715 των
424 671 496 713 διά
523 669 571 713 τὸ
602 673 646 721 ἐξ
674 667 919 726 ἆναχύσεως
945 674 1020 713 τοῦ
1051 671 1240 715 ὠκεανοῦ
1268 671 1504 728 ὅμιχλῶδες
1529 673 1761 728 γενόμενον,

312 740 387 779 καί
410 739 581 792 γρυπῶν
609 738 656 779 δὲ
682 738 840 792 πλῆθος
869 733 1108 794 ἇναφανέν·
1162 734 1260 794 ὅπερ
1292 734 1345 794 ἦν
1371 735 1492 794 λόγος
1516 737 1575 794 μὴ
1605 739 1756 795 πρότε-

311 818 388 858 ρον
413 801 676 856 παύσασθαι,
706 801 806 858 πρὶν
833 797 861 858 ἢ
887 801 1022 858 βοράν
1050 803 1308 859 ποιήσασθαι
1333 802 1378 846 τὸ
1409 807 1494 846 τῶν
1523 803 1762 859 ἀνθρώπων

308 867 449 922 γένος·
505 866 572 910 διὸ
603 867 653 923 δη
685 865 767 910 ὑπὸ
799 869 929 910 τῶνδε
953 866 1223 922 ἐλαυνόμενοι
1259 870 1339 912 τῶν
1368 871 1516 912 δεινῶν
1543 874 1631 918 τοῖς
1656 872 1819 925 πλη-ιο

308 931 533 991 σιοχῶροις
558 935 778 989 ἐνέβαλον,
824 932 898 975 καί
926 936 1010 976 τῶν
1037 933 1289 977 ἐπιθεόντων
1317 937 1612 991 δυνατωτέρων
1635 928 1765 977 ὅντων

309 998 351 1042 οἱ
379 997 453 1056 τὴν
481 998 635 1057 ἔφοδον
658 1001 738 1054 οὐχ
756 999 1041 1056 ὑφιστάμενοι
1060 1001 1366 1053 μετανίσταντο·
1389 997 1528 1055 ῶσπερ
1541 999 1615 1042 καί
1630 1000 1763 1042 οἷΣα-

308 1065 514 1122 ράγουροι
546 1066 764 1115 ἐλαθέντες
800 1064 909 1107 κατά
940 1064 1110 1121 ζήτησιν
1146 1068 1222 1122 γῆς
1258 1064 1365 1123 πρὸς
1404 1072 1492 1116 τοῖς
1529 1064 1763 1122 Ἀκατίροις

311 1126 487 1181 Οῧννοις
514 1133 725 1186 ἐγένοντο,
754 1129 828 1173 καὶ
851 1130 996 1185 μάχας
1022 1129 1128 1187 πρὸς
1154 1132 1337 1181 ἐκείνους
1364 1129 1522 1180 πολλάς
1549 1131 1762 1187 συστησά-

307 1212 427 1251 μενοι
453 1195 567 1252 τό,τε
605 1199 739 1254 φῦλον
777 1197 1108 1252 κατηγωνίσαντο
1149 1199 1222 1239 καί
1247 1195 1349 1253 πρὸς
1384 1196 1630 1250 ςΡωμαιόυς
1657 1194 1813 1254 ἆφί-ιὸ

306 1278 427 1305 κοντο
443 1296 456 1316 ,
503 1269 648 1317 τυχεῖν
673 1265 746 1317 τῆς
773 1259 910 1305 αὐτῶν
936 1259 1182 1316 βουλόμενοι
1220 1261 1579 1318 ἐπιτηδειότητος.
1635 1265 1761 1317 βασι-

304 1327 405 1379 λευς
447 1322 524 1372 οὖν
568 1327 642 1370 καί
677 1328 717 1370 οἱ
758 1329 869 1385 ἄμφ’
906 1326 1039 1371 αὐτὸν
1080 1326 1489 1386 φιλοφρονησάμενοι
1527 1326 1602 1371 καὶ
1641 1330 1760 1385 δῶρα

304 1392 446 1444 δόντες
482 1393 643 1443 αὐτοὺς
671 1393 943 1447 ἀπέπεμψαν.

123 1449 164 1485 Δ·
176 1447 297 1530 (ἰῃῇὃξ
421 1461 481 1503 ιε’.
499 1457 592 1503 Ὅτι
611 1460 929 1502 στασιασάντων
943 1462 1027 1502 τῶν
1042 1458 1245 1516 φυγάδων
1259 1460 1396 1502 ἐθνῶν
1411 1458 1517 1502 κατά
1535 1459 1635 1511 τούς
1647 1460 1754 1504 κατὰ

157 1520 299 1587 LeonJ9
310 1524 387 1582 τὴν
405 1528 461 1569 ἕω
471 1526 719 1580 Ῥωμαίους,
736 1523 854 1581 παρὰ
871 1528 953 1567 τῶν
968 1527 1135 1567 Ἰταλῶν
1154 1524 1355 1582 πρεσβεάκ
1373 1521 1546 1582 ἄφίκετο
1563 1527 1812 1581 λέγουσα,αο
1908 1559 1915 1573 η,

271 1589 368 1643 Βῶς
387 1591 440 1633 οὔ
438 1608 471 1646 χ
491 1591 813 1647 ὖποστήσονται,
831 1592 871 1633 εἰ
895 1588 955 1646 μή
979 1593 1028 1644 γέ
1054 1606 1178 1648 σφισι
1205 1588 1302 1640 τούς
1317 1589 1567 1646 Βανδήλους
1581 1593 1756 1635 διαλλά-
1849 1588 1852 1589 ⁷

1119 326 1125 332 ,
1261 309 1303 339 Α).
1357 278 1682 335 ἐπρεσβεύσαντο
1723 281 1772 325 δὲ

1236 346 1325 392 ὐς
1355 343 1602 398 ζΡωμαιόυς
1627 346 1771 403 Σαρά-

399 1679 435 1725 4.
459 1679 566 1723 ἠθῶν
584 1679 757 1722 (ΞειιιιοεΙ.,
781 1678 906 1714 ἐθνῶν
931 1678 1025 1724 vulg.
1098 1679 1130 1714 5.
1151 1678 1332 1727 Ἀβάρεις]
1357 1679 1506 1727 Ἀβοίρις
1531 1680 1631 1715 Suid.
1656 1693 1682 1715 s.
1706 1693 1753 1723 πη,

395 1727 555 1773 Ἀβαροι
588 1727 683 1772 vulg.
801 1729 837 1762 6.
874 1719 994 1768 οῗκτὴν
1031 1725 1132 1760 Suid.
1169 1739 1197 1760 s.
1235 1738 1266 1760 v.
1298 1726 1466 1772 Ἀβάρις,
1498 1725 1618 1770 αὕτὴν
1655 1728 1752 1773 vulg.
1789 1740 1791 1742 ·

396 1769 468 1817 τήν
503 1772 544 1808 δὲ
578 1774 710 1819 χώραν
739 1793 787 1800 --
823 1775 1109 1819 μετανίσταντο.
1161 1774 1292 1807 Omnia
1317 1774 1429 1814 haec,
1461 1775 1594 1807 omissa
1625 1775 1665 1809 in
1689 1785 1755 1808 ex—

400 1820 556 1865 cerptis,
591 1830 611 1852 e
649 1819 762 1853 Suida
795 1831 822 1852 s.
846 1831 878 1855 v.
911 1818 1066 1866 ’Λβάρις
1095 1820 1259 1854 restituit
1284 1818 1336 1853 Cl.
1393 1820 1436 1854 In
1454 1819 1512 1854 his
1537 1833 1570 1857 v.
1600 1833 1652 1857 ια.
1678 1820 1754 1867 οὐχ

401 1866 484 1902 add.
509 1866 552 1900 N.

308 1944 600 1982 Occidentalium
632 1944 742 1979 rebus
780 1944 862 1978 fuit.
924 1943 1025 1977 Circa
1065 1943 1105 1977 id
1140 1949 1282 1990 tempus
1311 1946 1448 1991 legatos
1474 1947 1521 1980 ad
1545 1946 1754 1981 orientales

306 1995 488 2028 Romanos
510 1992 687 2025 miserunt
714 1991 904 2036 Saraguri,
931 1991 1039 2035 Urogi
1075 1995 1112 2024 et
1149 1991 1316 2037 Onoguri.
1381 1993 1458 2026 Hae
1501 1999 1624 2039 gentes
1665 2005 1752 2038 pro-

306 2042 398 2087 priis
424 2039 572 2073 sedibus
599 2039 760 2079 eiectae,
786 2037 972 2071 commissa
997 2049 1117 2083 pugna
1141 2049 1221 2071 cum
1239 2038 1402 2080 Sabiris‚‘
1421 2051 1510 2086 quos
1537 2039 1754 2084 expulerant

307 2086 473 2128 Abares,
511 2090 548 2119 et
585 2085 656 2130 ipsi
692 2095 839 2130 quoque
869 2088 1027 2117 extorres
1063 2083 1148 2118 facti
1195 2096 1214 2117 a
1247 2085 1435 2130 gentibus,
1475 2097 1569 2131 quae
1610 2087 1750 2120 Oceani

306 2134 415 2167 littus
457 2131 690 2172 accolebant,
730 2131 794 2164 sed
825 2130 927 2164 sedes
961 2141 1042 2163 suas
1072 2131 1296 2175 reliquerant
1317 2138 1466 2178 propter
1494 2132 1659 2178 ingentes
1681 2143 1752 2167 ne-

304 2180 413 2214 bulas
438 2190 483 2212 ex
505 2178 613 2212 maris
636 2176 832 2222 vaporibus
858 2182 952 2211 ortas
979 2182 1016 2210 et
1037 2182 1185 2221 propter
1208 2188 1370 2221 magnam
1397 2178 1642 2223 ingruentium
1667 2191 1751 2225 gry-

305 2225 464 2271 phorum
495 2224 794 2265 multitudinem,
826 2234 917 2269 quos
951 2235 1027 2257 non
1061 2224 1161 2270 prius
1193 2234 1394 2258 recessuros
1428 2236 1505 2258 esse
1530 2225 1625 2259 fama
1650 2231 1748 2267 erat,

306 2283 419 2317 quam
443 2283 553 2316 genus
577 2271 776 2303 humanum
801 2269 1053 2304 devorassent:
1079 2269 1213 2316 quibus
1237 2271 1504 2305 calamitatibus
1532 2272 1681 2306 excitati
1705 2273 1747 2307 in
1802 2286 1805 2288 ·

306 2319 549 2352 finitimorum
575 2317 676 2351 sedes
701 2318 920 2362 irruperunt.
969 2317 1014 2349 Et
1027 2326 1149 2350 omnes
1177 2317 1344 2362 quidem,
1371 2318 1434 2362 qui
1455 2318 1657 2352 violentum
1683 2328 1746 2352 eo-

309 2376 390 2399 rum
417 2364 593 2410 impetum
613 2365 794 2397 sustinere
818 2375 892 2397 non
919 2368 1114 2407 poterant,
1140 2369 1340 2404 cesserunt,
1365 2364 1471 2398 sicuti
1498 2369 1535 2397 et
1559 2365 1747 2410 Saraguri,

308 2412 374 2457 qui
400 2411 445 2443 ad
471 2422 580 2445 novas
607 2411 709 2444 sedes
733 2409 956 2456 quaerendas
982 2410 1120 2451 coorti,
1145 2409 1191 2442 ad
1215 2410 1366 2443 Hunnos
1386 2410 1547 2444 Acatiros
1567 2421 1745 2456 pervene-

308 2462 396 2492 runt
418 2462 464 2498 et,
493 2458 615 2491 multis
639 2458 788 2502 proeliis
814 2457 937 2497 initis,
959 2462 1101 2501 gentem
1117 2455 1346 2497 devicerant,
1371 2462 1408 2490 et
1431 2457 1575 2492 demum
1600 2457 1647 2492 ad
1669 2458 1743 2492 Ro-

307 2515 434 2538 manos
458 2504 719 2537 nanciscendae
752 2514 875 2538 eorum
900 2503 1081 2537 societatis
1107 2503 1229 2548 cupidi
1261 2514 1298 2536 se
1325 2505 1566 2538 contulerunt.
1614 2505 1742 2552 Itaque

306 2552 505 2596 Imperator
535 2551 669 2595 legatos
693 2550 850 2595 benigne
876 2550 1038 2594 excepit,
1063 2555 1100 2584 et
1122 2548 1334 2582 muneribus
1359 2553 1504 2584 affectos
1533 2551 1682 2585 remisit.

404 2598 455 2631 15.
502 2597 597 2629 Dum
622 2601 745 2641 gentes
767 2596 884 2641 patria
908 2596 1080 2641 profugae
1104 2607 1183 2630 cum
1209 2596 1377 2630 Romanis
1398 2597 1436 2629 in
1462 2597 1611 2631 Oriente
1627 2596 1744 2642 ¹dissi-

308 2644 420 2684 dent,
452 2643 583 2687 legatio
615 2642 661 2674 ab
695 2642 796 2675 Italis
830 2643 1000 2684 advenit,
1032 2652 1124 2689 quae
1152 2642 1309 2676 doceret
1339 2654 1393 2676 res
1417 2645 1525 2678 Italas
1550 2650 1644 2678 stare
1666 2653 1743 2678 non

308 2701 433 2736 posse,
468 2690 540 2723 nisi
569 2689 642 2723 sibi
678 2688 859 2723 vandalos
893 2689 1178 2723 reconciliarent.
1227 2689 1338 2723 Venit
1370 2695 1406 2723 et
1433 2690 1569 2736 legatio
1602 2702 1622 2724 a
1658 2690 1744 2731 Per-

310 2748 429 2770 sarum
452 2747 558 2782 rege,
595 2746 689 2783 quae
726 2735 857 2771 multos
893 2746 913 2767 e
947 2734 1091 2770 Perside
1115 2735 1161 2768 ad
1186 2736 1363 2770 Romanos
1390 2738 1582 2784 confugere
1609 2747 1743 2785 quere-
