1924 3164
583 145 618 186 E
653 142 939 212 mmm
995 144 1269 189 msromA.
1532 130 1651 207 4¹²9

204 247 407 303 εἰρημένα
422 249 580 304 κυρίως
605 247 680 290 καὶ
702 249 746 298 ἐς
773 250 850 302 ἐμὲ
877 245 1046 304 ἥκοντα,
1076 248 1135 299 ὥς
1161 245 1295 304 οἶμαι,
1322 247 1367 300 ἒς
1393 246 1439 292 τὸ
1467 248 1653 307 ἀκριβὲς,

202 304 458 370 μεταφέρειν
501 315 546 362 ές
573 309 860 369 ἑτερολογίαν,
899 316 975 356 καί
998 317 1061 373 τῷ
1096 317 1300 373 γλαφυρῷ
1336 317 1420 358 τῶν
1458 314 1654 371 ῥημάτων

203 378 308 432 οὖχί
330 378 381 420 τὰ
412 375 493 421 ὅσα
521 376 710 435 ἐρ’ῥήθη,
741 378 848 422 ἄλλά
878 378 959 436 γὰρ
988 379 1066 436 την
1091 383 1166 436 τῆς
1182 378 1399 437 ῥητορικῆς
1424 379 1654 424 ἐπιδείκνυ-

203 448 311 487 σθαι
358 444 562 499 δύναμιν,
595 446 783 498 μάλιστα
823 445 897 487 καὶ
934 446 1033 501 περὶ
1067 448 1258 489 σπονδῶν
1295 444 1406 490 οὕτω
1443 450 1655 502 μεγίστοιν

178 510 326 553 5δυοῖν
353 511 570 565 βασιλέοιν
596 509 671 552 καὶ
694 513 925 553 πολιτείαιν
966 513 1201 570 ποιουμένῳ
1228 528 1304 566 μοι
1328 511 1406 568 τὴν
1431 515 1655 569 ἀπαγγελί-

203 593 269 619 αν.
327 577 368 618 εἰ
410 579 457 620 δέ
482 593 528 632 γε
565 572 651 632 ἄρα
689 574 896 631 βούλεταί
917 594 982 627 τις
1017 576 1071 620 τά
1101 575 1181 620 ὅσα
1220 583 1412 635 Περσῶν
1450 580 1655 635 βασιλεῦς

201 645 277 686 καί
300 645 478 697 Πέτρος
496 645 727 698 τηνικαῦτα
770 644 1192 700 (ἰκριβολογησαμένω
1233 641 1361 701 ἤστην
1390 648 1572 701 εἰδέναι,
1602 648 1654 690 a'-

201 707 446 760 ναλεξάσθω
474 711 611 750 ταῦτα
639 712 686 752 ἐκ
713 711 787 765 τῆς
830 711 965 752 αὐτοῦ
993 713 1165 766 Πέτρου
1196 716 1461 768 συναγωγῆς·
1516 711 1654 756 ἅπαν-ο

200 792 252 817 τα
277 773 359 831 γάρ
410 774 525 831 αὐτῷ
562 771 875 831 ἀναγέγραπται
918 778 963 825 ές
1003 774 1050 818 τὸ
1081 776 1252 832 ἀκριβὲς
1293 775 1426 820 ὄπόσα
1454 779 1653 835 Χοσρόης

149 840 272 885 zonat*
297 842 493 898 πρέσβεις
514 842 734 894 Ῥωμαίων
756 843 831 885 καί
840 843 1024 897 Περσῶν
1037 840 1181 894 ἕλεξάν
1207 859 1254 885 τε
1271 845 1344 886 καὶ
1364 839 1560 899 ἤκουσαν,
1573 846 1652 886 av'-

198 913 287 957 τοῖς
314 913 402 956 τοῖς
419 904 555 961 λόγοις
581 909 663 949 τῶν
692 909 993 964 φθεγξαμένων
1019 910 1233 965 εἰρημένα,
1261 909 1343 952 εἴτε
1362 908 1467 953 κατὰ
1494 910 1653 953 θωπεί-

198 991 252 1017 αν
279 972 373 1017 τινὰ
401 975 446 1025 ἐξ
474 970 636 1029 ἀμφοῖν
665 979 753 1016 τοῖν
777 981 925 1030 μεροῖν
944 974 1201 1030 τυγχάνουσι
1229 975 1447 1031 λεγόμενα,
1475 976 1545 1019 εἴτ’
1574 971 1652 1019 οὖν

198 1040 636 1096 κατασοβαρευόμενοι
663 1042 785 1096 σφῶν
812 1039 955 1093 ἔλεξαν
983 1037 1086 1084 ἄττα
1114 1037 1143 1097 ἢ
1178 1041 1495 1099 εἰρωνευόμενοι
1521 1037 1550 1099 ἢ
1579 1044 1653 1095 καί

198 1101 577 1162 ἐπιτωθάζοντεςῆ
605 1108 678 1148 καί
705 1103 1122 1164 α’ποφλαυρίζοντες·
1176 1111 1249 1151 καὶ
1275 1108 1420 1158 ἅπλῶς
1447 1108 1525 1151 ὅσα
1554 1111 1651 1165 ἐνῆν

150 1173 273 1216 ιόκαί
300 1170 412 1222 ὅπως
437 1172 535 1229 περί
560 1172 687 1214 τόσου
727 1173 969 1229 πράγματος
997 1176 1315 1229 διαλεγομένους
1340 1173 1440 1225 τούς
1465 1172 1652 1232 ἇμφοτέᾴ

197 1257 277 1296 ρας
304 1236 511 1288 πόλιτείας
540 1233 696 1294 ἄνδρας
722 1241 854 1281 εἰπεῖν
871 1272 884 1293 ,
913 1238 1084 1282 ἐνθένδε
1112 1237 1370 1283 ἇναλεκτέον.
1396 1242 1544 1295 τεῦχος
1569 1239 1652 1298 γὰρ

195 1305 394 1360 μέγιστον
419 1304 534 1347 ἑσότι
563 1308 648 1347 τῶν
673 1307 844 1347 τοιῶνδε
872 1304 1167 1362 πεπλήρωται,
1197 1304 1340 1360 οἶμαι,
1370 1306 1447 1357 ξὺν
1474 1305 1653 1365 ‹inqu-2123

196 1371 344 1427 λόγων,
369 1370 482 1427 εἰ.μὴ
509 1374 664 1429 Πέτρῳ
684 1369 973 1424 κεκόμψευταί
994 1388 1035 1415 τι
1056 1369 1288 1428 τῆςαῦτοῦ
1299 1370 1432 1429 χάριν
1449 1376 1651 1426 εὐκλείας,

196 1436 255 1489 ὥς
274 1433 326 1480 ἂν
350 1444 435 1487 τοῖς
459 1439 683 1491 μετέπειτα
704 1437 894 1493 δειχθείη
909 1437 968 1487 ὥς
986 1439 1103 1491 μάλα
1118 1438 1327 1495 ἐμβριθὴς
1340 1438 1414 1482 καὶ
1439 1436 1654 1490 ἀνάλωτος

142 1506 242 1551 αοὲν
268 1506 331 1562 τῷ
343 1501 589 1560 ῥητορεύειν
604 1505 663 1562 τῷ
681 1501 975 1556 καταμαλάξαι
991 1501 1240 1561 φρονήματα
1256 1505 1497 1561 βαρβαρικὰ
1527 1511 1650 1563 σκλη-

196 1567 254 1625 ρςέ
280 1585 324 1611 τε
354 1570 429 1611 καί
455 1565 631 1625 ὄγκώδη.
686 1567 852 1611 ἅπαντα
897 1568 948 1626 δη
981 1566 1057 1612 οὖν
1085 1571 1131 1612 ἐν
1159 1573 1212 1628 τῇ
1238 1568 1388 1614 τούτου
1416 1574 1549 1630 βιβλῳ
1579 1574 1650 1630 [τ’]

196 1634 496 1690 ἀναλεγόμενος
536 1634 735 1678 ὁστισοῦν
773 1631 974 1693 εὑρήσει·
1030 1637 1082 1678 οὕ
1120 1635 1202 1694 γὰρ
1245 1638 1347 1692 ἐμοί
1374 1653 1421 1693 γε
1461 1638 1655 1695 ὑπῆρχεν

290 1750 324 1795 4.
350 1751 542 1797 μεγίστων
567 1749 624 1784 ed.
719 1751 754 1785 5.
774 1749 1006 1797 ἐπαγγελίαν
1032 1750 1089 1785 ed.
1199 1761 1230 1797 7.
1256 1748 1652 1799 ἄκριβολογησιίιιενος

290 1796 347 1831 ed.
448 1808 499 1832 ιο.
529 1794 713 1843 πρεσβεύς
736 1797 794 1831 ed.
911 1800 978 1835 ⁷18.
1000 1796 1236 1845 κομψειίεταί
1263 1797 1320 1833 ed.
1423 1810 1481 1833 20,
1506 1811 1526 1833 τ
1578 1810 1650 1832 κα-

288 1843 500 1891 ταμαλάξαι
526 1843 583 1878 ed.
680 1856 737 1879 21.
762 1843 907 1879 τούτων
930 1845 987 1878 ed.

195 1934 398 1969 venerunt,
424 1940 466 1962 ea
491 1928 626 1963 deinde
652 1929 692 1961 in
717 1929 789 1962 alia
813 1929 925 1963 verba
950 1934 1181 1964 convertere:
1202 1930 1252 1964 ita
1280 1934 1322 1964 ut
1354 1931 1548 1976 splendore
1580 1941 1647 1964 vo·

191 1976 411 2009 *cabulorum
448 1986 524 2009 non
563 1976 725 2022 singula,
751 1987 844 2022 quae
868 1987 994 2021 reapse
1012 1976 1109 2010 dicta
1133 1976 1308 2017 fuerunt,
1335 1978 1400 2011 sed
1425 1978 1646 2012 rhetoricam

196 2023 321 2068 potius
348 2024 423 2056 vim
461 2029 794 2068 repraesentarem:
829 2023 1044 2068 praesertim
1079 2035 1192 2070 quum
1225 2025 1373 2058 foedera
1398 2037 1537 2059 narrem
1561 2031 1645 2058 tau-

196 2075 317 2104 torum
346 2069 500 2103 duorum
526 2082 648 2115 regum
673 2076 784 2115 atque
809 2070 1057 2115 imperiorum.
1117 2070 1258 2116 Quodsi
1284 2083 1392 2117 quem
1417 2074 1509 2106 scire
1534 2073 1645 2106 etiam

197 2115 372 2157 delectat,
404 2116 587 2162 quidquid
621 2117 756 2150 diserte
795 2117 894 2149 inter
916 2117 1102 2150 Persarum
1127 2129 1247 2162 regem
1273 2118 1490 2165 petrumque
1513 2121 1645 2152 actita-

192 2168 274 2196 -tum
299 2168 374 2204 est,
399 2165 430 2197 is
452 2163 559 2197 adeat
581 2163 678 2197 Petri
703 2165 818 2210 ipsius
843 2165 1143 2204 commentarios,
1177 2167 1217 2198 in
1242 2165 1377 2212 quibus
1397 2172 1526 2199 cuncta
1553 2165 1642 2199 dili-

197 2216 323 2255 genter
357 2211 520 2256 scripsit,
569 2221 821 2257 quaecumque
855 2210 1033 2244 Chosroes
1067 2211 1252 2256 legatique
1289 2218 1366 2245 tum
1399 2213 1643 2247 Romanorum

194 2263 274 2291 tum
300 2257 484 2291 Persarum
511 2258 624 2291 locuti
650 2263 735 2291 sunt
761 2258 820 2290 vel
839 2258 1056 2298 audierunt,
1093 2260 1278 2303 conceptis
1301 2259 1389 2303 ipsis
1413 2261 1643 2306 loquentium

195 2303 334 2338 verbis:
363 2305 439 2339 sive
463 2304 554 2338 haec
578 2304 835 2340 adsentatione
859 2304 1015 2350 quadam
1040 2307 1224 2350 utrimque
1251 2306 1348 2339 dicta
1370 2306 1541 2349 suerunt,
1567 2309 1642 2341 sive

197 2351 321 2391 serio,
353 2352 428 2385 sive
462 2353 621 2392 ironice,
661 2351 736 2384 sive
774 2352 884 2384 etiam
926 2350 1122 2384 irridenter
1166 2358 1204 2386 et
1234 2355 1495 2398 contemptim:
1532 2360 1642 2400 atque

198 2398 348 2431 omuino
375 2410 469 2444 quae
493 2398 539 2432 de
565 2410 602 2432 re
628 2404 730 2432 tanta
753 2404 790 2431 et
814 2398 996 2444 quomodo
1031 2397 1186 2432 dicenda
1215 2399 1415 2434 habuerint
1450 2403 1642 2447 utriusque

197 2443 344 2488 imperii
372 2445 467 2485 viri,
492 2457 535 2478 ea
558 2445 722 2479 indidem
748 2452 914 2489 repetere
938 2450 1101 2490 oportet:
1128 2451 1184 2479 est
1207 2447 1305 2480 euim
1329 2448 1499 2480 volumen
1524 2448 1643 2481 maxi-

196 2500 321 2531 mum,
346 2491 494 2535 plenum
516 2492 779 2532 veridicorum,
812 2497 854 2525 ut
875 2498 989 2536 puto,
1015 2502 1220 2527 sermonum
1234 2489 1246 2526 :⁴
1278 2493 1353 2526 nisi
1388 2494 1483 2527 forte
1515 2494 1640 2528 Petrus

197 2536 466 2582 aliquantulum
479 2544 640 2574 ostentat
664 2551 721 2579 se,
745 2539 861 2572 famae
890 2550 974 2571 suae
1003 2538 1227 2584 gratifican33
1256 2545 1297 2573 ut
1320 2541 1491 2574 nimirum
1515 2546 1641 2585 poste-

196 2586 298 2619 ritati
333 2585 575 2627 demonstret,
616 2598 654 2620 se
697 2587 810 2620 fuisse
844 2586 1091 2630 praevalidum
1134 2591 1244 2632 atque
1276 2588 1452 2621 invictum
1488 2588 1528 2621 in
1562 2593 1640 2621 arte

1662 261 1704 297 A.
1718 261 1756 296 C.
1781 263 1850 298 562

1662 309 1739 343 lnd.
1765 321 1804 343 ιο

1663 356 1789 390 lustin.
1807 357 1853 392 36

1662 1512 1702 1547 R.
1726 1513 1792 1561 357

195 2631 377 2666 rhetorica
411 2633 458 2667 ad
491 2633 718 2668 emoliendos
757 2633 865 2666 duros
898 2638 1010 2677 atque
1043 2632 1157 2667 elatos
1203 2632 1439 2668 barbarorum
1478 2634 1640 2677 spiritus.
1699 2640 1705 2642 “

194 2679 326 2713 Lector
349 2681 461 2725 igitur
497 2682 620 2716 omnia
657 2690 700 2714 eo
734 2680 772 2713 in
804 2679 900 2712 libro
936 2680 1112 2716 inveniet.
1160 2679 1290 2725 Neque
1322 2681 1420 2714 enim
1450 2680 1541 2714 mihi
1574 2687 1641 2714 ne-

187 2728 410 2771 cessarium,
452 2729 561 2763 immo
593 2738 714 2774 neque
762 2726 982 2760 concinnum
1013 2732 1092 2769 est,
1125 2726 1300 2762 scribenti
1318 2727 1519 2773 ‚historiam
1554 2728 1641 2762 lon-
