1924 3164
549 154 622 195 DE
660 151 831 196 REBUS
870 149 1252 196 MACEDoNlcls.
1545 130 1579 186 3
1591 150 1611 185 1

168 258 394 314 κέχρηνται
424 260 519 307 ταῖς
546 255 872 311 ἔπιτηὸεύσεσιν.
919 251 983 306 οἷς
1009 256 1057 297 δὲ
1082 253 1110 311 ἦ
1148 251 1275 310 ἅρετὴ
1307 251 1378 294 διά
1402 266 1448 294 τε
1478 250 1621 294 αύτῶν

168 324 244 365 καί
281 320 560 379 προπατόρων
599 321 782 376 ἐκτήθη,
824 319 962 378 φόβου
993 317 1196 375 αἰσχύνης
1229 319 1391 372 μᾶλλον
1429 312 1458 373 ἢ
1496 312 1621 359 ὄκνου

168 379 238 438 59³
258 387 360 438 τούς
388 387 605 437 κινδύνους
640 387 874 443 ἡττῶνται,
915 385 990 429 καὶ
1024 387 1234 430 {aelami
1257 382 1330 427 τόν
1368 384 1452 426 τῶν
1484 384 1623 426 καλῶν

169 453 297 497 πόνον
324 454 598 511 ὖφώτανται.
951 487 954 490 .

141 527 170 570 5
279 518 334 575 β’.
376 515 469 562 ’Ότι
509 519 632 576 φέρει
670 519 876 574 αἰσχύνην
925 517 1082 571 ὅμοίως
1121 515 1277 574 θράσει
1327 531 1374 559 τε
1420 517 1624 573 α’λογίστιρ

167 588 244 641 τῆς
268 584 326 643 μὴ
355 582 645 641 προσηκούσης
673 585 865 634 εὐκλείας
893 579 1132 641 ὄρέγεσθαι,
1160 582 1236 626 καὶ
1269 579 1474 638 διαδοχήν
1491 581 1626 640 ἔργων

170 651 358 708 ἀρίστων
387 652 595 708 α’νανδρία
623 653 670 694 ἐν
698 648 839 709 ἑαυτῷ
865 651 1118 693 καταλῦσαι.

279 718 330 773 γ’.
374 714 470 760 ‘'On
509 719 563 759 ου’
599 715 755 759 ταῦτὸν
811 715 1015 770 εὐβουλία
1055 715 1129 758 καί
1170 710 1310 766 ῧκνος-
1368 714 1392 758 ὅ
1428 718 1508 770 μὲν
1545 714 1626 772 γάρ

170 783 250 827 σύν
276 786 334 843 τῷ
360 785 552 840 περιδεεΐ
572 785 789 837 διαμέλλει
806 816 819 839 ‚
862 783 889 839 ἦ
919 784 966 825 δὲ
1005 781 1058 825 τά
1096 781 1302 839 κράτιστα
1341 781 1514 838 ἑλομένη
1542 778 1629 838 ὦρτ-

119 866 306 907 ιομησεν
334 853 378 901 ἐς
405 848 456 892 τά
487 848 604 906 ἔργα.

280 916 334 959 δ”.
379 913 473 960 ‘'On
499 921 587 965 τοῖς
615 916 792 975 ἄνδρείᾳ
816 917 1055 973 χρωμένοις
1104 914 1149 966 ἒς
1197 913 1252 956 τά
1290 912 1394 971 ἔργα
1439 913 1485 957 τὸ
1515 917 1632 957 θεῖον

168 985 409 1027 συνέπεται.

278 1049 324 1090 ε’.
368 1044 464 1090 ’Ότι
492 1045 768 1103 ἰσχυρότατον
811 1048 958 1096 στάσις
983 1045 1161 1103 ταράξαι
1204 1047 1371 1099 εὐεξίαν
1397 1046 1470 1089 καί
1496 1048 1748 1098 &fita-1³3„

170 1116 264 1166 ξίαν
294 1117 475 1171 φθεῖραι
502 1112 663 1162 πόλεώς
689 1128 736 1154 τε
764 1115 841 1154 καί
867 1115 1180 1169 στρατοπέδων.
1221 1136 1278 1146 -·
1342 1112 1449 1155 ἔνθα
1479 1114 1530 1169 δὴ
1559 1112 1633 1155 καί

120 1176 283 1222 Ῑ5ἅλλα
310 1182 395 1222 τῶν
425 1177 683 1223 ἀνελπίστων
724 1173 943 1233 ἅνθρωποι
983 1178 1332 1234 κατεργάζονται·
1388 1178 1517 1236 τόλμῃ
1545 1179 1628 1235 γὰρ

169 1244 251 1302 πρὸ
295 1243 514 1298 δυνάμεως
553 1240 852 1294 πιστεύσαντες
891 1242 964 1285 ἐπὶ
1001 1250 1089 1293 τοῖς
1131 1246 1331 1298 πολέμοις
1356 1273 1413 1279 -
1439 1248 1523 1287 τῶν
1562 1245 1633 1287 αἐἰ

168 1311 463 1366 μοχθούντων.
505 1335 562 1344 -·
628 1309 872 1365 ἀνέγκλητοι
912 1311 960 1352 δὲ
1010 1310 1255 1365 σύμμαχοι,
1302 1306 1383 1353 κᾶν
1423 1308 1779 1361 §Munus-eom&

168 1373 298 1433 αἷσιν,
338 1373 427 1431 ἅμα
456 1377 678 1435 προθυμίᾳ
705 1376 1033 1434 συμφορώτεροι
1059 1373 1087 1434 ἢ
1130 1375 1284 1433 πλήθει
1312 1375 1550 1434 περιόντες,
1579 1375 1629 1419 ὅ-

169 1459 321 1487 ποπτοι
349 1443 636 1485 ὗπολείποντο.

116 1525 172 1553 20
285 1510 332 1558 ς’.
379 1505 472 1552 ‘'On
509 1506 607 1558 τοὺς
647 1507 905 1565 πραγμάτων
945 1507 1139 1565 μεγάλων
1175 1512 1438 1566 προστασίαν
1475 1513 1522 1562 ἐξ
1550 1510 1628 1567 ἅρ-

160 1577 258 1632 χῆς>
276 1572 499 1628 ἑλομένους
526 1575 630 1617 ου’δὲ
675 1576 900 1625 ἐθέλοντας
933 1573 1024 1619 ἔστι
1063 1575 1270 1618 κινδύνων
1297 1575 1379 1628 ἔξω
1407 1575 1482 1618 καί
1505 1580 1628 1619 πολέ-

161 1658 257 1696 μων
283 1637 413 1683 εἶναι·
469 1641 705 1694 νομίζοντες
744 1639 826 1697 γάρ
866 1639 906 1683 οἱ
933 1643 978 1684 ἐν
1016 1644 1075 1700 τῷ
1099 1640 1276 1698 παρόντι
1302 1641 1520 1697 ἰσχύοντες
1542 1645 1627 1685 τῶν

162 1707 293 1765 οἷρετῇ
321 1705 607 1763 διαφερόντων
634 1706 712 1748 οὔκ
739 1703 987 1757 ἀκινδύνους
1013 1707 1091 1758 τὰς
1116 1709 1315 1764 ἡσυχίας,
1360 1707 1442 1751 σύν
1467 1711 1526 1766 τῷ
1552 1725 1628 1751 πε-

226 1835 228 1839 V
258 1807 290 1842 7.
307 1795 426 1840 ἓαυτῳ·
447 1793 506 1836 Ν.,
521 1794 634 1840 ἑαυτῇ
657 1795 714 1829 ed.
839 1800 893 1834 18.
917 1797 952 1830 εἰ
983 1796 1154 1832 ὕποπτοι
1177 1797 1448 1835 ἀπολείποιντο
1466 1799 1560 1834 coni.
1586 1800 1623 1832 B.

259 1844 315 1878 23.
342 1840 574 1879 ἀκινδύνους
598 1841 662 1884 Ν.,
687 1842 901 1881 ἀκινδύνως
929 1844 986 1878 ed.

163 1922 384 1963 instituunt3
410 1921 546 1968 quibus
569 1932 655 1956 vero
668 1927 706 1956 et
722 1934 787 1956 sua
804 1929 842 1957 et
864 1923 1041 1958 maiorum
1061 1936 1207 1958 suorum
1227 1925 1344 1959 virtus
1374 1924 1487 1964 inest,
1520 1925 1550 1957 ii
1584 1924 1624 1958 in

163 1971 336 2017 periculis
364 1971 629 2013 timori-magis
658 1970 922 2015 turpitudinis,
966 1982 1074 2017 quam
1100 1971 1294 2017 pigritiae,
1337 1969 1491 2004 obnoxii
1517 1975 1621 2012 sunt,

164 2017 338 2064 ultroque
361 2015 534 2050 honestos
554 2016 699 2049 labores
724 2017 922 2061 excipiunt.

259 2077 291 2099 2.
338 2063 464 2110 Aeque
483 2069 590 2108 turpe
611 2069 667 2097 est
686 2064 796 2097 stulta
823 2064 974 2097 audacia
989 2064 1224 2110 incongruam
1255 2064 1409 2109 gloriam
1441 2069 1614 2112 appetere

164 2121 208 2144 ac
228 2111 409 2157 praeclari
433 2111 553 2155 operis
573 2112 872 2144 exercitationem
892 2111 1041 2156 propria
1062 2111 1206 2156 ignavia
1231 2112 1409 2146 omittere.

260 2160 292 2192 3.
340 2157 422 2191 Alia
438 2163 492 2191 est
505 2162 646 2192 matura
666 2157 905 2199 deliberatio,
933 2158 1005 2190 alia
1023 2158 1217 2203 segnities:
1245 2168 1405 2204 namque
1426 2158 1518 2194 haec
1533 2171 1615 2193 cum

164 2205 297 2239 timore
321 2205 484 2245 restitat‚
507 2204 573 2238 illa
599 2204 665 2237 ubi
690 2206 828 2250 optime
853 2204 1033 2246 decrevit,
1057 2204 1103 2238 ad
1127 2215 1217 2250 opus
1242 2205 1435 2243 incumbit,

259 2251 293 2296 4.
338 2251 523 2285 Audentes
545 2261 766 2296 manumque
792 2253 894 2297 operi
919 2251 1151 2285 admoventes
1178 2252 1278 2285 Deus
1303 2252 1461 2286 adiuvat.

258 2300 290 2333 5.
339 2297 443 2332 Nihil
464 2298 619 2332 validius
644 2298 826 2332 seditione
852 2303 907 2332 est
931 2298 978 2332 ad
1002 2298 1140 2332 bonum
1170 2298 1361 2345 publicum
1390 2300 1613 2345 perturban-

164 2344 272 2387 dum,
306 2351 417 2391 atque
449 2344 496 2378 ad
532 2345 690 2380 civitatis
728 2351 999 2391 castrorumque
1036 2345 1203 2380 ordinem
1237 2345 1533 2380 subvertendum.
1565 2369 1613 2375 —-

161 2391 258 2435 Hinc
284 2392 356 2425 alia
383 2402 529 2438 quoque
556 2393 741 2437 insperata
765 2392 932 2426 homines
956 2393 1107 2427 faciunt.
1154 2392 1316 2427 Audacia
1346 2394 1448 2427 enim·
1475 2396 1612 2440 potiuS,

163 2449 276 2484 quam
297 2439 449 2479 viribus,
474 2439 599 2473 confisi
624 2439 665 2472 in
688 2438 796 2473 bellis
823 2439 1013 2473 hominum
1032 2450 1174 2485 semper
1190 2451 1497 2475 aerumnosorum.
1547 2444 1613 2475 In-

163 2484 302 2530 culpati
323 2486 573 2527 autemgsocii‚
600 2486 742 2520 etiamsi
764 2487 953 2532 pauciores
973 2497 1145 2529 numero,
1171 2492 1294 2522 tamen
1323 2487 1513 2523 alacritate
1534 2491 1612 2522 uti-

162 2532 294 2572 liores,
318 2537 362 2565 ut
374 2533 532 2577 suspecti
554 2532 825 2567 deserebantur.

255 2580 289 2613 6.
338 2578 414 2624 Qui
437 2580 548 2613 semel
571 2591 782 2626 magnarum
807 2590 926 2614 rerum
951 2580 1119 2624 regimini
1147 2580 1404 2625 praefuerunt,
1429 2582 1489 2623 iis,
1507 2593 1554 2616 ne
1579 2583 1611 2616 si

161 2625 280 2659 velint
300 2624 460 2671 quidem,
481 2637 603 2660 carere
623 2628 797 2672 periculis
817 2627 999 2672 bellisque
1018 2627 1116 2660 licet.
1153 2627 1298 2661 Etenim
1323 2628 1393 2669 illi,
1417 2630 1482 2675 qui
1504 2640 1611 2675 prae-

162 2673 258 2705 senti
275 2673 438 2716 potentia
451 2673 606 2718 pollent,
628 2674 889 2714 existimantes,
906 2675 1062 2708 intutam
1073 2685 1150 2708 esse
1164 2676 1432 2720 praeclarorum
1446 2677 1608 2710 virorum

161 2719 343 2764 quietem,
367 2725 540 2766 metuque
572 2721 717 2766 perciti,
749 2733 796 2756 ne
835 2732 971 2755 summa
1004 2733 1124 2756 rerum
1157 2722 1366 2767 priventur,
1401 2723 1510 2756 etiam
1541 2722 1606 2757 ubi
