1924 3164
267 201 297 234 2
313 200 331 233 1
343 182 380 234 6
843 197 1124 239 ExcERPTA

261 298 443 353 σεσθαι,
485 300 526 343 εἶ
552 297 686 341 αὐτὸν
722 299 1013 354 προσδέξοιντο
1039 295 1383 356 πρεσβευόμενον,
1412 300 1546 343 σκῦλα
1575 302 1644 354 δὲ,
1674 301 1717 345 εἴ

224 363 478 416 Ριοῖ-νελόντες
505 363 750 422 ἀφέλοιντο.
805 361 916 406 οὕτω
944 365 1023 417 μὲν
1052 360 1128 407 οὖν
1157 361 1367 419 ἄπρακτος
1394 366 1577 424 ἐπανῄει.
1602 398 1605 399 ⁷

75 431 166 466 A.c.
182 433 250 475 4¹36
345 430 391 484 ζ’,
409 429 507 475 ’Ότι
531 432 572 472 Γ
570 432 761 486 εζερίχου
789 428 864 486 τὴν
884 428 1051 487 Ῥώμην
1081 429 1394 488 πορθήσαντος,
1421 433 1495 474 καί
1518 433 1717 487 βασιλεύ-

113 480 375 572 Βῖίῗιῖἓιξοντος
398 499 596 551 Ἀβιτου,
626 494 881 550 Μαρκιανὸς
910 495 932 539 ὅ
959 499 1045 540 τῶν
1070 499 1144 553 τῆς
1180 500 1237 540 ἕω
1268 497 1491 551 Ῥωμαίων
1517 499 1718 553 βασιλεὺς

260 563 376 620 παρὰ
419 561 490 605 τὸν
527 563 568 603 Γ
567 563 759 616 εζέριχον
795 560 868 611 τὸν
909 566 995 606 ταῖν
1021 562 1253 619 Βανδήλων
1293 558 1483 620 ἄρχοντα
1523 566 1745 620 πρέσβειςὸ

258 628 471 681 ἔστελλεν,
515 625 621 669 ὥστε
663 630 735 683 τῆς
756 627 929 670 Ἰταλῶν
956 628 1194 684 ἀπέχεσθαι
1224 631 1301 684 γῆς
1331 629 1404 672 καί
1428 628 1504 680 τοὶς
1529 629 1718 685 βασιλεί-

257 711 330 744 ους
357 694 583 746 ἐκπέμπειν
621 699 822 748 γυναῖκας
866 694 1165 750 αἰχμαλώτους
1192 695 1425 750 ἀγομένας,
1454 694 1534 751 τήν
1552 711 1597 738 τε
1624 699 1719 739 Βα-

252 761 518 803 λεντινιανοῧ
545 758 729 816 γαμετήν
757 763 830 803 καί
857 760 934 812 τὰς
963 763 1096 816 αὐτῆς
1124 764 1390 818 θυγατέρας.
1444 763 1519 804 καί
1547 762 1587 804 οἱ
1617 763 1719 819 πρὲ-

254 829 370 878 σβεις
412 825 457 874 ἐς
501 823 579 880 τὴν
607 827 664 868 ἕω
702 821 906 883 ἄπρακτοι
945 829 1201 885 ἐπανῄεσαν·
1243 827 1389 870 orielem*
1408 826 1486 884 γὰρ
1516 829 1600 870 τῶν
1624 829 1720 870 ἕπε-

255 892 503 944 σταλμὲνων
546 890 662 949 παρὰ
708 894 784 934 τοῦ
811 895 1070 949 Μαρκιανοῦ
1119 892 1141 935 ὅ
1182 895 1223 935 Γ
1221 894 1409 949 εζέριχος
1453 892 1774 951 ὑπήκουσεν,ιο

255 954 355 1000 οῦδὲ
383 956 471 1012 μὴν
498 955 616 1000 λύειν
642 957 717 1010 τὰς
755 966 956 1014 γυναῖκας
992 960 1214 1013 ἐβούλετο.
1269 958 1292 1001 ὅ
1323 961 1370 1002 δὲ
1398 957 1652 1016 Μαρκιανὸς
1679 962 1722 1003 ἓ·-

232 1036 367 1080 (ἰτερα
404 1021 511 1080 πρὸς
550 1023 683 1067 αὐτὸν
710 1026 912 1079 διέπεμπε
951 1023 1185 1081 γράμματα
1213 1024 1286 1068 καί
1311 1025 1385 1067 τὸν
1411 1024 1722 1082 πρεσβευσόμε-

256 1106 326 1133 νον
355 1091 556 1146 Βλήὸαν·
614 1085 667 1145 ἦν
697 1093 745 1133 δὲ
771 1093 848 1147 τῆς
874 1093 949 1134 τοῦ
977 1094 1019 1135 Γ
1016 1091 1210 1149 εζερίχου
1241 1090 1443 1148 αἱρέσεως
1469 1092 1690 1140 ἐπίσκοπος
1707 1107 1720 1119 ·

256 1159 333 1211 τῆς
355 1157 434 1212 γὰρ
463 1158 548 1199 τῶν
566 1159 839 1213 Χριστιανῶν
867 1159 1099 1214 θρησκείας
1126 1156 1199 1199 καὶ
1222 1156 1322 1207 τούς
1338 1158 1586 1213 Βανδὴλους
1613 1153 1723 1199 εἶναι

258 1223 483 1276 συμβαίνει
501 1253 514 1264 .
570 1220 618 1272 ὃς
646 1221 791 1279 ἐπειδὴ
820 1226 919 1279 παρ’
953 1222 1084 1266 αὐτὸν
1112 1219 1282 1280 ἄφίκετο
1319 1225 1394 1266 καί
1433 1220 1536 1279 ἔγνῳ
1563 1224 1615 1281 τῇ
1643 1217 1778 1265 ati-¹5

256 1290 336 1329 τοῦ
363 1286 421 1343 μὴ
450 1287 722 1332 ὑπακούοντα
751 1293 979 1348 πρεσβείᾳ,
1022 1289 1353 1346 αὐθαδεστέρων
1391 1289 1521 1345 λόγων
1549 1285 1725 1344 ἥπτετο,

260 1355 335 1396 καί
359 1353 442 1411 ἔφη
482 1354 542 1410 μὴ
586 1354 797 1398 συνοίσειν
835 1352 976 1413 αὐτῷ,
1014 1355 1132 1412 εἴπερ
1161 1353 1245 1398 ὑπὸ
1274 1357 1350 1412 τῆς
1376 1352 1594 1411 παρούσης
1625 1350 1727 1410 εὔη-

258 1419 412 1475 μερίας
433 1420 583 1477 ἀρθεὶς
620 1422 694 1463 καί
728 1423 810 1464 τῶν
845 1420 951 1464 κατὰ
980 1420 1056 1477 τήν
1085 1422 1142 1464 ἕω
1163 1419 1390 1475 Ῥωμαίων
1409 1422 1590 1475 βασιλέα
1619 1419 1728 1476 πρὸς

260 1485 444 1540 πόλεμον
476 1487 591 1544 αὐτῷ
633 1484 866 1543 ἀναστῆναι
911 1484 1250 1544 παρασκευάσω,
1294 1485 1369 1536 τὰς
1396 1489 1638 1540 βασιλείους
1663 1484 1724 1540 μή

814 1547 836 1563 >l

262 1549 378 1594 λύων
410 1558 623 1608 γυναῖκας.
660 1553 754 1596 ἀλλ’
783 1568 877 1595 ουτε
918 1556 1005 1595 τῶν
1034 1555 1388 1609 προηγησαμένων
1416 1551 1490 1595 ἐπὶ
1528 1553 1582 1609 τῇ
1620 1566 1780 1607 πρε-πο

263 1617 386 1676 σβείᾳ
417 1616 613 1675 ῥημάτων
641 1619 858 1672 ἐπιείκεια,
900 1614 998 1661 οὔτε
1028 1615 1272 1674 οἷπειληθεὶς
1302 1617 1434 1675 φόβος
1471 1619 1625 1673 μέτρια
1651 1615 1726 1658 τὸν

266 1686 309 1726 Γ
307 1686 495 1740 εζέριχον
535 1691 707 1742 φρονεῖν
745 1683 998 1741 ἠνάγκασεν·
1065 1680 1280 1742 ἄπρακτον
1305 1684 1389 1741 γὰρ
1419 1683 1501 1726 καῖ’
1516 1681 1585 1726 τὸν
1612 1681 1728 1738 Βλὴ-

220 1751 346 1794 Βὸαν
374 1749 619 1806 ἀπέπεμπε,
661 1753 736 1794 καί
761 1754 805 1803 ἐς
831 1750 909 1806 τήν
937 1752 1131 1795 Σικελίαν
1160 1746 1290 1800 αὖθις
1319 1752 1392 1793 καί
1417 1751 1460 1800 ἐς
1491 1749 1565 1806 τὴν
1594 1748 1737 1806 πρόσ-

364 1853 398 1886 9.
426 1841 503 1876 τῶν
526 1841 818 1888 ἐπεσταλμένων
842 1839 901 1883 Ν.,
922 1841 1219 1888 ἀπεσταλμένων
1241 1840 1336 1887 vulg.

261 1920 372 1954 wlona
396 1920 441 1954 iis
466 1932 627 1963 cessura,
667 1922 698 1956 si
723 1933 761 1955 se
788 1926 965 1968 tanquam
990 1922 1149 1967 legatum
1175 1917 1431 1964 admitterent,
1455 1921 1594 1968 spolia,
1617 1919 1648 1954 si
1670 1920 1730 1954 in-

273 1967 429 2002 terfecto
453 1967 526 2001 sibi
553 1968 747 2014 eriperent.
795 1969 841 2002 Et
865 1969 917 2001 sic
940 1969 1077 2002 infecta
1102 1979 1140 2002 re
1164 1968 1285 2003 rediit.
1562 1979 1564 1982 ’

361 2027 392 2060 7.
441 2014 659 2057 Martianus,
691 2016 936 2050 Romanorum
971 2015 1215 2050 Orientalium
1247 2016 1467 2060 Imperator,
1503 2012 1550 2047 ad
1585 2011 1726 2046 Gense-

267 2061 383 2094 ricum
427 2067 512 2106 post
546 2062 694 2097 Romam
737 2062 784 2094 ab
819 2072 884 2103 eo,
916 2062 1023 2096 Avito
1048 2063 1273 2106 imperante,
1309 2061 1467 2095 dirutam
1491 2060 1628 2105 legatos
1654 2058 1726 2092 mi-

267 2107 336 2147 sit,
356 2108 434 2152 'qui
460 2108 633 2143 iuberent
659 2121 742 2144 eum
766 2107 812 2141 ab
840 2109 948 2143 Italia
971 2109 1147 2142 vastanda
1171 2108 1378 2149 abstinere,
1416 2113 1454 2142 et
1476 2116 1626 2140 uxorem
1648 2105 1726 2138 Va-

268 2154 468 2187 lentiniani
507 2161 545 2190 et
579 2156 658 2189 eius
689 2156 784 2199 filias
807 2155 849 2189 in
868 2155 1125 2201 ,captivitatem
1149 2154 1324 2189 abductas
1357 2153 1521 2187 libertati
1556 2151 1728 2186 restitue·

271 2210 323 2233 re.
373 2201 445 2234 Sed
475 2202 608 2247 legati,
644 2213 683 2236 re
716 2203 874 2244 infecta,
914 2202 953 2236 in
980 2202 1170 2236 Orientem
1206 2201 1341 2235 reversi
1371 2205 1468 2238 sunt.
1512 2199 1604 2232 Nam
1631 2198 1728 2232 nihil

278 2256 422 2287 eorum,
458 2259 552 2292 quae
584 2261 604 2282 a
628 2249 810 2283 Martiano
844 2250 1021 2294 imperata
1052 2249 1217 2289 fuerant,
1251 2248 1391 2288 facere,
1423 2256 1544 2292 neque
1570 2245 1726 2279 liberare

273 2293 447 2326 mulieres
470 2295 597 2328 voluit.
647 2295 896 2342 Quamobrem
920 2296 1124 2330 Martianus
1160 2296 1292 2328 iterum
1315 2294 1455 2328 litteras
1479 2292 1525 2326 ad
1551 2291 1728 2325 Genseri-

275 2351 358 2372 cum
402 2342 547 2385 scripsit
595 2352 661 2387 per
697 2343 844 2376 Bledam
885 2343 1056 2387 legatum.
1111 2343 1199 2376 Erat
1230 2347 1353 2375 autem
1393 2338 1504 2373 Bleda
1535 2338 1727 2384 episcopus

273 2385 468 2420 haereseos
505 2388 704 2422 Genseriei.
771 2389 929 2423 Vandali
965 2391 1063 2423 enim
1090 2387 1377 2422 Christianorum
1409 2386 1548 2420 cultum
1575 2390 1612 2418 et
1638 2385 1728 2419 reli-

271 2433 419 2478 gionem
451 2434 607 2478 amplexi
639 2436 794 2469 fuerant.
843 2435 913 2468 Hic
944 2435 1009 2468 ubi
1044 2434 1091 2468 ad
1116 2435 1350 2469 Gensericum
1388 2432 1560 2472 accessit,
1614 2437 1726 2476 atque

272 2480 433 2512 alienum
460 2491 481 2512 a
507 2491 570 2512 sua
595 2481 777 2526 legatione
803 2483 1011 2527 perspexit,
1039 2481 1078 2516 in
1104 2482 1213 2516 verba
1238 2479 1458 2527 superbiora,
1475 2478 1605 2524 erupit.
1640 2478 1726 2512 Nou

271 2527 368 2560 bene
395 2537 578 2560 cessurum
605 2527 681 2567 ini,
721 2530 751 2562 si
786 2529 825 2562 in
856 2528 1062 2573 praesentia
1096 2528 1205 2562 rebus
1237 2524 1404 2560 secundis
1438 2525 1552 2558 elatus
1585 2525 1726 2558 bellum
1761 2528 1763 2533 '

272 2585 354 2606 cum
380 2573 615 2606 orientalium
652 2585 800 2620 quoque
827 2576 1070 2608 Romanorum
1094 2575 1316 2621 Imperatore
1329 2570 1584 2612 ‘conti-aberet,
1615 2571 1725 2617 regiis

272 2619 489 2653 mulieribus
523 2631 597 2653 non
634 2620 674 2652 in
707 2622 916 2655 libertatem
954 2622 1145 2655 restitutis.
1194 2620 1264 2654 Sed
1290 2629 1411 2665 neque
1435 2619 1508 2652 ulla
1531 2616 1726 2653 verborum

273 2666 406 2700 lenitas
430 2667 531 2711 prius
557 2677 577 2699 a
604 2666 723 2713 legato
751 2673 940 2713 usurpata,
965 2679 1086 2713 neque
1110 2667 1275 2701 incussus
1299 2666 1430 2706 timor,
1461 2666 1564 2698 illum
1591 2664 1638 2698 ad
1663 2665 1726 2698 ul·-

274 2714 343 2746 lam
373 2713 486 2747 animi
514 2712 801 2747 moderationem
826 2713 1036 2758 pertrahere
1063 2718 1270 2758 potuerunt.
1327 2712 1417 2745 Nam
1443 2712 1590 2745 medam
1622 2711 1724 2744 irrita

273 2760 458 2805 legatione
483 2758 651 2801 dimisit,
687 2764 724 2794 et
757 2771 882 2795 rursus
919 2761 958 2796 in
985 2761 1146 2795 Siciliam
1191 2765 1228 2794 et
1273 2760 1438 2805 proxima
1482 2757 1608 2807 ltalia·
1645 2757 1725 2792 loca
