1924 3164
334 174 368 232 3
382 175 447 230 16
924 190 1201 234 ExCERPTA

145 297 316 345 A-C-571
334 310 425 348 σοι,
454 297 628 337 καθελεῖΙ
655 307 702 336 τε
742 289 940 348 Χοσρόην
974 293 1047 335 καί
1091 291 1217 344 αὐτὸς
1256 295 1431 349 βασιλέα
1470 296 1762 355 χειροτονῆσαι

333 362 547 418 Πέρσαις.
603 355 712 400 οὕτω
738 359 875 400 τοίνυν
901 357 1108 414 ὑπερόρια
1137 357 1265 402 εἰπών
1296 360 1516 416 ἀπέπεμψε
1531 363 1761 419 Σεβόχθην.

152 443 322 489 Α,(;,575
443 423 522 469 κοί.
564 420 658 467 Ὅτι
695 423 789 466 ἐπεὶ
812 424 1028 474 Ἰουστΐνος
1053 422 1130 473 τὰς
1156 426 1312 481 φρένας
1341 425 1555 484 παρεκόπη
1583 429 1657 472 καὶ
1689 433 1760 472 Tc·-

208 491 464 548 ῙΡξΙ-ὃβέριον
493 490 710 541 α’νεδέξατο
740 491 908 531 διοικεῖν
946 491 1021 545 τῆς
1047 492 1255 541 πολιτείας
1282 489 1335 533 τοὶ
1362 490 1608 548 πράγματα,
1636 495 1681 538 ἒν
1709 490 1760 536 ἆ·-

136 536 437 619 ¹¹¹⁸tssff¹¹lssgn69c9
465 551 573 611 ἦσαν
600 553 728 605 αὐτός
759 570 805 596 τε
831 556 1021 612 Τιβέριος
1038 558 1110 598 καί
1138 556 1163 611 ἦ
1185 559 1352 610 ,Βασιλίς
1371 559 1507 615 Σοφία
1534 556 1647 609 ὅπως
1673 559 1784 607 did-5

219 630 258 665 V.
276 615 466 676 79θοιντο
496 620 547 663 τοὶ
576 621 658 663 τῶν
686 621 901 674 πολέμων.
973 620 1079 663 ἅλλοὶ
1107 620 1186 677 γὰρ
1214 620 1336 665 ἔλυσε
1364 621 1410 666 τὸ
1452 619 1609 680 ἄπορον
1639 625 1760 680 σφῶν

329 684 526 741 βασιλεὺς
566 683 589 728 ὅ
617 688 800 742 Περσῶν
836 686 895 735 αἷς
921 683 994 729 τὸν
1017 686 1245 740 Ῥωμαιῖον
1283 685 1569 746 αὖτοκράτορα
1596 690 1760 740 στείλας

322 749 540 806 Ἰάκωβον,
581 749 628 801 ὃς
653 751 707 794 τὰ
732 750 926 809 Περσικὰ
954 750 1124 808 ῥήματα
1151 755 1205 811 τῇ
1234 753 1439 809 Ἑλληνίδι
1466 757 1584 812 φωνῇ
1610 756 1760 798 διασα-

291 819 519 875 Οφηνίζειν
552 817 780 874 ἠπίστατο.
810 818 1042 873 συννοήσας
1076 817 1180 876 γαρ,
1212 819 1269 868 ὥς
1300 822 1358 871 εἰς
1385 819 1560 875 ἔσχατον
1587 823 1663 862 νῦν
1690 822 1759 863 ἐλ-

327 885 448 933 πίδος
484 883 523 925 οἱ
563 883 771 937 “Ρωμαι”ὀι
815 882 1193 940 κατολισθήσαντες
1232 882 1403 941 ἥδιστον
1438 885 1515 940 μὲν
1542 882 1594 928 ἂν
1621 884 1812 940 ἔχοιενιο

326 949 400 991 ἐπὶ
434 953 526 998 ταῖς
556 947 746 992 οἷαισοῦν
773 947 1000 1004 ξυνθήκαις
1029 951 1229 992 διαλῦσαι
1254 949 1326 993 τὸν
1350 950 1557 1005 πόλεμον,
1597 948 1646 993 οὖ
1674 949 1759 1007 μὴν

325 1011 547 1071 θαᾷῥῆσαι
567 1015 790 1071 πρεσβείαν
806 1013 898 1058 τινὰ
920 1019 1083 1058 στεῖλαι
1103 1013 1175 1058 διὰ
1192 1014 1238 1057 τὸ
1269 1015 1345 1057 οὐκ
1371 1015 1640 1072 εὖπρόσωπον
1653 1013 1762 1065 εἶναι

325 1078 400 1122 τὸν
428 1079 663 1135 α’ρξοέμενον
691 1083 872 1134 πολέμου
909 1077 1184 1136 ἀπάρξασθαι
1210 1083 1284 1124 καί
1306 1081 1505 1131 ἱκετείας·
1559 1080 1762 1138 προτερήῆ

323 1161 405 1195 σας
443 1142 517 1189 οὖν
561 1144 583 1188 ὅ
612 1148 797 1202 Περσῶν
831 1145 1032 1200 βασιλεύς
1069 1145 1143 1200 τήν
1185 1143 1389 1203 αἰσχύνην
1415 1151 1662 1203 προανεῖλε,
1690 1145 1765 1189 καὶ

323 1213 380 1268 τῷ
417 1211 698 1267 κατεπτηχότι
735 1211 809 1266 τῆς
848 1209 1013 1267 γνώμης
1042 1211 1183 1254 αὕτῶν
1219 1213 1411 1267 ἐπενόησε
1436 1210 1675 1269 πρόφασιν,
1703 1211 1812 1262 ὥςιό

326 1273 380 1318 ὃν
419 1274 586 1319 ἔλθοιεν
626 1278 670 1325 ἐς
711 1275 859 1331 λόγους
895 1273 1157 1331 αἰτησόμενοι
1194 1279 1289 1330 μεθ’
1326 1275 1532 1333 ἱκετηρίας
1567 1275 1784 1334 εἰρήνην.Υ

283 1343 484 1385 Ὁστέλλει
520 1343 660 1384 τοίνυν
689 1338 908 1396 Ἰάκωβον,
946 1338 1118 1395 ἄμεινόν
1136 1358 1229 1391 πως
1253 1343 1596 1397 βουλευσάμενος,
1620 1343 1679 1392 ὥς
1704 1339 1754 1385 οὔ

218 1415 314 1452 V.8o
327 1404 489 1449 πώποτε
517 1403 571 1449 ἂν
594 1409 883 1463 εὐκλεέστερον
910 1410 1083 1463 Πέρσαι
1122 1407 1197 1450 τὸν
1230 1406 1338 1464 πρὸς
1359 1405 1600 1462 ςΡωμαίους
1627 1406 1760 1450 κατοί-

317 1476 462 1514 &ewra
491 1472 694 1527 πόλεμον·
747 1475 933 1515 τοσαῦτα
959 1469 1038 1528 γάρ
1069 1471 1266 1514 ἐνδώσειν
1307 1470 1565 1527 ,“Ρωμαιὀυς,
1595 1470 1676 1515 ὅσα
1704 1469 1758 1514 ἂν

317 1536 553 1594 ἐθελήσωσι
591 1540 765 1595 Πέρσαι
801 1534 946 1580 αὖτοί.
1014 1537 1041 1593 ἢ
1082 1539 1130 1579 δὲ
1167 1541 1364 1580 σταλεῖσα
1401 1537 1503 1593 πρὸς
1539 1539 1673 1580 αὐτοῦ’
1700 1537 1811 1588 ὦςῃο

311 1603 535 1647 Ἰουστῖνον
558 1602 756 1659 ἐπιστολὴ
783 1599 877 1646 οὔτε
904 1605 978 1658 τῆς
1004 1603 1168 1658 ἡλικίας
1195 1599 1247 1658 ἦν
1274 1605 1352 1645 τοῦ
1379 1605 1561 1659 Περσῶν
1585 1605 1756 1659 βασιλέ-

407 1671 494 1706 Post
522 1671 645 1717 fragm.
671 1683 730 1710 20,
761 1675 964 1718 sequuntur
995 1671 1035 1705 in
1071 1670 1167 1715 vulg.
1193 1670 1273 1703 ‘duo
1306 1681 1351 1704 ex
1382 1671 1576 1705 simocatta
1613 1672 1756 1716 petita,

381 1755 384 1759 ⁴
410 1723 450 1751 et
473 1718 606 1752 lemma
631 1718 672 1752 ἐκ
696 1718 761 1761 τῆς
782 1717 811 1762 β’
836 1718 974 1761 βίβλου,
998 1716 1097 1762 quod
1122 1717 1167 1750 ad
1193 1716 1346 1751 eundem
1370 1718 1538 1761 pertinet.
1631 1719 1665 1753 3.
1692 1719 1757 1750 Τι-

408 1765 534 1810 βέριος
546 1764 641 1799 coni.
657 1766 696 1799 B.
765 1761 796 1808 4.
812 1762 1024 1805 α’νεδείξατρ
1041 1763 1131 1796 coni.
1147 1762 1187 1796 N.
1295 1775 1328 1809 9.
1352 1763 1396 1801 οἷς
1421 1765 1474 1800 εἰς
1503 1763 1664 1809 ἔσχατον
1684 1765 1758 1798 νῦν

409 1810 468 1851 Ν.,
482 1810 531 1847 οἷς
553 1810 716 1855 ἔσχατον
735 1809 784 1847 ὥς
796 1811 868 1846 νῦν
880 1810 974 1855 vulg.
1050 1807 1361 1854 1ο.,θαρ’(ἷήσειαν
1386 1811 1477 1843 coni.
1501 1811 1539 1843 B.
1610 1822 1666 1846 20.
1685 1810 1756 1843 αδ-

381 1857 384 1862 “
408 1857 480 1890 τοῦ
503 1856 560 1898 N„
581 1851 701 1892 αῠτόν
724 1857 820 1903 vulg.
915 1868 970 1891 οι.
985 1858 1190 1891 Ἰουστῖνον
1206 1857 1327 1901 H.mg.
1341 1881 1351 1898 ,
1374 1854 1647 1892 Ἰουστινιανὸν
1661 1857 1754 1902 vulg.

317 1914 437 1960 perit,
469 1913 666 1948 chosroem
696 1914 741 1948 de
772 1913 893 1949 medio
932 1913 1181 1955 sublaturum,
1212 1918 1249 1947 et
1279 1924 1396 1958 regem
1422 1913 1535 1948 Persis
1576 1913 1753 1948 daturum.

316 1961 375 1996 Ad
398 1961 496 1994 hune
518 1961 665 1994 modum
690 1962 890 1995 insolenter
911 1961 1075 2000 locutus,
1105 1959 1346 1995 Sebochthem
1374 1961 1519 1993 missum
1542 1960 1638 1994 fecit.

412 2018 467 2042 οι.
517 2007 608 2041 Cum
636 2007 798 2042 Iustinus
834 2009 966 2042 mentis
991 2006 1243 2041 imbecillitate
1272 2007 1475 2048 laboraret,
1506 2011 1542 2040 et
1562 2006 1751 2041 Tiberium

318 2053 543 2098 reipublicae
583 2053 888 2088 administrandae
913 2053 1168 2100 praefecisset,
1205 2053 1374 2088 Tiberius
1413 2057 1449 2086 et
1469 2053 1592 2096 regina
1620 2053 1753 2086 incerti

318 2105 445 2142 erant,
470 2099 562 2146 quid
595 2099 641 2134 de
671 2100 779 2134 rebus
803 2099 947 2134 bellicis
988 2104 1205 2142 statuerent3
1243 2098 1307 2133 sed
1331 2099 1594 2133 dubitationem
1618 2099 1753 2133 exemit

316 2146 504 2180 Persarum
535 2157 619 2188 rex,
663 2148 728 2193 qui
760 2146 1119 2191 Iacobum-legatum
1161 2147 1206 2180 ad
1230 2146 1467 2180 Romanorum
1499 2145 1752 2190 imperatorem

315 2194 428 2226 misit.
472 2195 506 2227 Is
541 2193 680 2227 Persica
713 2193 823 2227 verba
849 2193 984 2227 Graece
1020 2192 1221 2237 exprimere
1249 2198 1406 2226 noverat.
1452 2190 1542 2225 Nam
1567 2192 1751 2226 Persarum

314 2248 402 2278 tex,
439 2241 682 2274 Romanorum
716 2251 773 2275 res
797 2240 836 2273 in
860 2241 1027 2274 ultimum
1059 2238 1252 2272 discrimen
1275 2237 1446 2271 adductas
1469 2249 1547 2272 esse
1575 2242 1688 2278 ratus,
1713 2243 1754 2272 et

315 2284 412 2319 nihil
438 2286 631 2320 iucundius
657 2291 695 2320 et
718 2287 958 2332 opportunius
982 2285 1056 2320 illis
1080 2287 1289 2331 contingere
1315 2294 1440 2330 posse,
1466 2294 1573 2329 quam
1599 2284 1752 2328 quibus-

314 2332 371 2365 vis
404 2331 677 2366 conditionibus
716 2332 854 2366 bellum
885 2344 976 2378 pace
1013 2331 1143 2373 finire,
1175 2333 1277 2366 cuius
1309 2330 1362 2364 rei
1402 2331 1512 2375 gratia
1545 2336 1665 2364 tamen
1688 2340 1750 2365 eos

345 2377 473 2412 uderet
494 2379 711 2424 legationem
739 2380 905 2421 mittere,
934 2377 1033 2425 quod
1049 2377 1257 2412 indecorum
1281 2375 1545 2418 existimarent,
1570 2387 1662 2417 eum,
1685 2377 1752 2422 qui

316 2388 459 2456 Renum
484 2425 723 2468 suscepisset,
750 2425 898 2460 initium
919 2423 1147 2471 supplicandi
1168 2425 1306 2463 facere,
1327 2421 1424 2456 hunc
1446 2424 1617 2467 pudorem
1642 2433 1750 2466 prae-

316 2469 498 2503 veniendo
537 2471 694 2504 sustulit.
749 2473 795 2506 Et
818 2473 991 2518 quoniam
1025 2471 1244 2505 consternati
1278 2469 1396 2503 animo
1422 2474 1544 2510 erant,
1572 2468 1749 2503 rationem

317 2520 357 2549 et
384 2516 607 2549 occasionem
633 2519 866 2562 excogitavit,
891 2524 932 2552 ut
954 2529 1019 2563 per
1043 2518 1200 2561 speciem
1225 2515 1401 2561 colloquii
1424 2526 1546 2559 pacem
1566 2515 1745 2592 supplices

319 2566 477 2596 orarent.
525 2563 652 2608 Itaque
678 2565 794 2598 mittit
821 2564 1016 2604 Iacobum,
1038 2564 1159 2597 Persas
1186 2573 1369 2609 nunquam
1398 2562 1585 2605 gloriosius
1636 2561 1748 2595 ellum

317 2614 444 2642 eontra
481 2610 659 2642 Romanos
695 2609 877 2655 deponere
913 2610 1017 2655 posse
1051 2609 1282 2649 existimans,
1320 2608 1406 2654 quia
1439 2608 1586 2642 Romani
1607 2607 1746 2648 omnia,

317 2665 413 2702 quae
443 2655 571 2690 Persae
605 2655 808 2700 voluerint,
840 2662 960 2690 essent
1000 2656 1214 2690 concessuri.
1268 2655 1388 2700 Atque
1418 2654 1507 2687 haec
1541 2655 1645 2687 missa
1683 2663 1750 2698 per

317 2701 486 2735 Iacobum
526 2700 574 2734 ad
609 2701 786 2735 Iustinum
811 2703 964 2748 epistola
996 2711 1115 2747 neque
1151 2696 1259 2735 aetati
1293 2701 1384 2746 regis
1407 2701 1586 2734 Persarum
1608 2709 1749 2733 nocom—

318 2747 463 2783 mndata
493 2753 581 2789 erat,
591 2744 687 2794 (nam
710 2749 888 2794 puerilem
913 2750 950 2783 in
975 2746 1123 2783 modum
1147 2747 1349 2795 conscripta
1370 2748 1485 2795 erat‚)
1513 2756 1629 2794 nequ
1653 2745 1747 2780 alte·
