1924 3164
575 174 609 213 E
646 169 818 214 muscr
856 168 1128 213 ms‘romA.
1488 168 1507 202 1
1521 149 1591 204 83

149 274 208 324 ὣς
239 274 313 317 τοῦ
343 270 523 329 Ἀττήλα
559 275 604 322 ἒς
638 273 781 328 κώμην
815 272 908 316 τινὰ
953 271 1262 327 παρεσομένου,
1301 269 1347 311 ἓν
1384 264 1415 326 ᾗ
1445 274 1596 328 γαμεζν
1609 275 1648 310 Α.
1668 276 1789 321 0448

147 343 366 395 θυγατέρα
399 337 558 394 Ἐσκὰμ
597 339 815 393 ἐβούλετο,
843 340 1039 387 πλείστας
1063 337 1142 390 μὲν
1168 334 1279 390 ἔχων
1303 334 1491 389 γαμετάς
1506 366 1519 387 ,
1547 322 1730 404 ‹Ji-4¹32&
1744 369 1786 415 4‘

148 402 321 461 γόμενος
361 407 410 447 δὲ
447 405 523 447 καί
556 403 715 460 ταύτην
756 403 862 447 κατὰ
891 401 1018 457 νόμον
1044 401 1116 445 τὸν
1143 398 1374 444 Σκυθικόν.
1427 399 1642 450 ἑνθένδεῃ
1731 397 1738 404 ’

149 471 441 527 ἐπορευόμεθα
469 469 571 512 ὅὸὁν
598 463 763 524 ὄμαλὴν
778 503 791 522 ,
832 470 876 511 ἑν
903 470 1033 527 πεδίῳ
1074 469 1296 524 κειμένην,
1323 463 1700 521 ναυσιπόροιςν·38

121 537 191 581 ὅτε
218 534 532 593 προσεβάλομεν
561 541 788 588 ποταμοῖς,
819 529 948 589 ῶν,οἱ
985 535 1176 588 μέγιστοι
1211 529 1316 585 μετὰ
1335 529 1419 574 ,τὸν
1432 525 1605 586 Ἴστρον.

148 598 235 655 ὅ,τε
262 600 440 658 Λρήκων
467 601 690 656 λεγόμενος
718 601 793 642 καί
819 597 840 641 ὅ
877 602 1003 654 Τίγας
1030 600 1103 640 καί
1129 597 1150 640 ὃ
1185 597 1380 655 Τιφήσας
1407 591 1481 654 ἦν.
1526 595 1601 638 καὶ

145 668 323 718 τούτους
358 670 438 721 μὲν
475 665 797 723 ἐπεραιώθημεν
836 672 925 715 τοῖς
962 662 1204 718 μονοξύλοις
1239 665 1422 718 πλοίοις,
1467 658 1528 712 οἷς
1556 660 1607 704 οἱ.

148 736 467 790 προσοικοῦντες
503 732 603 784 τούς
642 731 858 786 ποταμούς
893 734 1151 788 κέχρηνται·
1222 728 1323 778 τούς
1352 730 1399 772 δὲ
1426 727 1606 778 λοιπούς.

148 805 243 849 ταῖς
271 800 460 854 σχεδίαις
491 799 823 853 διεπλεύσαμεν,
867 796 919 848 ἂς
954 797 1029 841 ἐπὶ
1053 798 1139 839 τῶν
1169 793 1343 850 ἁμαξῶν
1370 795 1411 837 οἱ
1437 792 1602 849 βάρβα-

100 875 220 922 Ιοροι
248 864 320 907 διὰ
347 863 448 915 τούς
476 862 751 919 λιμνάζοντας
790 865 973 921 φέρουσι
1009 862 1186 912 τόπους.
1241 862 1521 917 ἐχορηγοῦντο
1550 860 1598 902 δὲ

99 939 105 944 “
147 931 252 988 ἡμῖν
280 930 385 973 κατὰ
414 929 558 984 κώμας
584 930 763 987 τροφαὶ,
809 931 906 972 ἀντὶ
947 931 1025 983 μὲν
1053 929 1173 973 σίτου
1203 929 1404 983 κέγχρος,
1431 925 1524 969 α’ντί
1550 927 1599 969 δὲ

147 996 263 1040 οἴνου
294 997 317 1038 ὅ
344 998 472 1049 μέδος
499 995 738 1052 ἐπιχωρίως
779 992 1063 1049 καλούμενος.
1115 991 1357 1047 ἐκομίζοντο
1384 993 1433 1034 δὲ
1457 990 1532 1032 καί
1557 987 1598 1032 οἶ
1645 1010 1650 1014 ·

147 1060 346 1116 ἑπόμενοι
373 1061 475 1117 ἡμῖν
501 1062 708 1118 ὑπηρέται
739 1064 916 1116 κέγχρον
943 1058 1089 1102 καὶτὸ
1117 1060 1164 1101 ἐκ
1203 1059 1364 1114 κριθῶν
1390 1054 1598 1113 χορηγού-

146 1143 268 1182 μενοι
294 1126 434 1181 πόμα·
462 1125 596 1181 κάμον
634 1126 673 1170 οἷ
700 1126 914 1183 βάρβαροι
942 1127 1144 1168 καλοῦσιν
1171 1122 1300 1166 αὐτό.
1353 1121 1525 1177 μακρὰν
1553 1123 1642 1164 δὲΡ.
1655 1131 1700 1165 56

98 1190 380 1243 15ἆνύσαντες
408 1192 508 1235 ὅδὸν
535 1193 635 1248 περὶ
661 1195 799 1247 δείλην
822 1190 954 1246 ὄψιάν
987 1187 1359 1246 κατεσκηνώσαμεν
1385 1187 1494 1244 πρὸς
1536 1189 1612 1229 λί--

146 1276 230 1317 μνῃ
259 1258 354 1312 τινὶ,
384 1259 560 1312 πότιμον
585 1256 704 1314 ὕδωρ
734 1259 912 1314 ἐχούσῃ,
941 1253 1042 1311 ὅπερ
1073 1256 1114 1298 οἱ
1138 1256 1209 1310 τῆς
1239 1255 1414 1310 πλησίον
1442 1252 1599 1308 ὑδρεύ-

147 1339 244 1368 οντο
285 1325 453 1380 κώμης.
505 1325 671 1377 πνεῦμα
709 1325 756 1365 δὲ
796 1322 871 1364 καί
894 1322 1057 1365 θύελλα
1092 1323 1288 1375 ἐξαπίνης
1336 1320 1597 1361 διαναστᾶσα

145 1388 255 1444 μετὰ
283 1392 468 1446 βροντῶν
493 1390 568 1432 καί
605 1391 776 1444 συχνῶν
813 1390 1041 1444 οἷοτραπῶν
1068 1389 1143 1429 καί
1171 1381 1333 1441 ὄμβρου
1361 1385 1518 1427 πολλοῦ
1545 1381 1615 1425 ού-

144 1455 275 1511 μόνον
301 1456 421 1511 ἡμῶν
447 1453 651 1512 ἀνέτρεψε
677 1455 755 1510 τὴν
781 1453 959 1510 σκηνὴν,
997 1451 1105 1495 ἀλλὰ
1134 1454 1208 1494 καί
1231 1451 1309 1508 τὴν
1335 1449 1599 1505 κατασκευήν

92 1521 373 1575 κοσύμπασαν
399 1523 443 1572 ἐς
471 1520 520 1564 τὸ
549 1520 664 1578 ὕδωρ
693 1517 858 1563 ἐκύλισε
885 1521 958 1575 τῆς
985 1520 1154 1574 λιμνης.
1209 1515 1294 1560 ὕπὸ
1322 1518 1369 1559 δὲ
1395 1518 1470 1571 τῆς
1494 1532 1598 1571 κρα-

146 1584 303 1643 τούσης.
326 1587 400 1630 τὸν
428 1588 536 1644 οἷέρα
562 1588 755 1643 ταραχῆς
794 1584 869 1627 καὶ
892 1587 969 1627 τοῦ
995 1582 1243 1638 συμβάντος’
1265 1584 1598 1636 ὃειματωθέντες
1644 1613 1650 1617 .

145 1653 193 1698 τὸ
220 1653 391 1711 »χωρίον
428 1654 706 1707 ἅπελείπομεν
743 1654 817 1694 καί
860 1650 1050 1706 ἀλλήλων
1091 1649 1414 1706 ἐχωριζόμεθα,
1452 1645 1509 1698 ῶς
1550 1648 1596 1690 ἐν

244 1768 298 1802 ¹9-
322 1753 505 1800 ἀνέτρεψε
528 1753 593 1795 N.,
615 1754 748 1800 ἔτρεψε
770 1753 864 1798 vulg.

175 1844 351 1889 regressi,
387 1842 462 1876 alio
496 1843 566 1876 iter
594 1843 805 1882 vertimur,
826 1840 994 1884 Scythis,
1040 1841 1105 1887 qui
1141 1840 1236 1872 viam
1271 1838 1477 1879 ducebant,
1528 1848 1595 1872 nos

164 1891 189 1926 d
216 1891 333 1924 facere
370 1888 596 1923 iubentibus.
655 1889 786 1922 Attilas
816 1889 958 1922 interea
992 1886 1032 1920 in
1057 1884 1214 1931 quodam
1238 1886 1318 1917 vico
1346 1886 1529 1924 substitit,
1555 1886 1595 1920 in

147 1949 222 1984 quo
259 1937 373 1970 filiam
408 1937 534 1969 Escam
566 1945 741 1976 uxorem,
777 1934 847 1967 etsi
878 1933 1001 1977 plures
1038 1932 1128 1965 alias
1167 1930 1340 1971 haberet,
1384 1930 1596 1975 Scytharum

146 1984 290 2030 legibus
329 1983 369 2016 id
401 1981 726 2026 permittentibus,
760 1980 892 2014 ducere
925 1979 1052 2012 voluit.
1099 1977 1207 2010 Illinc
1228 1977 1330 2010 facili
1374 1983 1412 2011 et
1450 1978 1595 2022 aequali

147 2032 228 2072 via,
251 2042 317 2076 per
341 2029 533 2074 planitiem
557 2029 628 2061 iter
652 2028 816 2067 fecimus,
833 2030 870 2059 et
893 2026 934 2059 in
951 2026 1083 2058 multos
1107 2023 1235 2059 fluvios
1254 2023 1478 2069 navigabiles
1502 2025 1596 2057 inci-

148 2077 279 2112 dimus.
329 2076 492 2121 Quorum
518 2079 601 2120 post
623 2075 755 2107 Istrum
779 2072 928 2106 maximi
955 2077 1040 2105 sunt
1058 2071 1201 2104 Drecon
1227 2070 1345 2103 dictus
1360 2095 1371 2110 ,
1398 2076 1436 2104 et
1461 2070 1568 2116 'I'igas
1582 2095 1596 2112 ‚

149 2129 189 2158 et
212 2123 392 2168 Tiphisas.
440 2123 487 2156 Et
511 2122 578 2155 hos
604 2120 753 2165 quidem
784 2118 960 2152 naviculis
995 2118 1101 2150 unico
1136 2117 1235 2161 ligno
1269 2116 1468 2158 confectis,
1503 2129 1592 2163 quas

148 2171 190 2205 in
214 2169 430 2216 quotidiano
459 2179 527 2201 usu
554 2166 695 2200 habent
718 2167 783 2212 qui
806 2166 852 2199 ad
875 2165 1023 2198 flumina
1046 2163 1239 2204 habitant,
1276 2163 1437 2208 reliquos
1459 2162 1594 2197 lembis

149 2226 197 2251 ex
229 2217 439 2262 propinquo
470 2215 697 2258 desumptis,
732 2223 822 2258 quos
854 2210 1002 2246 barbari
1034 2210 1200 2244 curribus
1223 2211 1442 2254 imponunt,
1465 2215 1503 2244 et
1527 2222 1595 2255 per

150 2263 232 2295 loca
262 2261 508 2306 restagnantia
531 2261 751 2306 important,
775 2257 994 2292 traiecimus.
1042 2255 1339 2302 Congerebantui·
1360 2266 1446 2290 vero
1484 2255 1594 2291 nobis

153 2319 199 2342 ex
220 2309 311 2344 vicis
347 2313 588 2348 commeatus,
623 2317 688 2350 pro
713 2305 895 2339 frumento
932 2303 1096 2344 milium,
1118 2314 1185 2348 pro
1226 2304 1313 2337 vino
1358 2302 1507 2347 medus;
1542 2304 1595 2338 sic

151 2356 250 2389 enim
271 2356 433 2389 locorum
456 2355 599 2390 incolae
622 2358 762 2388 vocant.
811 2350 912 2385 Servi
939 2361 1107 2396 quoque,
1135 2351 1199 2395 qui
1223 2361 1289 2383 nos
1314 2348 1596 2392 comitabantur,

151 2402 296 2436 milium
329 2413 452 2435 secum
492 2399 715 2446 portabant,
747 2400 938 2444 potionem
974 2407 1020 2430 ex
1050 2395 1188 2430 hordeo
1214 2395 1456 2441 praebentes,
1482 2407 1595 2441 quam

151 2458 293 2481 camum
314 2447 462 2482 barbari
487 2448 684 2492 appellant.
733 2446 856 2489 Longa
879 2445 939 2477 via
967 2443 1154 2483 confecta,
1189 2442 1249 2477 die
1284 2442 1332 2476 ad
1354 2449 1499 2477 noctem
1532 2444 1594 2478 in-

153 2495 337 2534 clinante,
361 2494 408 2528 ad
430 2495 603 2539 paludem
627 2492 832 2538 quandam,
864 2489 910 2523 ad
934 2501 1042 2536 quam
1069 2495 1241 2536 aquatum
1272 2490 1364 2535 (erat
1387 2491 1486 2523 enim
1511 2489 1592 2523 eius

153 2551 249 2586 aqua
271 2542 374 2584 potui
396 2541 495 2586 apta)
519 2541 676 2586 proximi
699 2539 769 2574 vici
794 2537 936 2573 incolae
971 2537 1099 2578 ibant,
1135 2536 1294 2571 tentoria
1325 2536 1479 2571 fiximus.
1527 2536 1593 2570 In-

153 2598 239 2631 gens
273 2591 402 2619 ventus
437 2593 475 2621 et
505 2587 665 2632 procella
696 2585 893 2629 derepente
918 2588 1042 2617 exorta
1087 2594 1171 2617 cum
1195 2583 1335 2616 tonitru
1379 2587 1417 2616 et
1454 2581 1593 2616 crebris

153 2631 358 2677 fulguribus
391 2637 429 2667 et
459 2635 574 2667 multo
612 2633 729 2666 imbre
779 2630 976 2665 tentorium
1004 2634 1168 2663 nostrum
1192 2628 1361 2669 disiecit,
1398 2633 1437 2662 et
1470 2628 1592 2663 omnia
1631 2643 1635 2646 ·

153 2684 279 2717 nostra
301 2679 472 2713 utensilia
492 2681 531 2713 in
556 2680 756 2725 proximam
782 2676 954 2722 paludem
985 2675 1109 2710 volvit.
1166 2674 1394 2710 Turbinibus
1429 2674 1469 2711 in
1507 2678 1594 2708 aere

155 2725 344 2766 excitatis,
376 2731 414 2759 et
445 2736 542 2767 casu,
573 2726 639 2775 qui
662 2726 881 2770 contigerat,
911 2720 1179 2771 perterrefacti,
1209 2722 1330 2758 locum
1353 2721 1460 2757 illum
1483 2719 1591 2757 dese-
