1924 3164
498 224 533 265 E
569 223 812 267 ΝοΝΝοει
850 220 1128 267 msroiuA.
1423 204 1500 274 48
1513 219 1535 261 ι

81 321 172 365 δενί
193 324 277 366 ταῖν
304 324 520 381 ἐγχωρίων
545 319 598 381 ἦν
626 319 810 379 εὔκολον,
840 322 941 370 οῦδὲ
968 324 1123 383 εἴργειν
1146 325 1219 382 τῆς
1239 325 1388 382 νομῆς.
1443 326 1545 368 τοῦ-

76 404 124 432 w
148 390 229 444 μὲν
253 383 332 448 οὖν
355 390 516 444 μεταξὺ
542 389 590 434 τὸ
616 393 760 446 θέαμα
787 394 934 442 αὐτοῖς
961 388 1265 449 προσεγεγόνει.

189 454 288 511 Xer)
320 457 367 499 δὲ
399 458 474 498 καί
497 451 551 499 τὰ
579 459 678 514 περὶ
706 460 781 512 τῆς
804 456 991 514 κράσεως
1018 460 1104 500 τῶν
1142 454 1281 515 ἀέρων
1313 457 1457 510 εἰπεῖν,
1475 449 1545 498 οἶα

80 515 163 563 α’πό
189 521 263 576 τῆς
285 517 406 577 Αἷίης
433 521 506 564 ἐπί
540 517 617 578 την
641 517 866 576 Αῧξουμιν
907 523 1163 578 διαδέχεται.
1217 522 1416 573 ἐναντίως
1461 519 1562 579 γὰρ’

53 586 185 646 5πξρί
205 603 251 628 τε
278 590 404 642 θέρος
449 585 524 630 καί
552 589 745 642 χειμῶνα
792 589 1014 631 διάκειται.
1068 590 1147 630 τοῦ
1190 587 1272 645 γάρ
1321 589 1442 644 ἡλίου
1469 585 1545 631 τόν

80 654 277 714 καρκίνον
303 670 350 696 τε
375 656 451 696 καί
475 654 623 696 λέοντα
651 655 725 695 καί
749 656 959 709 παρθένον
987 655 1279 710 διερχομένου,
1307 657 1438 710 μέχρι
1463 654 1544 708 μὲν

79 719 152 774 τῆς
178 714 302 774 Αἷῖης
319 752 331 773 ,
351 715 499 780 ὥσπερ,
513 718 590 761 καί
612 721 713 774 παρ’
741 720 855 775 ἡμῖν,
884 722 1012 776 θέρος
1039 736 1085 762 τε
1119 721 1196 762 καί
1242 719 1420 777 ξηρότης
1452 721 1548 762 δια-

81 790 235 839 κρατεῖ
266 782 337 827 τόν
364 781 484 840 ἆέρα·
541 783 625 827 ἀπὸ
667 787 715 828 δὲ
746 788 820 841 τῆς
847 783 974 841 Αὕης
1002 784 1076 828 ἑπί
1101 785 1180 841 την
1207 781 1435 839 Αὸξουμιν
1472 786 1553 830 καὶ

80 847 160 905 τὴν
186 845 317 907 ἄλλην
343 850 582 894 Αἰθιοπίαν
606 849 772 906 χειμών
805 850 1008 895 ἐπίκειται
1037 850 1240 908 σφοδρός·
1283 848 1334 894 ου’
1366 853 1425 893 δι’
1452 849 1552 908 ὅλης

33 914 259 971 ιοῆμέρας·
327 915 438 959 α’λλιὶ
479 917 561 973 γάρ
607 916 693 959 ἀπὸ
734 920 1003 974 μεσημβρίας
1054 912 1286 974 ἀρχόμενος
1335 914 1550 972 ἑκάστοτε,

79 985 265 1038 συννεφῆ
288 999 335 1024 τε
364 981 438 1025 τόν
468 983 577 1040 ἀέρα
609 985 753 1037 ποιῶν,
785 982 858 1027 καί
890 978 1066 1039 ὄμβροις
1096 984 1319 1039 ῥαγδαίοις
1359 980 1437 1039 τὴν
1460 976 1554 1039 χεό-

79 1063 160 1103 ραν
186 1049 433 1101 ἐπικλύζων.
487 1053 715 1106 τηνικαῦτα
758 1051 805 1093 δὲ
855 1046 942 1105 ἄρα
969 1051 1043 1092 καί
1081 1048 1104 1091 ὅ
1133 1052 1286 1100 Νεῖλος
1321 1048 1455 1101 πολύς
1482 1049 1556 1093 ἐπὶ

78 1111 157 1168 τήν
184 1113 401 1168 Αἴγυπτον
444 1115 676 1172 ἐρχόμενος
703 1118 919 1170 πελαγίζει
947 1128 991 1158 τε
1022 1113 1098 1157 καί
1122 1112 1325 1172 κατάρδει
1353 1115 1430 1171 τὴν
1456 1117 1556 1171 γῆν.

81 1176 152 1222 ὅτε
181 1182 228 1223 δὲ
257 1180 279 1222 ὃ
310 1178 427 1237 ἥλιος
452 1180 526 1223 τόν
563 1179 793 1238 αἰγόκερων
832 1197 875 1224 τε
918 1181 991 1224 καί
1035 1180 1246 1236 ὑδροχόον
1293 1182 1369 1223 καί
1395 1178 1556 1236 ἰχθύας

33 1246 409 1302 ιόἐπιπορεὺεται,
438 1243 650 1289 ἀνάπαλιν
688 1246 710 1289 ὅ
751 1246 836 1303 α’ὴρ
887 1253 975 1296 τοῖς
1003 1250 1081 1300 μὲν
1118 1246 1386 1296 Ἀδουλίταις
1421 1244 1556 1302 μέχρι

81 1314 156 1367 τῆς
182 1308 309 1368 Λῦης
345 1308 518 1369 ’όμβροις
557 1310 772 1365 ἐπικλύζει
805 1314 885 1369 τὴν
923 1312 1083 1368 χώραν·
1154 1317 1244 1363 τοῖς
1286 1314 1339 1355 δὲ
1367 1311 1449 1354 α’πό
1480 1315 1556 1368 τῆς

81 1373 206 1434 Αῧης
243 1376 372 1434 μέχρι
416 1377 682 1432 Αὕξοῦμεως
723 1379 798 1421 καί
842 1379 918 1434 τῆς
977 1372 1106 1434 ἄλλης
1146 1380 1386 1429 Αἰθιοπίας
1426 1379 1554 1435 θέρος

80 1458 152 1499 τε,
176 1444 252 1485 καί
276 1443 328 1486 τά
361 1445 500 1500 ὦραῑα
527 1438 759 1499 τηνικαῦτα
788 1442 960 1495 τούτοις
988 1442 1014 1500 ἧ
1043 1447 1099 1500 γῆ
1126 1444 1438 1501 παραδίδωσιν.

183 1508 276 1553 Ὅτι
319 1506 403 1552 dud
451 1512 525 1565 τῆς
556 1508 736 1565 Φαρσὰν
772 1512 937 1553 πλέοντι
988 1513 1052 1568 τῷ
1091 1514 1323 1569 Νοννόσῳ,
1361 1512 1436 1552 ἐπὶ
1475 1508 1555 1567 τήν

30 1572 266 1632 ηοέσχᾶτην
314 1578 398 1618 ταῖν
426 1574 566 1632 νήσων
607 1574 874 1632 κατηντηκότι
901 1576 1063 1619 τοιόνδε
1091 1593 1135 1619 τι
1171 1580 1354 1633 συνέβη,
1397 1580 1552 1631 θαῦμα

83 1643 158 1686 καί
184 1638 381 1685 ἀκοῦσαι.
435 1643 607 1697 ἐνέτυχε
633 1641 714 1699 γάρ
746 1659 835 1685 τισι
860 1641 1035 1699 μορφὴν
1074 1645 1155 1696 μὲν
1180 1645 1254 1686 καί
1279 1644 1399 1686 ἰδέαν
1426 1642 1553 1698 ἔχου-

83 1725 154 1751 σιν
208 1708 505 1763 ἀνθρωπίνην,
553 1707 842 1763 βραχυτάτοις
881 1709 930 1750 δὲ
971 1707 1017 1750 τό
1062 1708 1243 1764 μέγεθος
1282 1709 1357 1751 καί
1394 1711 1553 1763 μέλασι

82 1773 160 1829 τήν
183 1770 335 1828 χρόαν·
392 1772 477 1815 ὑπὸ
524 1775 570 1815 δὲ
615 1775 774 1828 τριχῶν
813 1775 1143 1826 δεδασυσμένοις
1184 1771 1256 1816 διά
1288 1773 1446 1824 παντὸς
1473 1774 1552 1817 τοῦ

83 1840 290 1894 σώματος·
346 1840 512 1882 εἵποντο
540 1841 589 1882 δὲ
617 1845 704 1890 τοῖς
733 1837 918 1896 ἀνδράσι
945 1842 1019 1882 καί
1043 1845 1239 1895 γυναῖκες
1278 1838 1551 1897 παραπλήσι-

83 1988 313 2037 propiusque
355 1989 526 2024 accedere
569 1990 711 2024 nemini
759 1989 964 2025 incolarum
1005 1986 1116 2024 facile
1142 1993 1243 2032 erat,
1279 2000 1403 2037 neque
1441 1995 1548 2037 pastu

85 2036 295 2084 prohibere.
343 2038 423 2071 Hoc
458 2038 532 2071 illis
570 2037 718 2070 interim
757 2037 1007 2083 spectaculum
1033 2037 1200 2071 occurrit.

159 2085 213 2117 De
240 2084 333 2118 coeli
351 2095 500 2130 quoque
516 2085 778 2118 constitutione
795 2084 916 2118 dicere
931 2089 1099 2128 oportet,
1126 2094 1222 2130 quae
1247 2086 1304 2119 est
1320 2083 1367 2117 ab
1392 2083 1472 2118 Aue
1495 2082 1544 2118 ad

87 2131 273 2164 Auxumin
290 2145 298 2165 :
314 2135 437 2164 contra
458 2131 554 2164 enim
576 2137 691 2164 aestas
702 2131 780 2164 illic
792 2137 829 2165 et
845 2130 961 2165 hiems
980 2130 1122 2164 accidit.
1148 2129 1240 2164 Nam
1264 2130 1342 2163 sole
1352 2130 1544 2173 Cancrum,

89 2177 246 2211 Leonem
274 2183 312 2211 et
330 2177 516 2223 Virginem
548 2178 730 2219 obeunte,
749 2178 796 2211 ad
824 2178 930 2211 Auen
962 2188 1094 2222 usque,
1125 2179 1180 2211 uti
1217 2182 1255 2211 et
1278 2177 1399 2218 nobis,
1422 2183 1542 2213 aestas

90 2229 147 2258 est
171 2235 382 2271 summaque
419 2226 512 2259 coeli
547 2225 701 2262 siccitas,
749 2227 797 2259 At
820 2223 865 2257 ab
908 2224 987 2258 Aue
1011 2225 1198 2258 Auxumin
1221 2235 1345 2258 versus
1377 2228 1416 2257 et
1452 2226 1546 2259 reli-

89 2281 200 2317 quam
227 2271 458 2316 Aethiopiam
483 2271 599 2305 hiems
625 2276 680 2304 est
694 2271 903 2312 vehemens,
933 2282 1008 2304 non
1032 2271 1176 2316 integro
1203 2270 1352 2317 quidem
1375 2270 1442 2304 illa
1468 2271 1543 2313 die,

91 2317 156 2351 sed
188 2328 283 2362 quae
312 2330 333 2351 a
357 2318 511 2353 meridie
545 2328 686 2363 semper
717 2323 763 2351 et,
785 2318 926 2364 ubique
966 2317 1171 2362 incipiens,
1211 2318 1344 2351 coactis
1378 2315 1543 2352 nubibus

90 2367 212 2398 aErem
247 2363 430 2407 obducat,
463 2370 502 2398 et
531 2364 723 2398 horrendis
765 2364 945 2398 imbribus
982 2375 1081 2398 oram
1103 2365 1206 2398 illam
1238 2363 1407 2399 inundet.
1457 2366 1544 2411 Quo

91 2411 202 2445 etiam
239 2418 402 2455 tempore
434 2412 538 2446 Nilus
573 2411 647 2445 late
687 2411 889 2457 Aegyptum
922 2410 1145 2456 pervadens,
1175 2412 1286 2445 maris
1317 2412 1358 2445 in
1393 2412 1546 2446 modum

90 2462 224 2491 terram
250 2459 385 2502 irrigat.
436 2459 527 2492 Cum
566 2464 687 2491 autem
723 2459 779 2491 sol
821 2457 1106 2503 Capricornum,
1131 2458 1331 2502 Aquarium
1366 2464 1403 2492 et
1426 2459 1544 2494 Pisces

90 2504 332 2550 perambulat,
356 2508 419 2539 aer
434 2505 615 2540 viceversa
637 2504 795 2539 Adulitis
819 2505 924 2538 Auen
943 2515 1060 2549 usque
1078 2503 1256 2538 imbribus
1278 2504 1461 2550 regionem
1486 2507 1548 2539 in-

93 2550 228 2590 undat,
254 2552 300 2584 iis
323 2563 423 2593 vero,
447 2553 511 2598 qui
536 2552 582 2585 ab
607 2554 684 2586 Aue
698 2553 879 2585 Auxumin
911 2555 1139 2598 ceteramque
1161 2551 1395 2596 Aethiopiam
1420 2561 1545 2588 versus

93 2599 235 2638 iacent,
259 2604 375 2632 aestas
401 2604 473 2640 est,
510 2604 547 2632 et
572 2603 731 2632 maturos
760 2600 832 2632 iam
866 2598 1002 2632 fructus
1027 2602 1124 2632 terra
1147 2599 1310 2642 praebet.

165 2644 198 2676 N
201 2645 384 2690 avigantia
396 2645 530 2681 Phar-sa
541 2645 711 2678 Nounoso
725 2650 762 2678 et
776 2645 823 2678 ad
847 2649 1042 2679 extremam
1060 2656 1176 2691 usque
1192 2644 1395 2679 insularum
1409 2644 1546 2687 delato,

97 2691 171 2725 tale
191 2691 281 2735 quid
308 2692 465 2726 occurrit
490 2693 549 2727 vel
571 2693 650 2737 ipso
667 2692 794 2726 auditu
810 2691 1072 2725 admirandum.
1106 2691 1242 2725 Incidit
1260 2692 1356 2725 enim
1381 2692 1420 2724 in
1432 2702 1546 2738 quos-

99 2737 182 2770 dam
200 2737 315 2771 forma
340 2738 487 2784 quidem
522 2745 559 2772 et
582 2739 694 2784 figura
719 2738 896 2779 humana,
922 2737 986 2772 sed
1008 2737 1258 2779 brevissimos,
1283 2742 1321 2771 et
1343 2743 1462 2771 cutem
1486 2741 1548 2773 ni·

99 2794 201 2829 gros.
226 2789 418 2831 totumque
444 2786 579 2831 pilosos
604 2796 745 2831 corpus.
769 2785 1023 2832 Sequebantur
1049 2785 1146 2821 viros
1170 2785 1343 2830 aequales
1360 2785 1518 2820 feminae
1532 2806 1547 2827 ,

149 2853 358 2902 Dexippus,
384 2854 581 2900 Eunapius
606 2861 672 2891 etc.
1237 2852 1278 2888 31
