1924 3164
303 153 405 208 182
875 164 1155 206 EXCERPTA

119 271 433 332 Δ,ο,448ἆρχῇ,
473 268 524 312 τά
563 269 681 323 δῶρα
721 265 946 318 δεξάμενον
983 262 1202 320 δεύτερον,
1249 260 1318 308 οἷα
1362 264 1413 320 δὴ
1453 267 1740 323 περιοφθέντα

172 333 363 379 ῙῑῑίῙᾸκαί
385 337 466 378 τῶν
493 335 704 390 σφετέρων
731 333 987 387 στερηθέντα
1014 332 1160 386 γερῶν,
1188 331 1522 382 ἐπικαλέσασθαι
1547 331 1622 375 τὸν
1642 334 1739 376 'Ar-

92 378 424 457 TheOd‘4¹‘c⁷JZav
465 398 568 442 κατὰ
612 399 694 439 τῶν
733 395 1153 451 συμβασιλευόντων,
1194 394 1268 439 τὸν
1305 397 1352 438 δὲ
1389 393 1448 451 μη
1473 397 1738 453 μελλήσαντα

251 467 446 522 Βπολλην
487 465 701 518 ἐκπέμψαι
740 462 918 515 δύναμιν
928 496 941 515 ,
970 464 1044 504 καί
1083 461 1180 511 τοὺς
1216 463 1295 515 μὲν
1322 460 1530 516 άνελόντα,
1561 461 1661 514 τούς
1689 466 1736 507 δὲ

285 528 665 588 παραστησάμενον
692 532 832 570 καλεῖν
858 526 933 569 τὸν
957 529 1234 582 Κουρίδαχον
1272 528 1356 569 τῶν
1391 530 1636 583 νικητηρίων
1658 533 1770 589 ,us-53

286 599 488 647 θέξοντα.
517 594 588 637 τὸν
617 596 663 636 δὲ
695 592 919 649 ἐπιβουλὴν
945 593 1268 648 ὑποτοπήσαντα
1296 594 1441 647 εἰπεῖν,
1471 591 1527 647 ὥς
1550 593 1739 648 χαλεπὸν

288 660 502 719 α’νθριόπῳ
532 662 672 702 ἐλθεῖν
716 661 760 708 ἐς
798 653 900 714 ὄψιν
927 661 1055 701 θεοῦ·
1115 659 1155 701 εἰ
1178 657 1257 715 γάρ
1289 659 1388 701 οὐδὲ
1415 658 1487 701 τὸν
1513 661 1590 702 τοῦ
1615 659 1736 715 ἧλίου

284 730 426 770 δίσκον
454 726 606 774 οἶτενῶς
626 724 735 768 ἔστιν
750 726 866 779 ἰδεῖν,
898 728 988 775 πῶς
1006 723 1076 767 τὸν
1099 726 1295 779 μέγιστον
1322 726 1405 767 τῶν
1429 727 1542 767 θεῶν
1558 725 1738 776 ἅπαθῶς

282 809 346 842 τις
362 787 528 846 ὄψοιτο,
559 789 689 841 οὕτως
706 793 783 844 μὲν
807 789 829 832 ὅ
857 792 1130 846 Κουρίδαχος
1148 789 1305 844 ὲζιιεινεν
1327 792 1399 833 ἐπὶ
1411 798 1498 840 τοῖς
1517 793 1737 849 σφετέροις

281 860 354 900 καί
389 856 613 914 διεφύλαξε
642 856 717 911 τὴν
745 855 905 912 ἅρχην,
942 858 1016 898 τοῦ
1042 858 1193 898 λοιποῦ
1209 855 1362 905 παντὸς
1374 859 1450 898 τοῦ
1474 857 1790 913 Ἀκατζίρωνῐο

281 921 432 972 ἔθνους
457 924 514 981 τῷ
538 920 722 979 Ἀττήλᾳ
754 919 1062 977 παραστάντος·
1121 915 1250 976 οὗπερ
1281 920 1429 971 ἔθνους
1455 925 1632 976 βασιλέα
1658 921 1732 965 τὸν

279 987 565 1044 πρεσβύτερον
606 989 689 1029 τῶν
732 989 897 1029 παίδων
925 988 1184 1041 καταστῆσαι
1210 987 1467 1040 βουλόμενος
1492 987 1731 1043 Ὀνηγήσιον

281 1053 355 1095 ἐπὶ
379 1053 536 1108 ταύτην
564 1054 764 1106 ἐκπέμπει
789 1051 867 1107 τήν
896 1054 1077 1108 πρᾶξιν.
1133 1050 1198 1093 διὸ
1229 1052 1279 1107 δη
1310 1054 1384 1094 καί
1409 1052 1546 1107 ἡμᾶς,
1587 1052 1645 1100 ὥς
1670 1051 1732 1095 εἶ’-

239 1125 434 1176 ΰρηται,
475 1120 686 1172 ἐπιμεῖναι
726 1118 1166 1175 παρακελευσάμενος,
1207 1116 1278 1161 τὸν
1304 1119 1484 1173 Βιγίλαν
1526 1120 1730 1175 διαφῆκεν

279 1181 370 1237 ἅμα
396 1178 536 1242 ’Ἠσλᾳ
574 1181 788 1240 προφάσει
824 1186 906 1237 μὲν
947 1185 1033 1226 τῶν
1076 1183 1279 1239 φυγάδων
1320 1185 1364 1232 ἐς
1400 1182 1478 1240 την
1500 1183 1791 1238 εΡοομαίοονιό,

278 1249 607 1308 διαβησόμενον,
647 1253 701 1308 τῇ
746 1252 795 1294 δὲ
823 1247 1001 1308 ἀληθείᾳ
1027 1251 1086 1308 τῷ
1108 1246 1298 1293 Ἐδέκωνι
1325 1246 1372 1292 τὸ
1397 1251 1577 1305 χρυσίον
1605 1264 1726 1304 κομιο

277 1319 422 1361 οὗντα.

392 1384 480 1424 Τοῦ
507 1383 554 1424 δὲ
579 1380 732 1436 Βιγίλα
756 1381 1072 1438 ἐξορμήσαντος,
1090 1384 1195 1434 μιάν
1215 1379 1323 1433 μετὰ
1342 1379 1419 1437 τὴν
1438 1381 1595 1423 ἐκείνου
1624 1376 1728 1424 oiva-

273 1445 465 1507 χοόρησιν
492 1447 655 1503 ἡμέραν
681 1450 987 1502 ἐπιμείναντες,
1030 1448 1083 1504 τῇ
1111 1446 1310 1504 ὑστεραίᾳ
1341 1448 1414 1489 ἐπὶ
1439 1445 1491 1489 τοὶ
1521 1445 1727 1504 α’ρκτικαὶ-

275 1528 380 1569 τερα
404 1514 476 1568 τῆς
502 1510 646 1569 χώρας
673 1513 755 1557 σύν
776 1514 960 1571 Ἀττήλᾳ
989 1510 1305 1569 ἐπορεύθημεν.
1359 1513 1434 1555 καί
1471 1507 1575 1569 ἄχρι
1614 1511 1791 1566 revocant

274 1579 333 1637 τῷ
368 1575 572 1636 βαρβάρῳ
608 1572 971 1635 συμπροελθόντες
1007 1576 1156 1634 ἑτέραν
1196 1576 1294 1620 ὁδὸν
1329 1576 1593 1634 ἐτράπημεν,
1639 1581 1726 1622 ταῖν

274 1642 555 1698 ξεναγούντων
590 1642 703 1698 ἡμᾶς
743 1646 920 1689 ,Σκυθῶν
958 1646 1081 1687 τοῦτο
1109 1649 1242 1686 ποιεῖν
1280 1645 1724 1701 παρακελευσαμένων,

364 1760 401 1795 9.
427 1746 546 1786 οὕτως
571 1748 752 1790 Cantent,
778 1740 891 1787 οὗτος
912 1749 1006 1793 vulg.
1060 1750 1112 1785 18.
1136 1739 1230 1795 μετὰ
1254 1748 1308 1790 Β.,
1333 1745 1429 1783 κατὰ
1453 1748 1547 1794 vulg.
1665 1760 1723 1784 22.

367 1795 604 1841 ξεναγόντων
629 1797 726 1841 vulg.

302 1884 409 1925 uior,
432 1883 569 1930 primus
595 1885 757 1929 accipere
784 1884 970 1921 debuerat.
1019 1885 1101 1926 Ille,
1125 1889 1300 1931 tanquam
1325 1889 1551 1931 contemptus
1582 1889 1620 1920 et
1647 1885 1720 1920 sibi

275 1896 411 1963 debitis
434 1930 604 1976 praemiis
629 1931 841 1973 frustratus,
873 1932 1024 1965 Attilam
1055 1937 1179 1966 contra
1205 1927 1343 1965 ceteros
1367 1943 1467 1977 reges
1491 1932 1628 1966 auxilio
1654 1944 1720 1966 vo-

273 1982 428 2010 caverat.
475 1977 509 2009 Is
555 1976 651 2012 nihil
695 1984 904 2019 cunctatus,
941 1989 1076 2022 ⁴magno
1110 1980 1270 2012 exercitu
1304 1979 1434 2012 emisso
1467 1988 1592 2011 eorum
1627 1978 1719 2012 alios

275 2023 448 2063 sustulit,
473 2023 564 2056 alios
588 2023 634 2056 ad
659 2022 887 2058 deditionem
915 2025 1100 2069 compulit.
1155 2024 1300 2058 Deinde
1334 2023 1570 2058 Caridachum
1603 2023 1649 2057 ad
1678 2036 1718 2058 se

274 2075 392 2109 vocat,
418 2074 593 2115 tanquam
617 2070 676 2105 illi
700 2070 901 2112 victoriam,
930 2076 967 2104 et
991 2082 1083 2117 quae
1109 2082 1154 2105 ex
1175 2071 1326 2105 victoria
1352 2076 1561 2105 consecutus
1587 2071 1717 2111 fuerat,

275 2115 538 2158 impertiturus.
596 2115 669 2149 Sed
700 2117 768 2150 iste
804 2117 928 2151 dolum
971 2123 1009 2151 et
1050 2117 1202 2152 insidias
1239 2119 1458 2163 suspicatus,
1495 2117 1645 2150 difficile
1680 2123 1718 2151 et

271 2172 375 2205 grave
410 2173 487 2195 esse
522 2161 664 2195 homini
702 2163 910 2209 respondit,
943 2165 982 2197 in
1015 2163 1075 2198 dei
1114 2170 1345 2209 conspectum
1370 2165 1506 2199 venire.
1555 2163 1594 2196 Si
1617 2165 1717 2197 enim

272 2207 432 2242 immotis
473 2208 586 2241 oculis
631 2209 717 2243 solis
758 2210 884 2244 orbem
930 2210 1067 2244 intueri
1102 2221 1209 2243 nemo
1234 2215 1379 2255 potest,
1417 2209 1599 2256 quomodo
1632 2209 1716 2254 quis

273 2253 354 2286 sine
379 2265 486 2286 sensu
521 2254 657 2288 doloris
703 2267 784 2289 cum
821 2257 971 2291 deorum
1016 2257 1171 2290 maximo
1208 2256 1485 2301 congrediatur?
1518 2256 1638 2301 Atque
1663 2257 1728 2290 ita.

275 2298 496 2333 Caridachus
522 2311 672 2346 regnum
706 2314 843 2346 suaque
882 2302 1004 2335 omnia
1041 2304 1136 2336 salva
1173 2303 1245 2336 sibi
1283 2309 1321 2336 et
1355 2304 1495 2347 integra
1528 2313 1716 2336 conserva-

273 2347 350 2385 vit,
376 2351 412 2378 et
436 2346 576 2390 reliqua
600 2349 715 2381 omnis
740 2349 986 2382 Acatzirorum
1023 2350 1122 2394 regio
1146 2350 1186 2382 in
1217 2350 1274 2382 ius
1300 2349 1550 2394 ditionemque
1574 2349 1712 2382 Attilae

274 2392 460 2424 concessit.
510 2393 554 2424 Ei
578 2396 677 2437 genti
703 2405 783 2428 cum
808 2396 987 2428 seniorem
1013 2407 1056 2429 ex
1080 2395 1166 2428 filiis
1199 2407 1318 2440 regem
1336 2395 1466 2428 Attilas
1492 2395 1713 2428 constituere

275 2437 514 2477 decrevisset,
545 2441 590 2472 ad
614 2440 708 2474 hanc
731 2452 807 2474 rem
842 2441 1103 2477 conficiendam
1133 2441 1349 2487 Onegesium
1381 2442 1538 2474 miserat.
1585 2442 1713 2486 Itaque

274 2494 341 2518 nos
364 2489 567 2527 exspectare
583 2510 592 2524 ‚
620 2492 660 2519 ut
684 2487 819 2520 dictum
843 2493 919 2528 est,
940 2488 1082 2528 iubens,
1101 2487 1253 2533 Bigilam
1277 2498 1357 2520 cum
1368 2487 1450 2520 Esla
1476 2487 1522 2520 ad
1537 2489 1712 2521 Romanos

274 2529 503 2570 amandavit,
532 2533 652 2574 specie
678 2533 827 2578 quidem
850 2535 1115 2579 transfugarum
1138 2532 1440 2581 repetendorum,
1475 2533 1539 2568 sed
1566 2543 1712 2574 revera,

271 2581 317 2610 ut
339 2587 468 2610 aurum
490 2575 650 2610 Edeconi
677 2580 890 2622 promissum
916 2580 1084 2615 adferret.

364 2623 447 2656 Post
471 2622 607 2666 Bigilae
643 2624 836 2659 discessum
867 2638 978 2659 unum
1020 2631 1160 2660 tantum
1195 2625 1293 2660 diem
1323 2627 1363 2659 in
1396 2623 1457 2658 his·
1488 2625 1577 2658 locis
1613 2634 1711 2658 com-

273 2670 423 2709 morati,
447 2669 625 2714 postridie
649 2681 721 2703 uua
750 2683 830 2704 cum
854 2672 966 2706 Attila
1008 2672 1055 2706 ad
1090 2673 1169 2706 loca
1201 2673 1311 2717 magis
1345 2670 1392 2704 ad
1423 2671 1727 2717 septentrionem!

273 2717 457 2760 vergentia
489 2716 641 2763 profecti
680 2718 809 2751 sumus.
858 2718 964 2752 Haud
987 2720 1135 2764 longum
1159 2718 1240 2756 viae
1264 2718 1421 2764 spatium
1445 2729 1525 2753 cum
1548 2714 1710 2752 barbatis
