1924 3164
573 180 608 222 E
644 177 924 223 mimum
961 167 1233 222 HISTORIA.
1512 153 1548 214 3
1561 154 1627 214 13

190 283 352 327 σασθαι
396 279 454 331 ὥς
487 280 560 325 τὸν
590 281 819 336 Ῥωμαίων
860 281 1175 338 αὐτοκράτορα.
1241 278 1320 323 ῑκαί
1346 275 1821 334 δῆΤιβέριοςίὶΔΩὸγο

190 350 478 398 ξυναπέστειλε
513 349 567 404 τῇ
589 349 788 405 πρεσβείᾳ
823 345 1045 400 Δαμιανὸν
1071 349 1323 403 ταξίαρχον,
1359 342 1544 399 ἐσήμηνέ
1578 332 1801 416 τεξὲἒὶἰίὶό

188 415 246 471 τῷ
270 415 447 467 βασιλεῖ’
473 409 641 456 ἅπαντα
676 412 728 456 τοὶ
756 413 1076 466 ξυνενεχθέντα,
1117 414 1192 454 καί
1227 412 1326 468 περὶ
1346 404 1406 454 αἷν
1430 408 1627 464 βούλεται

188 478 234 522 τὸ
264 478 513 537 Ἀβαρικόν.
564 478 638 522 καὶ
664 480 905 522 ἐσπείσαντο
932 480 1080 528 τελέως
1103 476 1318 533 ε,Ρωμαιῑόί
1335 492 1379 520 τε
1404 474 1477 519 καί
1489 469 1628 530 ’Ἀβα-

161 551 273 600 5ροι.

297 609 367 657 ιθῑ.
422 607 512 655 Ὅτι
536 612 620 654 τῶν
639 609 835 667 Ἀβάρων
860 611 1147 664 σπεισαμένων
1173 608 1248 652 καὶ
1272 611 1315 659 ἒς
1339 608 1391 652 τὰ
1420 607 1550 650 οἷκεῖα
1576 605 1627 649 οἷ-

187 679 482 734 περχομένων,
512 677 553 719 οἱ
589 676 826 733 Σκαμάρεις
852 678 1066 733 ἐγχωρίους
1104 672 1405 730 ὀνομαζόμενοι
1432 670 1624 729 ἐνεδρεύ-

185 759 331 792 σαντες
366 742 587 799 α’φείλοντο
625 743 777 793 ἵππους
802 758 849 784 τε
890 741 965 785 καὶ
1007 738 1191 798 ἄργυρον
1227 744 1301 784 καί
1336 739 1483 796 ἑτέραν
1523 736 1672 796 ἄπο-3)

186 808 368 863 σκευήν.
430 805 590 851 τούτων
627 809 746 851 ἕνεκα
788 807 1015 866 πρεσβείαν
1051 800 1238 850 ἔστειλαν
1264 802 1394 856 αὖθις
1416 803 1474 855 ὦς
1502 805 1626 859 Τιβέ-

134 889 304 929 ιοριον,
344 874 429 915 τῶν
465 873 727 931 κεκλοφότων
764 876 862 931 πέρι
908 871 1265 930 ἐπιμεμφόμενοι,
1301 870 1365 916 ἔτι
1390 872 1464 914 καί
1487 867 1541 913 τὰ
1570 869 1729 925 a’-v..73

184 940 439 998 φαιρεθέντα
478 940 823 993 ἀνακομίσασθαι
866 940 1138 995 βουλόμενοι.
1202 937 1275 980 καὶ
1310 937 1363 994 δὴ
1401 933 1627 993 ἀνερευνη-

179 1007 324 1056 θέντες
365 1003 406 1048 οἱ
440 1003 518 1061 τὴν
556 1004 711 1060 κλοπήν
739 1006 1004 1061 εἰργασμένοι
1040 1008 1087 1048 ἐν
1114 1006 1282 1064 φανερῷ
1310 1020 1355 1048 τε
1382 1003 1625 1060 γενόμενοι,

176 1067 332 1128 μοῖράν
358 1086 455 1113 τινα
484 1071 793 1126 α’πεκατέστησε
820 1077 909 1120 τοῖς
930 1067 1146 1126 Ἀβάροις.
1622 1091 1625 1105 2

288 1135 336 1178 κ’.
381 1132 475 1180 Ὅτι
511 1138 590 1178 τοῦ
631 1137 805 1179 δεκάτου
851 1135 973 1186 ἔτους
1017 1132 1269 1186 ιῖνυσθέντος
1294 1137 1376 1180 τῶν
1402 1142 1671 1191 πεντηκον-Α.
1690 1141 1805 1189 C-571

128 1202 376 1251 ι5τουτίδων
413 1203 627 1256 σπονδῶν,
666 1200 771 1255 μετά
816 1200 893 1257 τήν
919 1200 1087 1258 σφαγήν
1115 1202 1334 1257 Σουρήνα,
1357 1204 1403 1244 έν
1428 1201 1565 1259 τούτῳ
1595 1188 1731 1241 &Imm

176 1268 358 1322 Περσῶν
384 1266 582 1321 βασιλεῦς
608 1269 770 1311 στέλλει
797 1266 1031 1323 Σεβόχθην,
1058 1261 1194 1323 ἄνδρα
1224 1270 1421 1323 Πέρσην,
1447 1269 1492 1316 ές
1518 1281 1629 1323 πρε-.

178 1331 327 1386 σβείαν
365 1332 424 1382 ὥς
445 1329 664 1376 Ἰουστῖνον
691 1332 765 1377 τὸν
791 1334 994 1388 βασιλέα,
1022 1335 1105 1375 τῶν
1133 1334 1179 1375 ἐν
1210 1332 1512 1390 Περσαρμενίᾳ
1540 1333 1623 1385 μὲν

175 1399 515 1452 ξυνενεχθέντωνι
545 1393 717 1457 ἄγνοιαν
759 1400 892 1455 δῆθεν
922 1397 1272 1455 ὑποκρινόμενος,
1312 1392 1447 1447 ἄλλως
1485 1398 1531 1440 δὲ
1570 1394 1618 1439 τὸ

171 1465 491 1517 συντεταγμένον
511 1461 755 1518 “Ρωμαίους
774 1466 1048 1507 κατατιθέναι
1061 1465 1242 1520 χρυσίον
1256 1460 1521 1517 βουλόμενος,
1549 1458 1620 1505 οἷα

119 1527 225 1583 20δὴ
257 1530 333 1583 τῆς
362 1527 576 1579 δεκαετίας
603 1531 934 1586 περαιωθείσης,
966 1524 1018 1586 ἧς
1045 1527 1097 1573 τά
1123 1530 1325 1586 χρήματα
1353 1528 1426 1585 ὑφ’
1454 1529 1500 1570 ἓν
1526 1528 1620 1569 ἐκο-

171 1595 348 1648 μίσατο,
377 1591 467 1637 εἶτα
493 1595 768 1649 ἒμπεδοότατα
795 1594 1043 1647 ξυνεστᾰναι
1063 1594 1142 1651 τήν
1172 1593 1366 1652 εἰρήνην,
1394 1593 1507 1636 καθά
1534 1608 1618 1635 που

171 1662 445 1715 ἐνεγέγραπτο
479 1661 525 1703 ἐν
560 1667 655 1711 ταῖς
693 1660 946 1719 ξυνθὴκαις.
1011 1660 1182 1718 σφόδρα
1209 1660 1291 1717 γὰρ
1317 1662 1367 1702 ἐν
1393 1659 1549 1715 ἀρχαῖς
1573 1661 1620 1702 ἔ-

170 1724 326 1781 τάραξε
364 1725 561 1782 Χοσρόην
597 1726 875 1783 αἰσθόμενον,
918 1727 977 1777 ὥς
1001 1729 1202 1782 βασιλεὺς
1233 1724 1463 1781 “Ρωμαι’ων
1504 1723 1741 1782 apost-1¹6

1631 1237 1763 1272 Iustini
1777 1247 1800 1283 7

263 1826 296 1861 3.
322 1825 550 1872 ξυνεχθέντα
572 1827 669 1874 vulg.
788 1829 842 1864 13.
867 1828 1174 1872 α’πεκατέστησαν
1197 1828 1242 1862 Η.
1266 1828 1403 1876 (male).

171 1894 409 1936 Damianum,
433 1894 572 1929 ordinis
597 1895 782 1929 ductorem
797 1921 808 1937 ‚
833 1897 955 1937 misit,
981 1898 1047 1943 qui
1071 1897 1176 1930 illum
1199 1906 1348 1937 eorum,
1423 1905 1467 1930 ae
1490 1896 1614 1930 conti-

171 1945 300 1986 gerant
322 1946 360 1974 et
392 1939 496 1987 quae'
511 1942 644 1975 Avares
673 1942 828 1983 vellent,
859 1944 1051 1978 certiorem
1080 1942 1227 1977 faceret„
1287 1943 1366 1977 Tan
1394 1953 1452 1975 em
1482 1941 1613 1976 foedus

170 1987 268 2021 inter
291 1988 467 2021 Romanos
493 1993 530 2021 et
553 1990 684 2022 Avares
708 1994 763 2022 est
781 1988 930 2022 sactum.

270 2045 321 2079 ¹9·
371 2035 534 2068 Foedere
559 2036 677 2075 inim,
708 2045 788 2068 cum
811 2036 942 2069 Avares
967 2034 1014 2068 ad
1042 2046 1104 2069 sua
1129 2033 1314 2074 redirent,
1338 2032 1520 2077 Scamares
1544 2045 1614 2080 pa·

171 2079 243 2114 trio
267 2079 415 2114 nomine
440 2081 548 2122 dicti,
583 2092 628 2114 ex
662 2081 806 2115 insidiis
839 2082 915 2115 illis
942 2082 1014 2114 vim
1041 2082 1226 2122 fecerunt,
1259 2086 1296 2114 et
1318 2091 1453 2125 equos,
1484 2092 1615 2127 argen-

171 2130 251 2159 tum
284 2132 322 2161 et
355 2128 533 2173 reliquam
557 2127 844 2172 suppellectilem
869 2128 1092 2173 eripuerunt.
1140 2127 1372 2173 Quapropter
1388 2128 1610 2172 legationem

170 2171 218 2205 ad
242 2173 431 2207 Tiberium
454 2175 654 2214 miserunt,
691 2185 786 2219 quae
819 2173 864 2208 de
899 2174 1007 2208 rebus
1033 2174 1165 2208 ablatis
1192 2178 1407 2219 quereretur
1438 2179 1476 2207 et
1504 2179 1609 2219 rapta

169 2224 364 2263 repeteret.
411 2221 460 2254 At
483 2220 740 2265 deprehensis,
767 2220 831 2266 qui
855 2221 1086 2254 latrocinium
1109 2221 1292 2262 fecerant,
1315 2225 1354 2255 et
1374 2221 1415 2254 in
1440 2226 1608 2267 apertum

170 2264 358 2308 adductis,
408 2272 548 2312 partem
572 2267 732 2312 aliquam
756 2267 932 2301 Avarihus
957 2267 1128 2301 restituit.

265 2324 320 2347 20.
381 2314 514 2347 Exacto
560 2313 698 2348 decimo
734 2313 999 2359 quinquaginta
1033 2324 1210 2347 annorum
1232 2312 1461 2347 induciarum
1492 2324 1604 2355 anno,

168 2364 254 2403 post
265 2358 416 2394 Surinae
440 2360 608 2402 caedem,
633 2361 820 2394 Persarum
844 2371 907 2394 rex
931 2360 1189 2401 Sebochthem,
1214 2360 1330 2394 virum
1351 2361 1518 2401 Persam,
1546 2360 1606 2393 le-

170 2411 291 2449 gatum
315 2405 361 2439 ad
382 2407 563 2441 Iustinum
589 2408 847 2452 Imperatorem
881 2407 1006 2440 mittit.
1064 2407 1131 2441 Ille
1163 2407 1313 2451 quidem
1344 2407 1609 2453 ignorationem

171 2462 319 2492 eorum,
342 2463 435 2498 quae
468 2454 507 2486 in
536 2454 783 2487 Persarmenia
805 2458 904 2499 gesta
927 2458 1047 2495 erant,
1072 2452 1251 2498 fingebat,
1286 2459 1325 2488 et
1363 2464 1444 2486 cum
1481 2453 1609 2488 decem

172 2498 259 2530 anni
282 2500 576 2541 praeteriissent,
609 2511 765 2547 quorum
789 2500 926 2533 tributa
954 2499 995 2532 in
1019 2511 1126 2533 unam
1150 2500 1300 2540 collata,
1331 2499 1478 2534 fuerant
1509 2500 1611 2533 solu-

171 2549 222 2584 ta,
247 2544 417 2589 deinceps
432 2547 609 2580 Romanos
636 2558 777 2587 aurum,
791 2545 836 2580 de
862 2557 934 2592 quo
960 2551 1214 2588 convenerant,
1240 2548 1392 2588 solvere,
1416 2551 1459 2586 ut
1480 2545 1609 2580 foede-

172 2590 274 2624 ribus
301 2593 475 2636 scriptum
501 2599 598 2634 erat,
622 2598 661 2626 et
696 2604 822 2637 pacem
858 2598 1022 2626 constare
1057 2593 1218 2638 petebat.
1275 2594 1367 2628 Nam
1392 2604 1473 2626 cum
1497 2592 1607 2626 initio

172 2635 350 2670 Chosroes
374 2639 631 2683 suspicaretur,
656 2639 895 2672 Romanorum
919 2636 1174 2685 Imperatorem
1199 2651 1220 2672 a
1242 2639 1516 2674 conditionibus
1542 2649 1608 2682 pa-

173 2684 222 2716 cis
249 2682 477 2732 ret-,edentem
501 2684 547 2719 ad
571 2685 709 2719 bellum
734 2686 844 2726 ferri,
868 2685 975 2720 valde
1000 2686 1230 2732 perturbatus
1256 2687 1386 2720 fuerat.
1442 2685 1608 2721 Vereba-

171 2734 232 2764 tur
255 2731 376 2771 enim,
401 2742 447 2766 ne
470 2742 516 2766 ex
539 2733 735 2779 improviso
760 2733 960 2779 Imperator
987 2743 1067 2770 cum
1088 2744 1216 2780 magno
1239 2738 1417 2780 apparatu
1441 2742 1480 2767 se
1504 2731 1605 2767 beuo
