1924 3164
264 426 857 484 ΠΡΙΣΚΟΥ
928 424 1539 482 ΡΗΤΟΡΟΣ

581 546 731 594 ΚΑΙ
773 546 1194 595 ,ΣΟΦΙΣΤΟΥ

306 652 790 695 ΙΣΤΟΡΙΑΣ
837 652 1489 694 ΒΥΖΑΝΤΙΚΗΣ

216 751 561 792 ΕΚΛΟΓΑΙ
610 751 795 791 ΠΕΡΙ
845 748 1253 791 ΠΡΕΣΒΕΩΝ
1304 747 1558 790 ΕΘΝΩΝ

554 849 762 883 ΠΡΟΣ
798 848 1220 882 ΡΩΜΑΙΟΥΣ.

430 985 520 1023 EX
560 982 901 1022 HISTORIA
937 981 1335 1022 BYZANTINA

255 1081 734 1143 PRISCI
813 1082 1514 1143 RHETORIS

598 1204 692 1252 ET
736 1202 1180 1252 SOPHISTAE

166 1308 535 1350 EXCERPTA
576 1309 662 1349 DE
708 1307 1249 1348 LEGATIONIBUS
1291 1308 1614 1348 GENTIUM

634 1385 722 1418 AD
775 1383 1152 1419 ROMANOS.

711 1548 1059 1584 ARGUMENTUM.

249 1627 415 1672 ,Margus
450 1626 620 1671 oppidum
663 1628 829 1675 episcopi
846 1626 993 1674 fraude
1026 1639 1049 1660 a
1083 1627 1226 1671 Scythis
1251 1629 1398 1674 capitur
1435 1628 1613 1675 (1).At-

164 1675 278 1714 tilas,
306 1674 520 1716 Scytharum
538 1674 742 1720 transfugis
767 1677 951 1720 incassum
971 1687 995 1708 a
1011 1673 1215 1708 Theodosio
1238 1677 1429 1721 repetitis,
1456 1677 1498 1710 in
1514 1675 1612 1722 fines

165 1722 346 1755 Romanos
367 1721 539 1765 irrumpit
566 1721 628 1767 (2).
677 1721 804 1755 Durae
826 1723 934 1766 pacis
957 1732 980 1753 a
1006 1721 1181 1754 Romanis
1205 1733 1284 1755 cum
1311 1723 1461 1757 Hunnis
1491 1722 1613 1756 initae

167 1765 423 1800 conditiones:
456 1775 589 1810 pactae
618 1768 800 1812 pecuniae
833 1779 959 1801 severe
990 1779 1058 1812 per
1081 1768 1271 1812 imperium
1298 1768 1500 1802 Romanum
1532 1770 1613 1802 exi-

165 1820 312 1856 guntur.
363 1812 566 1844 Asimuntii
592 1812 644 1845 ad
662 1825 788 1858 pacem
812 1812 1068 1858 accipiendam
1094 1815 1139 1847 ab
1153 1814 1306 1847 Hunnis
1327 1814 1536 1860 adiguntur
1546 1814 1609 1858 (3).

165 1857 302 1893 Attilas
326 1858 506 1890 Romanos
527 1859 640 1890 vanis
663 1859 912 1904 legationibus
925 1858 1073 1904 fatigat
1096 1859 1159 1904 (4).
1211 1859 1461 1906 Chrysaphius
1490 1870 1610 1892 eunu-

164 1904 252 1938 chus
280 1903 473 1937 consilium
498 1903 569 1936 init
585 1905 730 1938 Attilae
751 1916 818 1948 per
838 1903 1047 1938 Edeconem
1079 1906 1158 1939 eius
1183 1905 1344 1949 legatum
1370 1904 1610 1939 interimendi

163 1951 226 1995 (5).
280 1949 481 1994 Compertis
501 1948 676 1990 insidiis,
714 1952 849 1984 Attilas
875 1949 1139 1994 chrysaphium
1171 1948 1224 1982 ad
1244 1952 1463 1996 supplicium
1497 1962 1611 1997 expo-

164 1998 234 2031 scit
259 1995 325 2042 (6).
372 1993 470 2028 Idem
495 1995 626 2028 bellum
654 2004 768 2042 parat
806 1994 983 2029 adversus
1013 1995 1237 2030 occidentem
1268 1998 1331 2041 (7).
1380 1997 1478 2032 Belli
1510 1999 1609 2032 inter

164 2042 317 2085 Attilam
346 2048 381 2074 et
396 2042 536 2074 Ae‘tium
561 2044 681 2076 coorti
703 2053 837 2075 causae
861 2042 925 2087 (8).
973 2043 1110 2076 Attilas
1124 2042 1269 2076 Orienti
1287 2043 1419 2077 bellum
1442 2044 1609 2078 minatur

165 2088 230 2134 (9).
281 2086 511 2121 Ardaburius
537 2088 668 2121 bellum
689 2089 786 2134 gerit
809 2098 888 2120 cum
914 2087 1111 2122 Saracenis
1138 2087 1221 2134 (ιο).
1270 2090 1500 2123 Maximinus
1527 2099 1608 2123 cum

164 2136 362 2177 Blemmyis
396 2142 430 2167 et
452 2134 668 2168 Nubadibus
702 2145 829 2181 pacem
862 2135 1070 2179 componit,
1104 2145 1200 2180 quae
1229 2143 1314 2180 post
1344 2144 1495 2170 mortem
1527 2137 1606 2171 eius

165 2182 328 2215 solvitur
359 2180 444 2224 (ιι).
496 2181 680 2220 Gobazes‚
718 2179 902 2214 Colchidis
934 2192 1025 2220 rex,
1061 2181 1281 2224 Byzantium
1321 2190 1484 2217 vocatur
1513 2182 1604 2229 (12).

165 2227 405 2263 Maiorianus
430 2226 472 2260 in
502 2227 668 2305 {fr-icam
699 2227 878 2261 traiicere
902 2228 1094 2260 constituit
1127 2225 1214 2273 (13).
1272 2229 1522 2263 Marcellinus
1560 2230 1603 2262 in

167 2274 294 2307 Gallia
327 2282 406 2306 cum
450 2274 518 2307 (ἴοι
545 2275 578 2306 is
616 2273 714 2308 bella
753 2277 859 2318 gerit.
910 2272 1152 2308 Genserichus
1184 2272 1352 2308 Siciliam
1385 2284 1422 2308 et
1451 2275 1603 2309 Italiam

163 2327 300 2354 vastat.
348 2319 501 2364 Legatio
525 2320 793 2366 Saragurorum
815 2317 867 2352 ad
890 2319 1044 2354 Leonem
1068 2318 1153 2365 (14).
1207 2321 1402 2355 Persarum
1439 2320 1492 2354 ad
1512 2322 1606 2356 Leo-

165 2377 246 2399 nem
281 2365 398 2407 legati
429 2363 472 2398 de
504 2366 658 2399 iniuriis
695 2368 940 2401 Romanorum
971 2373 1186 2411 queruntur.
1246 2368 1431 2401 Tatianus
1459 2368 1604 2414 legatus

165 2409 218 2445 ad
230 2410 414 2444 Vandalos
443 2412 604 2446 mittitur
624 2412 719 2457 (15).‹
760 2412 921 2446 Gobazes
945 2410 1099 2458 benigne
1123 2424 1146 2446 a
1172 2412 1293 2447 Leone
1318 2414 1529 2459 excipitur(
1536 2415 1602 2458 16).

165 2458 263 2491 Sciri
285 2458 431 2491 auxilia
453 2466 583 2502 petunt
605 2470 628 2492 a
655 2458 828 2492 Romanis
853 2457 1031 2493 adversus
1062 2458 1198 2494 Gothos
1223 2459 1309 2506 (¹7)·
1359 2461 1504 2494 Attilae
1523 2460 1604 2507 filii

167 2505 374 2537 societatem
399 2514 478 2537 cum
504 2505 625 2540 Leone
649 2506 746 2538 inire
759 2504 911 2551 frustra
935 2514 1120 2540 conantur
1140 2505 1229 2551 (18).
1275 2507 1386 2541 Fines
1406 2508 1601 2541 Persarum

168 2562 192 2582 a
215 2550 412 2594 Saraguris
443 2551 601 2597 aliisque
633 2551 802 2596 gentibus
828 2549 1053 2595 infestantur
1083 2551 1170 2598 (19).
1229 2552 1435 2599 Dengizich
1470 2553 1602 2587 bellum

167 2604 300 2630 contra
324 2597 505 2630 Romanos
540 2598 690 2632 molitur
713 2597 802 2642 (20).
853 2596 964 2631 Gothi
998 2609 1022 2631 a
1056 2594 1208 2634 ducibus
1230 2599 1407 2633 Romanis
1432 2599 1473 2632 in
1497 2597 1602 2633 dedi-

169 2643 304 2675 tionem
330 2643 471 2687 accepti
500 2643 741 2678 trucidantur·
765 2642 852 2689 (αι).
902 2645 1027 2679 Suam*
1051 2656 1074 2678 a
1107 2645 1227 2682 Persis
1257 2647 1392 2682 vexati
1420 2646 1621 2682 Romanos.

166 2689 348 2723 auxilium
370 2697 526 2733 poscunt
542 2690 630 2736 (22)-
