1924 3164
573 141 641 181 Ex
684 135 903 183 EUNAPu
939 132 1211 182 ms'romA.
1532 119 1609 175 63

163 260 212 300 ρε
248 243 436 300 σιωπᾷνς
502 241 592 291 πῶς
628 242 678 283 δὲ
713 239 773 296 μὴ
800 242 934 294 λέγειν
972 237 1054 282 ὅσα
1092 242 1164 283 καί
1209 237 1249 281 οἷ
1285 237 1344 295 μὴ
1385 239 1612 296 δυνάμενοι

163 313 297 365 λέγειν
324 309 405 351 α’πό
438 307 647 361 στόματος
683 303 896 364 ἔφραζον,
944 307 989 356 ἒς
1013 305 1208 361 γλυκεῖάν
1249 322 1348 348 τινα
1386 305 1461 348 καὶ
1499 323 1612 361 χρυ-

163 379 244 432 σῆν
285 373 505 430 διατριβὴν
549 371 627 429 τὴν
663 371 823 415 ἐκείνου
863 367 1154 428 ἀναφέροντες.
1208 374 1282 414 καὶ
1315 368 1340 413 ὅ
1374 373 1454 426 μὲν
1481 370 1612 421 πολύς

165 437 384 497 ἄνθρωπος
431 441 568 482 ταῦτα
594 436 826 492 πάσχοντες
863 434 975 491 ὅμως
1003 436 1174 480 ἔλαττον
1195 439 1240 487 ἐς
1257 436 1304 480 τό
1333 436 1512 494 γράφειν
1542 437 1609 487 ἔξ-

138 506 404 562 5εβιοὶζοντο·
442 503 488 548 τό
519 506 566 547 δὲ
593 505 818 560 ἐξαίρετον,
845 502 919 545 καὶ
944 500 1027 557 δ’,τι
1047 520 1124 558 περ
1155 499 1208 558 ἦν
1234 505 1279 547 ἒν
1306 505 1477 563 παιδείᾳ
1502 519 1610 558 γνωυ

165 572 421 630 ριμιότατον,
468 571 568 613 οὐδὲ
599 566 781 626 ἀφιέντα
807 570 1011 625 ἠφίεσαν,
1042 570 1130 611 ἄλλ’
1159 571 1356 612 ἐνέκειπο
1383 572 1610 626 παραθαρ-

163 639 359 687 σύνοντες
390 636 446 688 αἷς
483 636 784 692 ἐπιληψόμενοι
823 637 902 676 τοῦ
941 635 1095 679 πόνου.
1151 635 1173 679 ὁ
1202 637 1250 677 δὲ
1276 637 1321 685 ἐς
1346 634 1399 678 τοὶ
1426 634 1611 690 μάλιστα

161 703 340 759 γεγονώς
364 705 478 762 αὐτῷ
503 702 732 758 γνώριμος,
780 701 805 742 o‘
833 701 1117 758 Περγαμηνός
1144 701 1250 759 α’νὴρ
1275 699 1538 758 Ὅριβάσιος,
1566 702 1614 743 ἐκ

162 772 342 827 φυσικῆς
391 769 646 826 φιλοσοφίας
679 766 874 823 ἰατρικὴν
921 767 1153 810 ἐπιτάττειν
1189 762 1360 824 ἄριστος
1405 768 1480 810 καί
1506 768 1738 823 δρᾷνΒ.α55

114 835 226 879 ιοέτι
252 833 488 891 θειότερος,
527 835 601 876 καί
631 830 854 889 ἀσεβήσειν
891 832 995 887 ἐβόα
1033 835 1299 890 περιφανῶς,
1353 834 1394 876 εἶ
1416 832 1476 888 μή
1510 848 1612 886 συγ-

162 902 391 959 γράφοιμι·
458 899 533 943 καὶ
557 901 643 942 τῶν
670 916 717 955 γε
743 899 930 955 πράξεων
963 899 1119 956 (πάσας
1156 901 1203 941 δὲ
1230 899 1433 956 η’πίστατο
1461 895 1611 953 παρεόν

161 967 390 1025 ἁπάσαις,>
419 966 536 1020 μάλα
568 961 750 1024 ἀκριβῶς
776 962 1004 1020 ὑπόμνημα
1031 967 1238 1008 συνετέλει
1276 963 1382 1020 πρὸς
1408 962 1484 1020 τήν
1509 979 1613 1019 γρα-

162 1033 269 1091 φήν·
325 1031 429 1077 ὥστε
458 1027 533 1074 οὐκ
563 1027 616 1087 ἦν
644 1029 829 1087 α’ναβολή
858 1029 932 1072 καὶ
954 1034 1193 1090 βουλομένῳ
1224 1029 1450 1090 ῥᾳθυμεῖν.

270 1099 315 1141 ε’.
376 1101 505 1140 Τοῦτο
541 1099 702 1152 ἐγένετο
738 1094 787 1138 τὸ
829 1093 1074 1152 εὖτύχημα,
1112 1096 1187 1140 καὶ
1211 1099 1364 1152 πάντα,
1392 1094 1533 1154 ὥσπερ
1563 1099 1609 1141 ὄ-
1620 1104 1710 1140 Cod.
1729 1116 1795 1140 πυ

114 1164 346 1222 ι5στράκου
373 1162 689 1217 μεταπεσόντος,
712 1164 785 1205 ἐπὶ
807 1161 855 1204 τὸ
869 1164 1034 1216 βέλτιον
1050 1161 1241 1219 ἐχώρησε
1265 1169 1350 1213 τοῖς
1365 1162 1606 1217 Ῥωμαίοις.

274 1229 319 1282 ς’.
362 1229 456 1273 ‘'Ot't
505 1228 634 1286 φησίν
671 1227 886 1278 Εὕνάπιος
920 1227 1020 1284 περὶ
1053 1231 1130 1269 τοῦ
1156 1227 1408 1284 παραβάτου
1429 1228 1781 1285 Ἰουλια-Α.Ο.357

161 1300 263 1341 νοῦ·
317 1299 390 1351 τῆς
436 1296 484 1338 δὲ
522 1293 746 1350 στρατείας
784 1292 942 1349 ταύτης
988 1291 1280 1351 σφοδροτάτης
1321 1310 1366 1336 τε
1404 1291 1495 1348 ἅμα
1536 1287 1696 1367 καίὲῦᾱ·
1715 1289 1755 1365 ¹15

161 1363 416 1417 κλεινοτάτης
459 1361 542 1404 τῶν
577 1358 658 1417 πρὸ
689 1360 820 1415 αὐτῆς
844 1360 1077 1415 γενομένων
1097 1358 1172 1416 τήν
1201 1359 1391 1415 διήγησιν
1413 1362 1458 1411 ἐς
1483 1345 1800 1418 τήνδεῑυῗῖιῤ·3”

161 1427 239 1484 τήν
274 1426 444 1485 γραφὴν
470 1428 713 1475 ἐντείνοντες
729 1458 742 1479 ,
772 1425 822 1467 οὗ
850 1423 1086 1479 πεισόμεθα
1113 1423 1268 1468 ταιῖτόν
1295 1430 1382 1475 τοῖς
1408 1427 1454 1468 ἐν
1475 1426 1613 1485 ἡμέρᾳ

108 1496 293 1553 αοὸᾀὸας
334 1494 610 1548 ἄνασχοῦσιν,
674 1493 746 1535 ἵνα
780 1507 824 1533 τι
873 1489 1159 1547 κρυπτόμενον
1199 1490 1453 1547 οἷνεύρωσιν·
1510 1492 1613 1535 οὐδὲ

162 1559 270 1617 ὑπὲρ
301 1554 359 1602 ὧν
403 1558 558 1608 ἱκανῶς
588 1555 678 1613 ἅμα
714 1559 788 1600 καί
826 1559 1136 1601 συνενθουσιῶν
1169 1563 1258 1607 τοῖς
1283 1555 1440 1599 ἑαυτοῦ
1466 1560 1614 1607 καλοῖς

257 1664 285 1684 ι.
312 1648 461 1692 σιωπήν
483 1647 528 1682 N.
634 1651 665 1684 3.
691 1646 959 1695 ἀναφέροντες]
982 1644 1240 1695 ἀναφέροντες
1260 1646 1415 1694 μνήμην
1436 1647 1480 1681 Ν.
1577 1660 1611 1693 7.

255 1694 606 1743 συνεπιληψόμενοι
631 1697 724 1730 coni.
749 1696 787 1729 B.
866 1695 917 1729 15.
942 1699 1022 1733 τοϊς
1045 1706 1115 1733 om.
1140 1693 1269 1728 Suidas
1298 1705 1323 1727 s.
1350 1705 1381 1728 v.
1408 1692 1611 1741 ὀστράκου.

163 1787 302 1810 cescere
327 1775 495 1820 poterat?
520 1775 595 1809 Cur
621 1787 663 1809 ea
681 1784 756 1808 non
782 1773 1004 1815 diceremus,
1040 1785 1135 1819 quae
1167 1773 1269 1808 sandi
1301 1775 1412 1808 etiam
1446 1775 1610 1819 imperiti

160 1823 401 1857 nihilominus
435 1822 699 1866 loquebantur,
730 1820 876 1852 laudem
907 1821 1008 1853 illius
1033 1820 1140 1854 dulce
1174 1820 1358 1866 quoddam
1391 1827 1430 1855 et
1459 1832 1610 1855 aureum

161 1869 315 1903 officium
341 1868 536 1902 ducentes?
575 1869 621 1901 Et
646 1867 773 1911 vulgus
797 1866 947 1912 quidem
971 1877 1195 1912 quamquam
1219 1868 1272 1900 ita
1295 1873 1390 1900 esset
1415 1869 1582 1900 affectum
1597 1892 1608 1908 ‚

160 1917 280 1949 minus
301 1926 357 1949 me
384 1921 506 1948 tamen
529 1914 576 1947 ad
598 1912 832 1947 scribendum
856 1912 1118 1956 compellebat;
1141 1912 1206 1945 sed
1231 1913 1329 1945 enim
1359 1916 1511 1957 spectati
1535 1913 1608 1945 ho·-

161 1963 280 1996 mines
329 1967 367 1995 et
389 1967 573 2007 quotquot
612 1965 717 1995 erant
749 1959 914 1992 doctrina
939 1959 1201 2000 illustrissimI,
1236 1959 1426 1992 remissum
1456 1971 1514 1993 me
1539 1971 1618 1993 non

161 2007 420 2049 remittebant,
455 2019 581 2042 verum
609 2005 788 2040 hortando
822 2005 1007 2039 instabant
1041 2017 1082 2038 ac
1117 2016 1204 2050 prae
1233 2015 1272 2038 se
1296 2005 1447 2039 ferendo
1472 2006 1608 2040 laboris

165 2056 347 2102 quandam
381 2056 678 2090 communionem.
731 2052 806 2097 Qui
837 2064 921 2086 vero
954 2051 1135 2084 Iulianum
1159 2052 1316 2085 maxime
1346 2060 1498 2087 noverat
1523 2053 1608 2087 Per-

161 2114 334 2148 gamenus
357 2102 567 2142 Oribasius‚
593 2100 702 2134 homo
727 2111 748 2132 a
771 2099 928 2133 naturali
952 2097 1186 2142 philosophia
1209 2097 1255 2131 ad
1285 2098 1461 2132 medicam
1493 2105 1608 2134 artem
1659 2112 1663 2114 ·

161 2149 360 2183 docendam
381 2148 627 2194 paratissimus
642 2172 653 2188 ,
677 2152 715 2181 et
739 2145 785 2179 ad
804 2144 1041 2179 exercendam
1066 2143 1186 2177 adhuc
1209 2143 1384 2186 divinior,
1407 2157 1464 2179 me
1493 2147 1605 2179 etiam

160 2196 313 2241 impium
347 2195 567 2229 inclamabat
589 2200 736 2240 aperte,
769 2193 841 2226 nisi
864 2191 910 2225 ad
932 2191 1164 2225 scribendum
1192 2191 1448 2226 incumberem.
1504 2191 1607 2226 Idem

160 2254 279 2275 rerum
303 2253 451 2288 quoque
477 2247 656 2287 gestarum
671 2266 680 2282 ‚
719 2251 807 2286 quas
832 2249 956 2272 omnes
982 2244 1110 2282 utpote
1132 2249 1300 2283 praesens
1322 2245 1489 2281 noverat,
1522 2250 1607 2284 per-

162 2300 271 2334 quam
291 2295 476 2322 accuratos
500 2287 776 2322 commentarios
806 2285 898 2318 rnihi
925 2284 973 2318 ad
995 2283 1183 2319 historiam
1207 2284 1434 2319 scribendam
1474 2297 1608 2331 suppe-

161 2331 304 2371 ditavit.
350 2335 474 2380 Quare
497 2347 573 2368 non
598 2336 671 2368 fuit
693 2332 859 2369 morandi
882 2336 1055 2378 potestas,
1079 2331 1222 2365 etiamsi
1244 2332 1353 2365 otiari
1375 2333 1584 2368 voluissem.

254 2382 286 2417 5.
333 2381 432 2415 Haec
471 2382 627 2415 felicitas
662 2380 832 2425 contigit,
857 2384 967 2424 atque
1000 2379 1145 2421 omnia,
1180 2385 1364 2426 tamquam
1394 2385 1486 2413 testa
1516 2390 1606 2413 con·

162 2438 263 2463 versa
277 2454 287 2469 ‚
310 2428 460 2462 meliora
486 2429 655 2462 Romanis
679 2427 791 2461 fluere
816 2430 1023 2470 coeperunt.

254 2478 288 2510 6.
334 2475 389 2508 De
425 2475 568 2508 Iuliano
604 2480 770 2519 apostata
803 2474 854 2506 sic
886 2473 941 2506 ait
969 2471 1174 2517 Eunapiust
1222 2471 1340 2506 Huius
1363 2471 1541 2505 maximae
1569 2476 1607 2505 et

163 2524 346 2567 quotquot
368 2525 474 2555 antea
498 2522 647 2555 fuerunt
668 2521 888 2555 clarissimae
913 2518 1156 2563 expeditionis
1179 2520 1421 2554 narrationem
1446 2518 1606 2551 scribere

162 2567 396 2611 adgrediens,
423 2567 520 2601 haud
546 2567 718 2603 imitabor
742 2579 802 2601 eos
817 2591 826 2606 ‚
853 2565 917 2611 qui
942 2564 1094 2599 meridie
1117 2566 1216 2599 faces
1241 2566 1441 2606 attollunt,
1477 2571 1519 2598 ut
1550 2564 1606 2596 la·

161 2618 241 2647 tens
267 2613 408 2659 aliquid
431 2614 620 2660 vestigent.
667 2614 759 2647 Nam
783 2612 870 2660 quia
894 2612 975 2657 ipse
997 2612 1182 2653 Iulianus,
1206 2612 1246 2646 in
1271 2614 1487 2657 scriptorum
1537 2621 1605 2643 uo-

161 2671 233 2705 que
259 2671 409 2694 numero
432 2661 601 2707 princeps
616 2685 625 2701 ,
650 2672 797 2695 suorum
822 2659 1026 2692 facinorum
1051 2659 1294 2693 admiratione
1316 2665 1460 2704 captus,
1492 2657 1520 2690 li
1549 2657 1604 2689 el·

160 2707 238 2740 hun
260 2708 441 2752 integrum
465 2718 573 2752 super
596 2708 666 2741 hoc
691 2707 832 2753 proelio
858 2706 1089 2752 conscripsit,
1122 2704 1292 2752 equidem
1322 2705 1421 2742 haud
1453 2704 1511 2738 illi
1544 2713 1603 2737 me
