1924 3164
343 167 361 201 1
372 148 445 214 4ο
503 167 507 168 ’
912 164 1188 220 EXCERPTA

538 274 558 292 fl

152 309 192 343 A.
207 310 320 354 (1.442
441 307 494 351 α’.
563 288 664 356 Οτι
684 308 763 349 τῶν
775 306 951 347 Σκυθῶν
979 304 1083 348 κατά
1112 305 1184 349 τὸν
1212 306 1283 362 τῆς
1311 306 1578 364 πανηγύρεως
1607 308 1753 367 καιρὸν

138 357 809 443 ,[11Ῑὲιῶἓξκαταστρατηγησάντων
844 368 1076 425 Ῥωμαίους
1115 370 1187 414 καὶ
1212 372 1389 423 πολλοὺς
1417 373 1666 429 ἀνελόντων,
1717 375 1757 417 οἳ

234 438 528 492 Ρ.33Ῥωμαῖοι
554 440 804 480 ἐπέστελλον
821 435 927 493 πρὸς
952 435 1050 486 τούς
1077 436 1245 487 Σκύθας
1261 471 1273 492 ,
1301 440 1347 481 έν
1375 440 1490 497 αἰτίᾳ
1517 439 1757 494 ποιούμενοι

227 495 269 531 V·
285 497 410 559 2ῗῖῑῆςΔ
427 507 504 546 τοῦ
531 503 737 560 φρουρίου
768 501 965 558 αἱρέσεως
991 505 1126 546 ἕνεκεν
1153 502 1224 546 καί
1248 506 1320 559 τῆς
1346 507 1427 547 τῶν
1454 506 1641 548 σπονδῶν
1669 508 1758 549 ὄλι-

326 571 497 624 γωρίας.
526 566 565 609 οἱ
595 569 640 610 δὲ
659 564 940 624 ἀπεκρίναντο,
969 568 1027 617 αἷς
1057 564 1130 610 οὔκ
1157 567 1398 625 ἀρξάμενοι,
1428 565 1519 612 ἀλλ’
1547 568 1783 624 dimitrius-5

327 649 391 675 νοι
408 635 543 674 ταῦτα
574 630 786 689 δράσειαν·
818 632 890 676 τὸν
919 631 1001 689 γὰρ
1027 637 1100 688 τῆς
1127 631 1311 691 Μοίργου
1337 636 1559 678 ἐπίσκοπον
1577 636 1637 685 εἷς
1660 631 1760 677 ἔαυ-

325 699 409 740 ταῖν
437 693 721 754 ἆναβεβηκότα
747 701 823 754 γῆν
850 698 932 741 καῖ’
949 697 1322 755 διερευνησάμενον
1350 698 1422 750 τὰς
1458 698 1574 756 παρά
1615 715 1760 756 σφισιν

324 765 562 815 βασιλείους
587 763 737 819 θήκας,
758 767 1030 820 σεσυληκέναι
1055 764 1153 815 τούς
1177 764 1474 819 ἀποκειμένους
1496 763 1760 821 θησαυρούς·

285 827 396 870 Βκοιί
421 829 461 870 εἰ
487 827 545 884 μή
574 831 719 872 τοῦτον
747 830 915 882 ἑκδοϊεν,
946 831 1102 872 ἑκδοῖεν
1130 831 1176 871 δὲ
1213 833 1285 872 καί
1305 830 1401 879 τούς
1431 829 1624 886 φυγάδας
1651 829 1758 872 κατὰ

322 892 374 936 τὰ
404 893 678 947 ὖποκειζιιενα·,
721 890 856 951 (εἶναι
881 892 958 950 γάρ
991 894 1105 950 παρὰ
1136 895 1360 949 Ῥωμαίοις
1398 887 1656 951 πλείστους,)
1686 892 1812 942 ‘como

309 957 505 1012 ’πόλεμον
531 958 710 1010 ἐπάξειν.
757 959 976 1012 Ῥωμαίων
1005 961 1052 1001 δὲ
1078 958 1153 1015 τὴν
1182 961 1319 1003 αἰτίαν
1347 960 1424 1002 οὐκ
1445 957 1592 1015 ,ἀληθῆ
1620 961 1758 1016 φαμέ-

321 1040 405 1066 νων
433 1019 559 1077 εἶναι,
605 1025 650 1065 ἐν
677 1029 765 1073 τοῖς
792 1026 1006 1081 σφετέροις
1044 1022 1180 1079 λόγοις
1217 1024 1262 1067 τὸ
1293 1024 1440 1068 πιστὸν
1482 1023 1521 1066 οἱ
1547 1023 1758 1081 βάρβαροι

320 1090 491 1141 θέμενοι
530 1091 703 1144 κρίσεως
735 1091 815 1141 μὲν
849 1090 933 1131 τῶν
971 1086 1220 1146 ἀμφιβόλων
1264 1088 1606 1146 κατωλιγώρουν,
1653 1088 1759 1144 πρὸς

320 1151 500 1206 πόλεμον
528 1155 576 1195 δὲ
603 1153 864 1208 ἐτράπησαν,
911 1155 984 1195 καί
1010 1157 1312 1210 περαιωθέντες
1338 1153 1410 1198 τὸν
1427 1151 1589 1211 Ἴστρον
1618 1152 1758 1203 πόλεις

320 1220 393 1260 καί
423 1219 610 1276 φρούρια
637 1223 812 1262 πλεῖστα
842 1218 915 1262 ἐπὶ
933 1222 989 1277 τῷ
1016 1221 1192 1278 ποταμῷ
1219 1219 1464 1278 ἒκοέκωσανι
1515 1223 1560 1263 ἐν
1598 1217 1659 1271 οἷς
1687 1223 1811 1265 καίιό

318 1282 363 1326 τὸ
393 1283 646 1338 Βιμινοίκιον
670 1281 802 1327 εἷλον·
856 1283 976 1333 πόλις
1012 1286 1061 1327 δὲ
1096 1283 1203 1340 αὕτη
1228 1287 1312 1328 τῶν
1339 1288 1384 1328 ἐν
1409 1288 1627 1342 Ἰλλυριοῖς
1653 1287 1759 1328 Μυ-

319 1350 417 1391 σῶν.
446 1343 505 1391 ὧν
523 1351 762 1403 γινομένων,
789 1348 865 1391 καί
884 1365 1007 1392 τινων
1035 1349 1375 1405 λογοποιούντων,
1404 1352 1461 1400 ὥς
1489 1351 1512 1392 ὅ
1539 1353 1759 1400 ἐπίσκοπος

319 1416 529 1469 ἐκδοθείη,
559 1411 668 1463 ὥστε
692 1414 751 1469 μὴ
781 1410 872 1463 ἑνὸς
899 1410 1052 1471 ἀνδρὸς
1078 1417 1174 1471 πέρι
1201 1418 1259 1473 τῷ
1284 1419 1412 1459 παντί
1440 1415 1660 1470 Ῥωμαίων
1685 1415 1758 1459 τὸν
1810 1460 1812 1462 ,

320 1481 366 1522 ἐκ
391 1482 467 1522 τοῦ
492 1482 673 1533 πολέμου
703 1481 945 1534 ἐπαχθῆναι
968 1481 1169 1532 κίνδυνον,
1199 1481 1461 1536 ὑποτοπήσας
1488 1481 1512 1522 ὅ
1539 1477 1759 1538 ἅνθρωπος

1082 1546 1102 1555 ιν
1137 1541 1157 1557 ’l

219 1548 254 1583 Ρ.
268 1547 312 1593 34
322 1545 651 1601 ἐκδοθήσεσθαι,
680 1543 823 1587 λαθών
851 1544 948 1595 τοὺς
974 1546 1019 1587 ἐν
1045 1561 1100 1602 τῳ
1130 1554 1247 1588 αστει
1274 1545 1379 1603 πρὸς
1410 1545 1510 1596 τούς
1536 1548 1815 1600 πολεμίους20

319 1612 616 1665 παραγίνεται,
646 1609 720 1651 καί
745 1611 887 1659 αΰτοῖς
923 1607 1191 1665 παραδώσειν
1230 1609 1493 1665 ὑπισχνεῖται
1521 1610 1599 1666 τὴν
1626 1611 1759 1664 πόλιν,

321 1674 404 1731 εἴγε
433 1674 610 1723 ἐπιεικές
637 1691 678 1716 τι
708 1673 746 1715 οἳ
768 1675 849 1716 τῶν
876 1677 1049 1717 Σκυθῶν
1076 1675 1369 1729 βουλεύσαιντο
1395 1679 1594 1729 βασιλεῖς.
1641 1675 1682 1719 οἷ
1713 1677 1759 1719 δὲ

416 1832 444 1855 ι.
488 1792 680 1864 Scythae,
717 1831 790 1867 quo
820 1827 981 1867 tempore
1015 1826 1192 1856 mercatus
1221 1821 1433 1866 Scytharum
1459 1824 1497 1856 et
1519 1822 1762 1857 Romanorum

319 1867 505 1912 frequenti
528 1866 767 1902 multitudine
792 1868 1063 1910 celebrabatur,
1083 1871 1263 1903 Romanos
1288 1880 1369 1902 cum
1395 1868 1555 1902 exercitu
1588 1873 1675 1902 sunt
1698 1868 1762 1902 ad—

322 1914 416 1954 orti,
453 1918 490 1946 et
521 1913 654 1946 multos
692 1914 914 1949 occiderunt.
973 1915 1123 1948 Romani
1162 1915 1207 1948 ad
1232 1914 1380 1958 Scythas
1404 1915 1600 1955 miserunt,
1625 1915 1689 1959 qui
1716 1913 1761 1948 de

319 1958 494 2003 praesidii
519 1960 786 2003 expugnatione
823 1967 861 1995 et
886 1960 1072 1997 foederum
1102 1966 1309 2005 contemptu
1343 1971 1423 1994 eum
1458 1961 1511 1994 eis
1553 1961 1760 2004 expostula-

321 2010 414 2043 rent.
463 2006 511 2039 Hi
544 2015 627 2039 vero
653 2017 690 2040 se
722 2019 795 2040 non
821 2007 915 2041 ultro
947 2006 1086 2040 bellum
1121 2009 1338 2049 inferentes,
1373 2006 1436 2041 sed
1458 2007 1570 2040 factas
1608 2007 1760 2040 iniurias

322 2050 561 2093 ulciscentes,
590 2051 681 2085 haec
711 2052 840 2087 fecisse
873 2053 1145 2098 responderunt.
1200 2055 1317 2097 Margi
1354 2053 1450 2086 enim
1482 2053 1689 2097 episcopum
1721 2054 1761 2086 in

323 2108 407 2131 suos
434 2098 524 2131 fines
547 2102 830 2143 transgressum,
866 2101 990 2134 fiscum
1014 2101 1151 2144 regium
1189 2105 1226 2133 et
1261 2099 1464 2133 reconditos
1488 2098 1674 2132 thesauros
1699 2100 1761 2132 in—

325 2144 490 2188 dagatum
514 2145 703 2190 expilasse.
751 2146 857 2179 Hune
880 2146 952 2180 nisi
971 2146 1146 2180 dederent
1177 2157 1250 2180 una
1286 2155 1364 2179 eum
1385 2145 1601 2190 transfugis,
1625 2149 1667 2177 ut
1681 2145 1761 2178 foe-

326 2189 473 2224 deribus
499 2193 724 2232 convenerit,
756 2196 851 2233 (esse
876 2193 973 2226 enim
1008 2192 1105 2236 apud
1142 2203 1202 2226 eos
1234 2193 1388 2237 plui-eim
1422 2190 1559 2225 bellum
1585 2191 1758 2225 illaturos.

325 2235 429 2280 Quae
454 2248 534 2270 eum
561 2238 710 2271 Romani
727 2248 809 2272 vera
834 2249 910 2273 esse
933 2243 1117 2284 negarent,
1153 2238 1298 2273 barbari
1319 2247 1403 2272 vero
1435 2238 1475 2270 in
1499 2248 1644 2278 eorum,
1668 2247 1761 2283 quae

328 2281 521 2324 dicebant,
545 2284 616 2319 fide
637 2289 851 2329 perstarent,
875 2285 1051 2319 iudicium
1080 2284 1226 2331 quidem
1247 2285 1292 2320 de
1316 2283 1372 2317 his
1387 2308 1398 2325 ,
1424 2294 1515 2328 quae
1541 2284 1580 2316 in
1609 2289 1761 2318 conten-

325 2330 427 2363 tione
452 2330 569 2374 posita
594 2337 715 2372 erant,
740 2331 861 2364 subire
886 2332 1036 2366 minime
1059 2332 1272 2372 voluerunt,
1297 2329 1359 2364 sed
1383 2329 1428 2363 ad
1450 2329 1588 2363 bellum
1612 2339 1776 2363 conver·¹
1812 2346 1817 2349 ν

317 2375 359 2408 si
386 2381 479 2408 sunt.
529 2377 656 2423 Itaque
680 2379 888 2411 transmisso
915 2379 1027 2421 Istro,
1053 2379 1196 2424 oppidis
1232 2383 1269 2411 et
1303 2376 1456 2410 castellis
1489 2375 1535 2408 ad
1569 2377 1686 2420 ripam
1709 2376 1760 2409 si-

328 2422 376 2454 tis
419 2423 577 2467 plurima
612 2424 741 2457 damna
773 2424 994 2466 intulerunt,
1030 2430 1067 2458 et
1101 2426 1197 2459 inter
1221 2429 1337 2459 cetera
1367 2422 1632 2463 Viminacium,
1668 2432 1760 2476 quae

328 2468 534 2502 Moesorum
563 2468 647 2502 urbs
673 2477 727 2504 est
750 2471 791 2504 in
814 2471 979 2514 Illyrico,
1016 2477 1196 2516 ceperunt.
1244 2470 1308 2502 His
1333 2468 1463 2512 gestis,
1487 2479 1567 2501 cum
1594 2468 1698 2502 multi
1722 2469 1761 2502 in

330 2515 555 2548 sermonibus
587 2515 819 2557 dictitarent,
856 2518 1064 2562 episcopum
1090 2516 1174 2550 dedi
1198 2521 1382 2561 oportere,
1405 2526 1450 2548 ne
1475 2515 1580 2548 unius
1603 2514 1762 2547 hominis

331 2573 436 2595 causa
457 2562 621 2596 universa
636 2562 874 2596 Romanorum
898 2564 1100 2609 respublica
1126 2562 1213 2596 belli
1236 2561 1438 2607 ‚periculum
1462 2561 1674 2594 sustineret:
1698 2560 1763 2593 ille

331 2619 369 2641 se
395 2606 556 2642 deditum
582 2609 627 2640 iri
651 2609 871 2653 suspicatus,
905 2611 996 2643 clam
1025 2609 1191 2644 omnibus
1229 2609 1412 2642 civitatem
1443 2606 1685 2642 incolentibus
1717 2604 1763 2639 ad

329 2653 453 2687 hostes
479 2656 622 2698 effugit,
660 2661 696 2688 et
722 2655 846 2688 urbem
879 2656 1117 2696 traditurum,
1154 2656 1183 2688 si
1209 2655 1280 2689 sibi
1307 2654 1518 2697 Scytharum
1545 2663 1643 2699 reges
1669 2651 1762 2685 libe—

335 2701 476 2735 ralitate
501 2713 563 2735 sua
590 2702 837 2743 consulerent,
868 2703 1051 2746 pollicitus
1077 2708 1140 2736 est.
1188 2700 1242 2735 Ad
1269 2713 1307 2735 ea
1332 2712 1410 2734 cum
1424 2700 1640 2745 beneficium
1665 2697 1765 2733 omni
