1838 3210
699 178 1016 225 PRAEFATIO.
1539 180 1595 220 lx

165 293 232 330 ut,
263 288 295 322 si
334 286 532 334 aliquando
563 286 679 320 otium
711 287 825 321 fuerit
868 287 1002 321 Suidae
1048 287 1214 320 accurate
1255 282 1483 326 excutiendi,
1505 287 1595 319 tnnc

165 356 286 402 amplo
313 356 534 391 incremento
558 355 776 401 locupletata
801 356 922 390 omnia
955 355 1063 390 simul
1082 365 1292 401 proponam.
1316 373 1364 380 —
1387 353 1595 387 Cantoclari

165 425 443 466 annotationes,
477 435 568 470 quae
590 426 805 458 .versionem
839 425 990 457 latinam
1015 428 1178 470 spectant
1194 449 1204 465 ,
1236 421 1431 469 aliquando
1458 431 1595 455 errores

166 493 366 537 corrigunt,
403 503 494 539 quos
518 487 710 527 classenm
733 494 899 536 sustulit3
933 503 1195 540 nonnunquam
1225 496 1329 528 novis
1363 492 1446 526 illos
1469 502 1597 524 cumu-

165 561 270 596 lant:
297 573 390 608 quae
411 561 457 595 ad
482 572 606 607 graeca
634 561 860 604 referuntur,
892 562 1108 609 plerumque
1140 572 1219 595 cum
1255 560 1466 595 incredibili
1491 560 1598 605 igno-

167 631 284 664 rantia
307 631 535 664 coniunctam
559 617 797 664 stoliditatem
822 630 1018 674 exhibent3
1043 629 1244 666 cuiusmodi
1272 629 1407 675 flagitia
1428 639 1494 674 pro
1519 639 1599 662 mea

167 703 272 744 parte
295 709 493 744 propagare
519 700 621 733 nefas
644 699 772 733 haheo.
823 698 1032 745 Aliquando
1063 699 1211 746 quidem
1238 700 1280 733 in
1308 699 1379 733 hoc
1409 696 1599 744 sterquili-

167 756 325 800 nio'res-
349 767 732 816 nontcontemnendas
755 767 945 810 invenias3
983 766 1049 800 ubi
1080 767 1169 801 vitia
1199 773 1317 802 textus
1341 766 1599 801 Hoescheliani

167 834 395 868 coniiciendo
419 841 542 876 sanata
567 841 631 870 aut
658 840 755 869 certe
777 835 1019 880 probabiliter
1043 840 1183 870 tentata
1211 842 1316 871 sunt:
1350 836 1444 882 quae
1476 834 1598 868 homi-

167 913 252 937 nem
283 903 430 937 absurdi
465 905 603 950 ingenii
648 906 866 950 excogitasse
910 915 1018 938 nemo
1054 905 1125 939 sibi
1157 905 1600 951 persuadebat—verum,

167 971 371 1018 cuicunque
400 973 542 1007 auctori
575 975 645 1007 ista
675 968 878 1014 debentur,
911 984 1037 1007 eorum
1071 974 1249 1007 rationem
1283 973 1323 1006 in
1356 973 1503 1007 scholiis
1528 973 1602 1007 cri-

167 1041 250 1074 ticis
274 1041 326 1074 ita
348 1040 462 1074 habui
482 1046 523 1075 ut
541 1042 757 1076 Cantoclaro
773 1053 837 1087 pro
861 1043 907 1075 iis
935 1041 1110 1076 honorem
1136 1042 1353 1076 exhiberem.
1367 1042 1603 1075 -Labbeum

168 1108 340 1154 equidem
360 1109 512 1144 minime
535 1120 686 1154 sperno:
713 1109 777 1143 sed
803 1111 866 1157 qui
893 1111 970 1145 eius
994 1112 1240 1156 protrepticon
1264 1111 1400 1155 iamdiu
1425 1110 1604 1145 oblivioni

167 1176 342 1211 traditum
366 1180 499 1212 iterum
521 1180 562 1213 in
583 1178 771 1214 hominum
794 1180 961 1213 notitiam
984 1180 1166 1225 proferet,
1196 1181 1227 1213 is
1256 1181 1391 1226 gloriae
1419 1180 1487 1214 viri
1510 1180 1606 1213 male

168 1247 356 1281 consulet:
391 1246 481 1282 adeo
511 1259 661 1290 manca,
692 1258 865 1293 persaepe
884 1254 1022 1282 -autem
1056 1260 1217 1283 errorum
1240 1250 1369 1295 plena,
1396 1253 1482 1282 sunt
1512 1258 1606 1294 quae

169 1313 216 1348 de
239 1314 476 1361 scriptoribus
499 1315 608 1351 huius
632 1316 806 1351 historiae
831 1316 961 1363 tradit3
998 1319 1050 1352 ita
1073 1323 1116 1351 ut
1141 1319 1202 1352 vix
1225 1318 1291 1351 illo
1316 1327 1403 1350 aevo
1426 1317 1512 1351 ferri
1536 1324 1605 1362 po-

168 1384 326 1425 tuerint,
351 1390 434 1429 post
459 1383 668 1418 Fabricium
685 1397 792 1419 nemo
815 1385 918 1419 ferat.
956 1387 1215 1432 Imperatorum
1227 1386 1497 1431 chronologiam
1510 1397 1608 1420 nunc

167 1453 228 1487 vel
250 1454 354 1498 pueri
382 1465 402 1488 e
433 1454 538 1488 libris
563 1453 702 1500 ubique
728 1454 845 1488 obviis
867 1458 992 1499 petere
1015 1459 1214 1499 poterunt,
1237 1455 1365 1489 saltem
1390 1465 1464 1489 non
1486 1455 1606 1488 minus

169 1526 394 1556 accuratam:
428 1521 473 1556 de
495 1521 734 1568 patriarchis,
768 1524 798 1556 si
827 1525 886 1557 cui
911 1534 1082 1569 quaerere
1106 1523 1220 1565 libet,
1245 1523 1342 1568 apud
1366 1524 1606 1564 Bandurium,

171 1592 274 1625 cuius
308 1597 491 1637 syntagma
514 1592 555 1624 in
588 1590 658 1625 hoc
681 1603 830 1638 corpore
855 1592 1027 1626 exhihere
1061 1604 1135 1626 non
1166 1593 1408 1638 negligemus,
1438 1593 1606 1639 pleniora

171 1661 468 1707 accuratioraque
493 1661 666 1695 inveniet.

262 1728 362 1762 Haec
399 1729 601 1763 omittendo
630 1730 856 1775 emptoribus
882 1741 925 1764 eo
958 1731 1070 1775 magis
1105 1731 1367 1765 consulendum
1391 1736 1470 1764 erat
1507 1732 1607 1778 quod

170 1798 286 1832 editio
309 1803 431 1832 nostra
461 1798 589 1843 amplis
614 1797 880 1832 accessionibus
907 1803 1010 1832 aucta
1033 1804 1100 1833 cst.
1145 1800 1289 1833 Etenim
1312 1799 1359 1832 ad
1382 1800 1607 1846 Dexippum,

170 1866 374 1910 Eunapium
407 1871 444 1899 et
476 1865 715 1900 Menandrum
746 1872 915 1912 excerpta
952 1868 997 1900 de
1031 1868 1222 1901 sententiis
1259 1867 1464 1916 addebam,
1513 1880 1608 1914 quae

171 1945 192 1968 e
228 1934 460 1980 palimpsesto
496 1933 670 1967 Vaticano
710 1934 827 1967 edidit
857 1935 909 1967 ill.
944 1935 1079 1967 Maius:
1107 1939 1183 1967 tum
1207 1934 1430 1979 fragmenta,
1452 1946 1472 1969 c
1496 1935 1608 1970 Suida

171 2002 266 2045 fere,
286 2007 350 2035 aut
374 2002 444 2035 iam
468 2003 619 2036 collecta
643 2007 708 2034 aut
731 2002 857 2035 saltem
883 2001 1062 2036 indicata:
1087 2003 1232 2044 deinde,
1258 2008 1299 2035 ut
1317 2002 1504 2037 Fabricius
1528 2004 1608 2037 fieri

171 2071 303 2116 iussit,
346 2070 482 2114 eclogas
513 2081 533 2104 e
571 2070 767 2113 Nonnoso;
791 2080 899 2115 porro
924 2071 1155 2115 panegyricos
1171 2071 1361 2104 ‘Anastasii
1387 2082 1408 2104 a
1433 2070 1606 2116 Procopio

172 2145 210 2173 et
232 2139 415 2172 Prisciano
435 2139 572 2182 dict0s3
597 2138 758 2184 denique
773 2138 931 2173 indicem
945 2165 955 2181 ,
991 2151 1035 2173 ex
1064 2141 1233 2175 instituto
1263 2138 1363 2187 quod
1386 2139 1427 2173 in
1453 2139 1607 2187 Agathia

170 2207 313 2241 edendo
338 2212 480 2241 secutus
507 2217 608 2248 sum,
649 2206 844 2252 duplicem.

262 2277 339 2309 Iam
371 2286 455 2311 vero
489 2283 597 2322 quam
632 2277 819 2322 praeclara
844 2277 918 2310 sint
941 2278 1099 2323 quaein
1131 2277 1259 2312 horum
1291 2278 1496 2313 Sevirorum
1519 2279 1608 2314 reli-

174 2345 270 2391 quiis
294 2343 341 2377 ad
362 2344 538 2379 historiae
569 2346 814 2392 cognitionem
846 2345 1034 2390 pertinent
1050 2370 1059 2386 ‚
1080 2351 1217 2379 norunt
1240 2346 1392 2380 lectores
1418 2346 1605 2382 Gibhoni:

173 2425 294 2461 neque
316 2425 400 2448 vero
423 2416 615 2460 quisquam
641 2415 720 2455 sani,
741 2414 871 2448 iudicii
893 2415 948 2450 vir
971 2414 1062 2448 adeo
1088 2416 1195 2449 unice
1212 2415 1339 2448 Atticis
1364 2415 1608 2450 delectabitur

173 2489 234 2524 ut,
257 2483 357 2517 verbi
384 2483 521 2528 gratia,
554 2484 665 2517 Prisci
700 2484 945 2518 narrationem
981 2484 1026 2518 de
1049 2484 1232 2529 legatione
1258 2478 1304 2518 a'd
1326 2484 1476 2520 Attilam
1501 2484 1607 2520 fasti-

175 2552 261 2585 diat.
309 2553 436 2598 Itaqne
453 2552 668 2596 scriptorum
694 2552 842 2586 honoris
866 2564 991 2594 causa,
1016 2553 1127 2588 simul
1145 2558 1271 2588 'autem
1292 2553 1445 2588 ornandi
1471 2554 1605 2599 operis,

175 2621 235 2653 cui
258 2631 391 2654 nomen
416 2631 535 2654 meum
559 2622 1035 2669 praescripsi‚quaerebam,
1063 2623 1092 2656 si
1116 2625 1175 2657 cui
1202 2623 1333 2657 illustri
1357 2623 1396 2656 in
1419 2634 1458 2657 re
1483 2623 1607 2656 critica

175 2689 305 2723 artifici
329 2689 546 2734 persuadere
577 2700 719 2734 possem
737 2716 747 2732 ,
781 2695 823 2723 ut
846 2689 955 2740 huius
979 2690 1116 2735 primae
1139 2692 1253 2736 partis
1278 2691 1519 2726 recensendae
1543 2702 1606 2723 su-

174 2758 330 2804 sciperet
354 2756 518 2792 officium.
545 2758 649 2792 Tunc
664 2757 786 2793 subito
811 2759 924 2794 menti
938 2760 1150 2796 occurrebat
1163 2759 1361 2802 Bekkerus,
1390 2771 1463 2795 non
1486 2759 1603 2794 minus
