1924 3164
567 187 636 226 Ex
674 183 889 226 EUNAPu
928 179 1199 224 ms'romA.
1534 156 1605 232 73

166 289 298 343 τύρων
322 289 396 329 κατ’
421 283 501 329 ὅσα
527 285 611 343 πρὸ
637 285 779 342 ἡμῶν,
824 285 980 340 ἀνάγκη
1016 285 1247 339 συγχωρεῖν
1280 285 1366 330 τοῖς
1391 277 1608 336 γράψασιν

167 348 196 408 ἢ
225 358 311 401 τοῖς
337 351 416 410 πρὸ
444 354 609 395 ἐκείνων
637 351 772 406 λόγοις
799 352 859 401 εἰς
887 351 1000 406 ἡμᾶς
1026 347 1133 391 κατὰ
1149 346 1315 403 μνήμην
1334 341 1528 404 ἄγραφον
1548 348 1608 399 εἷς

170 417 374 474 διαδοχήν
400 419 742 475 περιφερομένοις
766 419 839 460 καί
876 416 1156 471 καθήκουσιν·
1211 409 1287 457 ὅσα
1313 415 1362 457 δὲ
1387 415 1458 470 ἐφ’
1483 414 1602 469 ἡμῶν
1612 420 1728 466 R.267

170 485 309 526 αὐτῶν
357 487 538 539 γέγονεν,
586 484 790 538 ἀλήθειαν
835 485 1029 536 τιμῶντι,
1073 478 1185 524 καθά
1224 494 1352 537 φησιν
1393 477 1610 533 Πλάτων,

137 550 430 607 Ιὕπαραδοτέον
455 555 540 599 τοῖς
567 547 905 604 ἐντυγχάνουσιν.

139 623 142 625 ’
281 614 355 664 κς’.
403 612 496 658 Ὅτι
535 617 745 664 Φίλιππος
791 614 813 656 ὅ
853 613 1069 657 Μακεδών
1108 613 1154 656 τὸ
1211 616 1363 671 μέτρον
1400 611 1504 657 ι’δων
1541 614 1616 656 τοῦ

171 684 379 739 σφετέρου
406 680 613 735 σώματος,
644 683 708 738 (ἐν
735 682 969 738 παλαίστρᾳ
990 680 1072 736 γὰρ
1089 679 1345 739 §nem-uiuet)
1386 679 1617 728 διαναστάς

173 746 255 791 οἷπὸ
282 749 357 789 τοῦ
383 747 607 801 πτώματος
640 748 844 805 σώφρονα
876 747 1016 803 ἀφῆκε
1043 744 1184 802 λόγον,
1228 745 1287 795 ὥς
1319 745 1461 802 ὀλίγην
1488 761 1617 787 κατα-ι

171 812 344 868 σχήσων
370 815 447 869 γῆν
473 810 563 855 εἶτα
593 813 823 868 ἐπιθυμοίη
851 815 924 868 τῆς
954 812 1130 868 ἁπάσης.

124 893 175 920 ιο
283 876 354 930 κζ.
399 875 493 921 ’Ότι
520 877 592 921 τὸν
631 879 774 934 Θησέα
806 882 938 934 φασίν
985 877 1023 920 οἱ
1050 877 1227 920 παλαιοὶ
1261 877 1445 934 ζηλωτὴν
1476 874 1615 934 Ἡρα·-

172 945 319 994 κλέους
354 943 577 999 γενόμενον
610 943 740 999 μικρὰ
769 947 843 1000 τῆς
869 944 1086 1000 μιμήσεως
1125 946 1280 1001 ἐκείνης
1318 945 1614 1000 ἀποκερδᾶναι.

280 1009 354 1067 κη’.
400 1007 490 1053 ‘'On
516 1013 591 1053 τοῦ
619 1011 866 1067 Προκοπίου
894 1013 972 1052 τοῦ
999 1013 1221 1066 συγγενοῦς
1251 1011 1484 1054 Ἰουλιανοῦ
1513 1013 1714 1053 στα-Α.Ο.
1729 1014 1797 1052 365

171 1075 399 1125 σιάσαντος
426 1075 501 1117 καί
540 1078 758 1131 τυραννίδι
785 1078 1033 1130 ἐπιθεμένου
1050 1109 1062 1131 ,
1106 1077 1352 1132 “Ηράκλειος
1387 1075 1410 1117 ὅ
1451 1061 1763 1142 κυνικὸςῧᾞὲῖι
1775 1112 1812 1142 et

171 1141 416 1200 προσελθών
452 1142 568 1199 αὐτῷ
603 1143 676 1184 καί
708 1141 1022 1199 κατακροτήσας
1069 1138 1122 1183 εὖ
1159 1141 1276 1195 μάλα
1314 1143 1366 1199 τῇ
1412 1143 1615 1200 βακτηρίᾳ
1628 1155 1767 1190 νᾶα,

124 1206 413 1266 ι5τοῦδαφος,
445 1203 653 1264 ,,ἆ’λκιμος
677 1206 803 1251 ἔσσο”
831 1210 982 1264 φησίν,
1013 1207 1111 1262 »ἵνα
1137 1206 1202 1257 τίς
1228 1223 1276 1250 σε
1306 1208 1381 1249 καί
1406 1205 1616 1261 ὀψιγόνων

175 1270 225 1318 εὖ
252 1275 390 1332 εἴπῃ.”

284 1339 360 1382 κθ’.
407 1337 564 1397 Ὥσπερ
594 1335 672 1382 οὖν
697 1337 738 1382 οἱ
775 1340 953 1396 φυσικοί
986 1355 1094 1396 φασι
1121 1338 1256 1395 πάσης
1284 1338 1484 1394 κινήσεως
1511 1331 1620 1379 εἶναι

173 1409 290 1458 τέλος
317 1408 545 1463 α’κινησίαν,
585 1405 615 1461 ἢ
641 1412 731 1456 ταῖς
762 1402 909 1456 ἄλλαις
937 1404 1143 1462 κινήσεσιν
1178 1404 1222 1449 τὸ
1253 1408 1464 1448 κινεῖσθαι
1491 1405 1619 1446 δίδω-

174 1490 242 1517 σιν
270 1469 376 1528 αὗτὴ
404 1475 613 1526 μένουσα,
653 1470 784 1521 οὕτως
813 1467 865 1514 ἄν
885 1489 949 1521 τις
980 1470 1166 1526 ὑπέλαβε
1198 1473 1273 1513 καί
1295 1469 1389 1514 τότε
1418 1470 1492 1513 τὸν
1517 1486 1619 1527 πρε-

123 1538 334 1594 ποσβύτην
369 1534 610 1593 Ἀρβιτίονα
649 1539 949 1594 παρατυχόντα
989 1537 1065 1594 τὴν
1101 1540 1178 1580 τοῦ
1202 1531 1619 1592 βασιλέως-ἄτακτον

177 1602 500 1658 καῒκυματώδη
538 1602 676 1660 φοράν
701 1606 762 1652 εἰς
789 1602 948 1658 ὄμαλὸν
975 1603 1050 1645 καί
1073 1608 1181 1646 λεῖον
1212 1604 1516 1659 καταστορέσαι
1542 1602 1621 1645 ‘tofi'

175 1672 378 1725 λογισμοῦ
408 1667 563 1718 πάθος·
616 1671 771 1726 μικροῦ
809 1668 889 1726 γὰρ
929 1670 1073 1726 ἐξέστη
1111 1668 1182 1711 διὰ
1212 1670 1368 1712 δειλίαν
1403 1670 1487 1712 τῶν
1531 1683 1620 1710 κοι-

177 1739 260 1779 ναῖν
284 1734 552 1792 πραγμάτων.

269 1816 304 1838 n.
329 1801 420 1850 πρὸ]
447 1805 536 1850 περὶ
558 1803 603 1837 Ν.
661 1816 713 1838 ιο.
740 1804 950 1850 Procopium
972 1805 1152 1850 significat
1174 1805 1394 1840 imitatorem
1415 1804 1560 1839 Iuliani.
1576 1804 1619 1838 Ν.

177 1871 394 1908 tustioribus
427 1872 535 1905 etiam
569 1870 828 1906 traditionibus
843 1897 853 1913 ,
891 1883 985 1919 quae
1009 1874 1219 1907 memoriter
1245 1878 1283 1906 et
1307 1874 1386 1907 sine
1411 1873 1546 1916 scripto
1573 1869 1622 1904 ad

174 1923 246 1954 'nos
269 1930 384 1965 usque
405 1924 453 1952 'ex
476 1917 604 1952 ordine
635 1917 872 1957 devenerunt,
918 1919 1175 1952 Verumtamen
1198 1930 1268 1960 res,
1291 1929 1386 1963 quae
1408 1922 1531 1952 nostra
1555 1927 1621 1951 ae-

177 1972 254 2001 tate
282 1964 514 2006 acciderunt,
541 1974 618 2005 eae,
642 1969 782 1999 servato
806 1964 970 1998 veritatis
993 1964 1132 1999 honore
1147 1988 1158 2005 ,
1181 1971 1224 1999 ut
1249 1965 1301 1999 ait
1322 1965 1446 2007 Plato,
1470 1963 1620 1999 traden-

180 2013 249 2047 dae
271 2013 470 2046 lectoribus
503 2015 599 2044 sunt.

270 2060 326 2094 26.
373 2057 562 2102 Philippus
593 2056 757 2097 Macedo,
785 2062 976 2102 conspecto
1009 2059 1065 2092 sui
1090 2058 1250 2103 corporis
1273 2055 1436 2098 modulo,
1459 2057 1527 2098 (in
1551 2068 1619 2102 pa-

179 2106 334 2141 laestrae
359 2107 455 2138 enim
481 2114 590 2136 arena
614 2104 839 2147 deciderat,)
868 2115 1058 2148 exsurgens
1083 2115 1103 2137 a
1128 2115 1222 2145 casu,
1247 2103 1444 2137 modestam
1468 2108 1619 2137 senten·

179 2156 268 2189 tiam
291 2152 409 2193 dixit,
441 2149 541 2197 quod
564 2150 596 2184 is
619 2150 793 2185 videlicet
816 2150 994 2184 modicam
1018 2156 1151 2184 terram
1189 2155 1428 2196 occupaturus
1470 2151 1620 2185 univer-

179 2211 254 2235 sam
284 2197 483 2243 adpeteret,
997 2235 999 2237 ,

273 2257 329 2290 27·
376 2246 490 2280 Aiunt
510 2249 668 2285 veteres,
706 2243 909 2285 Theseum,
947 2242 1033 2276 dum
1063 2241 1257 2276 Herculem
1287 2243 1461 2278 aemulari
1482 2243 1620 2286 venet,

180 2293 348 2338 exiguum
371 2291 585 2325 imitationis
609 2301 693 2324 suae
718 2289 876 2325 fructum
908 2290 1044 2323 tulisse-

273 2341 328 2374 28.
377 2337 460 2383 Quo
483 2343 647 2381 tempore
661 2338 864 2382 Procopius,
887 2336 1019 2370 Iuliani
1037 2335 1276 2382 propinquus,
1297 2335 1478 2370 adfectata
1495 2340 1622 2381 tyran-

180 2386 280 2427 nide,
306 2385 527 2426 rebellavit,
548 2384 732 2418 Heraclius
757 2384 900 2427 cynicus
925 2383 972 2417 ad
997 2393 1078 2416 eum
1103 2383 1275 2417 accedens
1301 2382 1523 2430 humumque
1538 2394 1620 2417 cum

186 2433 308 2468 sonitu
335 2433 434 2477 virga
460 2431 642 2477 quatiens,
665 2430 799 2472 ‚,Forti‚
821 2429 958 2476 inquit,
980 2429 1100 2463 animo
1123 2435 1215 2471 esto,
1239 2435 1282 2465 ut
1304 2429 1439 2476 aliquis
1463 2436 1500 2464 te
1524 2441 1618 2476 quo·

190 2490 263 2526 que
288 2484 452 2524 posterus
475 2476 634 2510 laudem

276 2536 331 2569 29.
380 2525 482 2558 Sicut
513 2524 623 2567 igitur
645 2524 784 2569 physici
808 2523 933 2562 aiunt,
958 2523 1114 2557 cuiusvis
1134 2526 1253 2556 motus
1278 2523 1386 2556 finem
1412 2533 1489 2557 esse
1514 2523 1621 2568 quie-

184 2577 278 2612 tem,
303 2582 395 2616 quae
418 2569 577 2603 motibus
598 2571 671 2604 vim
696 2570 868 2603 mobilem
892 2568 977 2609 dat,
1001 2569 1080 2616 ipsa
1103 2568 1251 2603 interim
1276 2581 1422 2603 manens
1447 2571 1616 2613 immota3

182 2620 237 2652 ita
262 2619 349 2651 licet
370 2617 588 2658 existimare,
611 2628 734 2651 senem
760 2616 1008 2658 Arbitionem,
1033 2627 1143 2662 quum
1174 2615 1362 2650 incidisset
1390 2617 1431 2651 in
1461 2618 1620 2661 impera—

185 2665 274 2698 toris
299 2663 574 2707 incompositam
598 2663 904 2707 fluctuantemque
931 2663 1058 2708 agendi
1081 2663 1283 2704 rationem,
1308 2663 1354 2696 ad
1378 2663 1620 2708 aequabilita-

184 2716 258 2745 tem
285 2710 362 2743 eius
396 2711 555 2743 animum
590 2710 849 2755 lenitatemque
873 2720 1075 2754 revocasse5
1119 2710 1183 2756 qui
1206 2719 1292 2745 sane
1315 2709 1363 2745 ob
1387 2708 1619 2744 formidinem

189 2767 304 2804 prope
330 2755 525 2791 omissurus
549 2762 626 2790 erat
649 2767 725 2792 rem
748 2754 946 2803 publicam.
