1924 3164
525 192 560 230 E
597 154 880 231 MnNANDm
919 186 1189 230 fflsTomA.
1473 162 1589 224 333

147 291 308 349 στήμην
335 293 381 335 ἐν
408 297 501 342 ταῖς
527 294 606 334 τοῦ
646 293 842 345 ποταμοῦ
870 293 1019 334 ναυσίν
1060 288 1357 347 ὖφειδόμενος,
1393 285 1597 342 βουλόμε-
1610 287 1698 326 A.C-
1717 288 1787 334 579

146 358 218 408 νός
245 374 292 401 τε
320 357 401 414 πρὸ
428 360 506 400 τοῦ
531 356 608 414 τὴν
626 356 783 413 βουλὴν
811 358 854 407 ἐς
880 356 928 399 τὸ
962 351 1146 414 φανερὸν
1173 357 1361 398 ἐκπεσεῖν
1388 353 1436 396 τὸ
1461 356 1597 409 ἐγχεί-

145 440 260 480 ρημα
288 423 606 476 τελεώσασθαι,
631 427 758 465 πλοῖα
788 425 1041 479 συναγείρας
1066 419 1178 465 κατὰ.
1203 419 1278 476 τήν
1306 415 1393 462 ἅνω
1414 424 1633 463 Παννω-Β
1676 440 1679 443 ⁴

144 490 239 532 νίαν
284 490 344 538 εἷς
379 488 454 532 τὸν
486 483 651 545 Ἴστρον
692 486 826 530 πολλὰ
862 490 1021 542 βαρέα,
1059 486 1133 529 καὶ
1159 481 1210 527 οὗ
1237 484 1342 528 κατὰ
1370 485 1493 540 λόγον
1518 489 1594 541 τῆς

120 557 403 610 5ναυπηγικῆς
429 557 602 610 τέχνης,
632 550 745 607 ὅμως
772 555 819 595 ἐκ
845 555 929 596 τῶν
971 553 1149 596 ἐνόντων
1174 551 1343 608 μακρὰς
1380 552 1594 608 συμπηξά-

145 637 270 676 μενος
293 619 598 678 στρατιώτιδας
624 623 751 673 ναῦς,
781 619 855 662 καί
880 617 1059 670 πολλοὺς
1087 621 1132 661 ἐν
1163 619 1315 668 αὐταῖς
1345 618 1596 673 ἐπιβιβάσας

147 685 322 736 ὁπλίτας
349 687 492 742 ἐρέτας
518 701 577 738 τε,·
608 685 658 727 οὔ
686 684 791 727 κατὰ
822 685 980 738 κόσμον
1012 684 1121 727 ἀλλὰ
1154 686 1425 741 βαρβαρικῶς
1451 700 1497 726 τε
1523 685 1598 726 καὶ

147 750 379 805 ἀνωμάλως
407 757 501 801 ταῖς
528 748 690 801 κώπαις
716 749 942 801 τύπτοντας
968 749 1018 792 τὸ
1049 747 1187 806 ὕδωρ,
1217 751 1389 806 κινήσας
1415 748 1594 806 ἀθρόον,

147 823 243 867 ταῖς
269 833 315 859 τε
342 816 564 873 ἐπακτρίσι
589 815 662 859 τὸν
691 814 903 871 ποταμόν,
941 817 1015 858 καί
1041 814 1174 866 αυ’τὸς
1211 814 1318 869 μετὰ
1361 815 1499 870 πάσης
1522 818 1596 871 τῆς

99 884 342 939 ιοἈβάρων
368 884 565 939 στρατιᾶς
591 883 695 939 πεζῇ
725 881 796 924 διὰ
826 884 902 937 τῆς
937 883 1174 937 Σιρμιανῆς
1206 880 1486 937 πορευόμενος
1523 879 1597 937 νή-

146 963 251 1002 σου,
284 947 560 1004 παραγίνεται
587 946 703 990 κατὰ’
719 946 793 990 τὸν
819 946 932 991 Σάον
961 946 1167 1000 ποταμόν.
1223 949 1598 1003 διαταραχθέντων

146 1016 194 1058 δὲ
222 1017 305 1057 τῶν
333 1017 377 1056 ἐν
403 1020 498 1064 ταῖς
535 1013 681 1056 πόλεσι
716 1014 890 1062 ταύταις
919 1013 1152 1067 εΡωμαίων
1187 1012 1261 1054 καὶ
1290 1011 1337 1055 τὸ
1365 1015 1596 1068 ἐγχείρημα

147 1079 480 1136 συννοησάντων,
508 1083 587 1121 τοῦ
613 1097 658 1123 τε
683 1081 726 1122 ἐν
754 1077 976 1135 Σιγγηδόνι
1002 1081 1248 1135 στρατηγοῦ,
1278 1077 1420 1135 Σήθου
1448 1074 1629 1122 τοῦνο-Ο,

146 1163 236 1200 μα,
265 1148 504 1197 στείλαντος
530 1144 636 1201 πρὸς
671 1146 743 1188 τὸν
771 1144 995 1199 Χαγοίνον,
1023 1144 1097 1187 καί
1122 1146 1410 1200 ἐπερωτῶντος
1439 1142 1515 1198 ὅ,τι
1543 1143 1596 1201 δὴ

99 1211 222 1256 ιὸκαί
245 1211 525 1266 βουλόμενος,
563 1207 730 1266 εἰρήνης
767 1213 945 1264 βεβαίας
982 1225 1028 1251 τε
1062 1209 1137 1251 καὶ
1163 1210 1309 1267 φιλίας
1336 1209 1599 1266 συνεστώσης

149 1274 269 1336 αὐτῷ
295 1293 338 1319 τε
376 1276 450 1319 καί
483 1277 744 1331 “Ρωμαίοις,
790 1274 897 1332 πρὸς
934 1274 1006 1318 τὸν
1043 1277 1153 1318 Σάον
1181 1276 1356 1332 ἄφίκετο
1383 1274 1596 1330 ποταμόν,-

149 1340 240 1396 ἅμα
277 1344 323 1385 δὲ
361 1345 558 1398 λέγοντος,
596 1341 654 1392 ὦς
687 1339 738 1384 οὔ
771 1341 1020 1398 περιόψεται
1047 1343 1262 1398 γεφυροῦν
1290 1343 1599 1398 ἐπιχειροῦντος

149 1404 286 1451 αὐτοῦ
313 1407 383 1450 τὸν
411 1407 629 1462 ποταμὸν,
665 1409 741 1449 οιῖκ
770 1409 1061 1463 ἐπιτρέποντος
1089 1404 1198 1457 ὅλως
1236 1410 1315 1451 τοῦ
1343 1406 1598 1465 αὐτοκράτο-

150 1490 220 1529 ρος
239 1490 252 1502 ·
289 1474 345 1515 ου’
367 1474 475 1516 κατὰ
498 1474 719 1528 Ῥωμαίων
746 1489 790 1515 τι
816 1474 1118 1529 μηχανώμενος
1146 1473 1229 1531 ἔφη
1256 1473 1489 1526 βούλεσθαι
1517 1492 1599 1531 πη-

93 1539 298 1595 αογνύναι
316 1538 389 1595 τὴν
410 1540 601 1597 γέφυραν
617 1573 630 1593 ,
653 1537 788 1589 ἄλλως
815 1541 861 1582 δὲ
887 1537 995 1582 κατὰ
1023 1542 1274 1596 Σκλαβηνῶν
1307 1547 1486 1596 χωρεῖν,
1526 1543 1602 1585 καὶ

150 1604 527 1662 διαπεραιούμενος
549 1604 622 1649 -ιὸν
633 1605 743 1649 Σάον
762 1606 988 1660 ἐπιβαίνων
1014 1622 1060 1648 τε
1085 1608 1128 1656 ἐς
1151 1605 1228 1661 τήν
1249 1610 1271 1630 *
1287 1606 1451 1663 Ῥώμην
1469 1602 1600 1659 αὖθις

148 1666 394 1728 τόνἼστρον
415 1671 698 1727 διαβήσεσθαι
711 1674 804 1715 κατ’
823 1673 977 1725 αὐτῶν,
1000 1675 1155 1715 πλοίων
1174 1673 1291 1731 αὐτῷ
1304 1676 1466 1716 πολλῶν
1478 1675 1595 1729 παρὰ

244 1762 276 1786 2.
302 1749 378 1796 πρὸ
405 1753 474 1786 τοῦ
497 1751 553 1792 Ν.,
577 1750 677 1798 πρὸς
698 1751 793 1798 vulg.
810 1777 820 1792 ,
843 1753 939 1797 πρὶν
976 1752 1057 1785 Val.
1154 1753 1187 1786 5.
1216 1752 1508 1798 συμπηξάμενος
1532 1755 1597 1796 H„

246 1796 439 1843 ἅμπηξάιι.
474 1799 566 1842 vulg.
724 1801 775 1834 13.
800 1798 1016 1843 Σιγγηδόνι
1059 1798 1102 1832 Η.
1127 1809 1222 1843 mg„
1259 1799 1466 1844 Σιγγιδόνι
1501 1802 1598 1847 vulg.

236 1845 303 1888 ,ιίμ
322 1839 364 1886 δή
383 1829 436 1877 Ι-Ϊ.
463 1843 524 1877 δεῖ
543 1844 638 1888 vulg.
722 1856 776 1878 αι.
803 1843 1155 1892 διαπερανούμενος
1179 1846 1274 1890 vulg.

151 1901 223 1935 diis
257 1905 378 1942 erant,
415 1902 570 1934 maxime
595 1901 694 1946 quod
719 1902 873 1935 multum
899 1914 1003 1936 usum
1036 1908 1074 1935 et
1098 1903 1284 1935 scientiam
1308 1903 1454 1937 navium
1477 1905 1599 1938 flumi-

150 1949 208 1982 nis
242 1947 445 1992 habebant3
479 1948 670 1981 consilium
703 1959 828 1989 suum,
866 1954 1061 1995 antequam
1097 1949 1136 1980 in
1170 1949 1296 1992 vulgus
1330 1951 1597 1993 innotesceret,

153 2000 408 2035 exsecuturus,
444 1994 558 2028 multa
581 1995 740 2027 vectoria
764 1996 956 2040 graviaque
980 1996 1125 2039 navigia
1148 1995 1188 2028 in
1218 1995 1310 2028 Istro
1341 2008 1408 2041 per
1433 1999 1599 2042 superio-

151 2053 228 2075 rem
253 2042 475 2074 Pannoniam
500 2041 636 2086 coegit,
663 2051 707 2073 ex
727 2041 880 2085 quibus,
906 2051 1155 2086 quaecumque
1175 2042 1336 2075 nancisci
1356 2045 1497 2087 potuit,
1522 2056 1598 2079 non

154 2087 303 2134 quidem
334 2087 380 2120 ad
412 2089 499 2121 artis
532 2088 678 2121 navium
705 2087 1009 2122 aedificandarum
1033 2089 1211 2122 rationem
1228 2111 1239 2128 ,
1273 2094 1394 2123 tamen
1419 2101 1528 2125 naves
1554 2102 1597 2125 ea

153 2134 430 2180 magnitudine,
468 2140 510 2167 ut
533 2134 578 2167 ad
603 2133 742 2166 bellum
763 2141 869 2178 aptae
894 2139 1032 2175 essent,
1056 2134 1254 2175 exstruxit,
1287 2140 1322 2169 et
1348 2147 1407 2170 eas
1430 2136 1598 2172 homini-

155 2181 225 2215 bus
244 2182 391 2214 armatis
425 2186 462 2215 et
485 2180 681 2226 remigibus
706 2182 900 2221 instruxit,
936 2181 1002 2226 qui
1026 2181 1220 2215 barbarum
1245 2181 1285 2215 in
1307 2193 1443 2217 morem
1461 2185 1598 2220 incon-

157 2227 243 2261 ditis
265 2228 399 2261 ictibus
426 2239 557 2275 aquam
585 2227 834 2261 verberabant.
882 2229 935 2262 lta
964 2228 1073 2261 simul
1097 2229 1209 2262 classe
1239 2238 1368 2274 magno
1397 2237 1496 2265 mo'tu
1522 2232 1595 2265 flu-

156 2274 256 2308 mine
280 2273 450 2316 devecta,
477 2286 558 2308 cum
583 2273 751 2308 omuibus
770 2275 920 2308 Avarum
950 2274 1179 2319 pedestribus
1204 2275 1316 2319 copiis
1349 2287 1415 2321 per
1443 2278 1594 2313 Sirmia·

157 2332 240 2354 nam
273 2322 428 2355 insulam
475 2332 615 2355 cursum
649 2322 784 2361 tenuit,
821 2327 859 2355 et
892 2320 939 2354 ad
974 2321 1081 2354 Saum
1110 2321 1260 2355 fluvium
1293 2319 1468 2367 pervenit.
1517 2325 1596 2359 Hoc

159 2375 350 2412 conspecto
376 2373 573 2413 apparatu,
599 2366 768 2406 Romani,
794 2369 858 2412 qui
885 2368 924 2400 in
951 2368 1106 2401 urbibus
1129 2368 1168 2400 in
1194 2379 1236 2402 ea
1253 2374 1355 2413 parte
1380 2372 1459 2405 sitis
1483 2371 1595 2405 habi-

157 2414 309 2455 tabant,
326 2410 566 2448 ‘vehementer
590 2419 674 2447 sunt
695 2414 907 2458 perturbati.
955 2415 1040 2447 Erat
1063 2414 1194 2449 Sethus
1221 2415 1425 2460 Singedone
1450 2420 1596 2464 praefe-

160 2465 251 2496 ctus.
297 2460 330 2493 Is
354 2461 399 2494 ad
427 2461 636 2507 Chaganum
663 2462 785 2501 misit,
817 2462 882 2508 qui
907 2472 952 2494 ex
974 2462 1053 2507 ipso
1108 2467 1290 2501 uaereret‚
1327 2466 1499 2508 quoniam
1524 2477 1597 2511 pax

160 2513 199 2540 et
234 2507 395 2541 amicitia
427 2508 484 2541 ini
528 2519 608 2541 cum
650 2508 818 2541 Romanis
854 2513 966 2548 esset,
1011 2474 1103 2553 quid
1141 2508 1222 2542 sibi.
1246 2509 1381 2552 vellet,
1422 2513 1522 2557 quod
1550 2513 1599 2547 ad

161 2554 271 2587 Saum
291 2556 469 2596 venisset,
508 2565 615 2602 quem
648 2555 678 2586 si
707 2559 819 2600 ponte
846 2554 993 2600 iungere
1021 2555 1226 2589 inconsulto
1256 2557 1477 2602 Imperatore
1514 2565 1599 2592 ten-

160 2604 275 2639 taret,
299 2612 373 2633 non
403 2612 573 2645 passurus
612 2606 715 2635 esset.
765 2601 853 2640 Ille,
880 2613 955 2635 non
994 2606 1035 2634 ut
1065 2603 1261 2648 quicquam
1294 2604 1381 2637 mali
1426 2606 1598 2640 Romanis

164 2645 453 2688 machinaretur,
491 2654 639 2694 pontem
680 2659 718 2681 se
758 2653 896 2681 struere
940 2648 1013 2688 ait,
1059 2648 1123 2682 sed
1164 2654 1206 2682 ut
1245 2656 1368 2683 contra
1411 2651 1597 2686 sclavinos

164 2692 434 2738 expeditionem
471 2695 675 2740 susciperet.
739 2694 785 2728 Se
822 2695 1029 2728 transmisso
1059 2695 1151 2736 Sao,
1195 2700 1233 2729 et
1256 2696 1392 2731 finibus
1417 2698 1598 2733 Romano·-

163 2751 243 2777 rum
275 2741 470 2787 percursis,
508 2754 630 2779 rursus
664 2742 796 2778 Istrum
827 2742 1083 2785 traiecturum,
1121 2743 1245 2779 multis
1277 2743 1325 2778 ad
1347 2745 1598 2781 traiectionem

1606 336 1683 370 lud.
1701 346 1740 369 m

1605 383 1730 416 Tiber.
1742 393 1766 420 α
