1924 3164
334 134 441 210 5³62
714 169 942 209 PHILIPPI
984 167 1168 208 LABssm
1207 166 1390 209 NOTAE

330 276 470 315 mdt‘av
505 276 610 315 verti
648 272 788 312 debuit
838 286 918 310 non
965 273 1035 326 qui
1077 272 1274 321 differat,
1322 271 1392 310 sed
1437 272 1507 326 qui
1549 272 1783 314 Placidiam
1818 282 1829 292 ’·

330 331 449 370 duxit
481 343 671 375 umorem,
703 341 809 365 anno
840 327 989 365 seilicet
1016 323 1206 365 dominici
1236 326 1380 366 natalis
1409 325 1504 380 417.

441 385 543 436 Pag.
567 382 605 423 5.
628 386 682 422 A.
716 380 909 436 [45o‚9.]
942 382 1223 434 Rhodogaisas.
1281 381 1416 434 Vulgo
1445 381 1688 436 Radagaisus
1715 391 1786 424 aut

330 440 604 491 Rhadagaisus
634 438 782 476 dicitur
809 443 945 475 sancto
963 438 1209 490 Augustino,
1240 437 1439 489 Prospero
1458 437 1643 490 utrique,
1674 441 1786 479 Mar-

331 495 500 543 cellum,
543 493 781 532 Cassiodoro
811 491 993 544 aliisque.
1050 492 1222 531 Orosius
1249 491 1359 529 hunc
1389 492 1570 531 omnium
1598 495 1785 548 antiquo-

330 565 421 588 rum
450 549 802 601 praesentiumque
837 546 1015 585 hostium
1045 547 1163 600 longe
1208 547 1543 586 immanissimum
1581 549 1783 601 appellat,

328 606 399 658 qui
417 634 427 653 ‚
470 611 516 641 ut
557 617 643 641 mos
687 603 870 640 barbaris
888 632 898 650 ,
942 603 1111 641 Romani
1141 603 1296 656 generis
1326 603 1560 655 sanguinem
1587 603 1676 642 Diis
1704 605 1786 651 suis

330 659 547 712 propinare
575 658 822 697 decreverat.

444 714 548 765 Pag.
580 712 618 752 5.
654 712 706 750 A.
744 712 858 766 [45o‚
890 711 950 765 9.]
982 711 1244 765 κεφαλιῶται
1286 706 1508 762 ὄπτιμάτοι
1543 711 1784 759 ἐκαλοῦντο,

329 768 561 814 Friderieus
589 767 827 821 Sylburgius
859 781 1043 821 proceres
1065 781 1077 816 τι
1120 765 1304 806 Andreas
1337 767 1526 806 Schottus
1556 768 1786 809 Primarios

329 825 438 862 viros
465 822 610 861 reddit.
671 823 928 861 Recentiores
969 822 1111 860 Graeci
1148 819 1391 875 κεφαλάδας
1439 823 1667 862 Praefectos
1718 838 1786 864 ca-

328 886 506 917 strorum
536 886 607 916 aut
634 878 810 917 militum
839 877 961 915 duces
991 892 1036 915 ac
1054 878 1308 915 centuriones
1338 877 1542 930 appellant
1565 907 1577 930 ,
1607 879 1657 918 de
1695 880 1787 934 qui-

329 933 405 972 bus
435 933 600 971 consule
629 933 831 972 Glossaria
860 932 1022 984 Rigaltii
1047 939 1086 970 et
1115 932 1295 970 Meursii.
1334 942 1335 945 ’
1452 962 1456 966 .

442 988 546 1040 Pag.
562 989 671 1034 5.,Β.
696 987 813 1042 [450,
840 986 921 1040 12.]
951 983 1237 1039 Ἀὃιὶουλφος.
1293 987 1446 1026 Latinis
1475 988 1621 1027 dicitur
1641 988 1789 1029 Ataul-

329 1043 420 1094 fus,
452 1044 534 1081 imo
565 1051 604 1081 ct
635 1044 824 1090 Graecis,
857 1043 1042 1091 Zosimo,
1072 1042 1292 1080 Sozomeno
1323 1050 1364 1081 et·
1388 1050 1551 1082 auctore
1570 1043 1786 1095 Chronici,

328 1100 395 1136 cui
428 1098 704 1137 Alexandrino
734 1111 882 1135 nomen
913 1104 986 1144 est,
1018 1097 1242 1135 Indictione
1279 1098 1418 1147 XIII.,
1450 1098 1632 1138 Honorio
1661 1099 1715 1137 X.
1747 1106 1788 1138 et

327 1153 557 1191 Theodosio
570 1154 644 1191 VI.
679 1153 813 1205 Augg.
846 1151 974 1190 Coss.:
1006 1150 1108 1203 μηνί
1133 1151 1173 1190 Γ
1171 1152 1347 1206 ορπιαίῳ
1367 1152 1418 1206 τῇ
1447 1149 1529 1204 πρὸ
1553 1149 1589 1205 η’
1613 1153 1789 1194 Καλανη

330 1206 415 1246 δῶν
434 1205 706 1260 Ὀκτωβρίων
727 1205 866 1260 ἡμέρᾳ
890 1205 1137 1260 παρασκευῇ
1161 1203 1354 1259 ἐδηλώθη
1384 1206 1623 1261 ‹hyffa-‘hu
1662 1206 1790 1251 Ἀταη

331 1263 490 1315 οὖλφον
518 1259 749 1315 βάρβαρον.
807 1261 1102 1314 Philostorgius
1129 1259 1406 1315 ’Λδαοῦλφον
1430 1261 1631 1315 appellat,
1663 1271 1704 1302 et
1735 1262 1788 1307 ab

330 1316 626 1370 Olympiodoro
655 1325 794 1356 nostro
824 1316 910 1355 solo
941 1317 1123 1354 dissentit
1152 1323 1332 1354 accentu.
1787 1363 1790 1371 1

443 1373 546 1425 Pag‚
584 1372 622 1411 5.
655 1373 702 1411 B.
730 1370 846 1425 [450.
881 1370 964 1424 17.]
1007 1370 1069 1409 De
1098 1370 1360 1410 Constantino
1402 1372 1596 1425 Tyranno
1633 1379 1792 1426 praeter

330 1426 613 1465 Marcellinum
642 1427 793 1480 Illyric.
825 1427 868 1464 in
898 1426 1048 1464 Chron.
1080 1426 1155 1464 sub
1184 1426 1397 1465 consulatu
1427 1428 1599 1466 Honorii
1629 1429 1705 1469 IX.
1750 1434 1790 1466 et

331 1481 550 1523 Theodosii
596 1483 696 1531 1V.,
732 1482 907 1519 Idatium
935 1483 976 1518 in
1015 1481 1147 1518 Fastis
1188 1487 1227 1519 et
1255 1480 1432 1532 Chron.‚
1470 1483 1716 1536 Prosperum
1746 1482 1789 1521 in

329 1535 441 1574 Fast.
475 1536 658 1574 similiter
687 1543 726 1574 et
742 1536 913 1586 Chron„
937 1535 1221 1574 Cassiodorum
1249 1535 1450 1589 aliosque,
1484 1538 1553 1590 qui
1578 1538 1789 1576 brevitatis

329 1592 464 1633 studio
494 1593 711 1643 praecipua
738 1604 922 1643 quaeque
947 1591 1185 1639 omiserunt,
1216 1591 1481 1630 consulendos
1503 1594 1668 1631 omnino
1694 1607 1788 1632 cen-

328 1662 396 1686 seo
426 1647 620 1687 <Ji-osium
658 1645 729 1683 lib.
763 1646 802 1683 3.
836 1660 925 1697 cap.
966 1644 1032 1695 40.
1056 1675 1067 1696 ‚
1110 1646 1377 1683 Sozomenum
1419 1646 1492 1685 lib.
1521 1662 1562 1700 9.
1594 1662 1682 1701 cap.
1720 1661 1783 1688 11.

331 1717 378 1741 ac
407 1701 646 1740 nominatim
676 1701 906 1747 Zosimum‚
954 1701 1024 1752 qui
1063 1700 1179 1738 initio
1221 1700 1314 1739 libri
1355 1702 1452 1739 sexti
1496 1703 1636 1741 eadem
1664 1702 1789 1743 ferme

332 1758 467 1796 omnia
504 1763 710 1805 recenset,
746 1769 848 1808 quae
892 1769 938 1792 ex
978 1754 1272 1807 Olympiodoro
1314 1757 1545 1807 perstrinxit
1583 1758 1755 1797 Photius
1773 1772 1790 1797 ε,

338 1815 371 1863 1)
404 1813 466 1850 'De
496 1812 659 1850 militari
688 1810 866 1848 tumultu
884 1810 926 1847 in
944 1810 1153 1855 Britannia
1172 1810 1341 1848 excitato
1357 1842 1367 1859 ‚
1399 1811 1465 1850 vel
1487 1812 1786 1853 HonorioVII.

329 1874 371 1906 et
400 1867 630 1906 Theodosio
656 1867 803 1904 iterum
833 1865 965 1914 Coss.‚
993 1863 1058 1903 vel
1086 1865 1206 1917 paulo
1235 1872 1343 1914 ante,
1376 1872 1422 1905 ut
1447 1874 1582 1905 noster
1602 1868 1667 1906 hic
1688 1868 1788 1907 insi-

328 1929 454 1969 nuat,
485 1921 550 1960 vel
580 1922 700 1960 etiam
728 1920 882 1959 tardius
899 1949 910 1970 ‚
956 1920 1079 1958 Basso
1125 1920 1316 1958 nimirum
1344 1920 1613 1975 Philippoque
1642 1923 1756 1962 Coss.
1773 1952 1787 1975 ,

329 1985 376 2015 ut
405 1976 473 2015 alii
505 1977 754 2015 contendunt
772 2006 783 2024 ,
812 1975 975 2013 biennio
1002 1982 1095 2013 ante
1122 1983 1277 2028 captam
1314 1975 1366 2013 ab
1406 1975 1569 2015 Alarico
1598 1977 1784 2016 Romam.

332 2033 371 2082 2)
403 2032 465 2069 De
495 2033 634 2070 Marco
653 2062 663 2078 .,
697 2031 891 2069 Gratiano
921 2044 966 2067 ac
996 2029 1259 2068 Constantino
1287 2031 1459 2069 subinde
1487 2034 1629 2071 creatis
1650 2033 1783 2089 Impp.

331 2087 368 2137 5)
399 2086 463 2125 De
491 2086 645 2124 Iustino
676 2086 759 2124 sive
787 2085 1007 2124 lustiniano
1038 2092 1077 2123 et
1095 2085 1335 2138 Neovigaste
1352 2115 1364 2135 ,
1394 2085 1564 2126 ducibus
1585 2087 1794 2126 Constan-

328 2142 418 2179 tini.
479 2140 518 2192 4)
549 2143 613 2179 De
640 2142 837 2190 Bononia,
864 2140 966 2178 urbe
993 2141 1209 2189 maritima,
1258 2155 1379 2193 quam
1408 2148 1542 2180 noster
1570 2141 1785 2196 Olympio-

328 2196 452 2235 dorus
490 2203 597 2234 recte
635 2197 807 2247 primam
846 2195 888 2232 in
918 2193 1071 2237 Galliae
1109 2195 1256 2233 sinibus
1291 2197 1462 2247 positam
1499 2196 1616 2235 docet
1646 2211 1668 2235 e
1695 2197 1786 2236 Bri-

328 2252 466 2288 tannia
498 2251 780 2299 venientibus,
821 2263 1030 2302 perperam
1074 2263 1171 2287 vero
1213 2251 1395 2289 Zosimus
1434 2252 1476 2289 in
1508 2251 1689 2290 inferiori
1715 2266 1789 2291 seu

330 2306 503 2344 secunda
534 2307 750 2344 Germania
777 2304 945 2343 collocat
962 2333 973 2354 ‚
1010 2302 1248 2356 Γερμανίας
1271 2298 1376 2343 οὖσα
1405 2302 1524 2351 πόλις
1559 2306 1632 2358 τῆς
1654 2300 1785 2347 κάτω.

332 2360 369 2409 5)
399 2360 461 2398 De.
490 2361 708 2398 conciliatis
737 2359 811 2398 sibi
840 2359 891 2397 ad
920 2357 1043 2410 Alpes
1064 2373 1206 2411 usque,
1237 2373 1340 2411 quae
1353 2358 1524 2397 Galliam
1546 2360 1783 2414 Italiamque

330 2415 623 2462 disterminant,
655 2414 919 2464 exercitibus3
949 2427 1049 2465 quos
1079 2412 1215 2452 Gallos
1244 2420 1283 2451 et
1297 2412 1539 2467 Aquitan05‚
1571 2415 1784 2455 observata

330 2471 412 2508 iam
441 2468 555 2518 aliis,
596 2477 702 2508 certe
730 2468 915 2507 familiari
944 2482 1016 2520 per
1048 2467 1118 2506 illa
1144 2475 1326 2521 tempora
1355 2468 1570 2519 divisione,
1609 2470 1784 2524 appellat

332 2524 665 2578 Olympiodorus‚
696 2525 760 2562 cui
790 2523 1024 2575 subscripsit
1052 2524 1171 2561 etiam
1203 2523 1460 2563 Sozomenus.
1517 2524 1556 2575 6)
1587 2525 1650 2564 De
1677 2526 1785 2564 eius-

332 2578 424 2618 dem
454 2579 703 2629 Constantini
733 2578 814 2616 filio
844 2586 942 2616 natu
981 2580 1131 2616 maiore
1172 2578 1415 2626 Constante,
1459 2593 1580 2630 quem
1617 2594 1640 2618 a
1669 2586 1790 2632 patra.

330 2633 474 2673 habitu
502 2631 680 2672 Caesaris
710 2642 898 2671 ornatum
931 2633 972 2670 in
989 2633 1225 2685 Hispaniam
1255 2633 1419 2673 missum
1446 2633 1564 2672 docet
1579 2635 1790 2674 Zosimus..

330 2688 438 2728 Eum
465 2702 565 2727 vero
592 2701 636 2726 ex
669 2687 868 2727 monacho
897 2687 1046 2726 factum
1075 2701 1157 2726 esse
1186 2688 1397 2726 Caesarem
1416 2687 1586 2728 Orosius
1614 2696 1652 2728 et
1668 2691 1788 2729 Mars.

332 2743 498 2784 cellinus
514 2773 526 2795 7
553 2741 767 2781 Christiani
798 2743 1010 2795 scriptores
1025 2771 1037 2792 ‚
1067 2742 1243 2795 graviter
1269 2741 1534 2795 expostulant.
1782 2754 1787 2763 ’
