1924 3164
344 190 374 245 5
391 190 455 256 14
925 202 1182 244 PROCOPII

340 315 561 367 στασιάζον
608 315 870 366 κατέπαυσε,
916 315 989 354 καί
1028 313 1131 365 μίαν
1154 311 1243 367 Ίτην
1282 310 1477 366 Σπάρτην
1518 314 1646 355 ἐποίει
1691 311 1780 362 ταῖς

338 384 551 438 γνώμαις,
617 379 723 421 α’λλοὲ
754 381 880 435 μέχρι
915 376 1074 452 τούτων
1113 382 1282 434 φρονεῖν
1322 377 1446 419 οὐδὲν
1473 380 1595 420 πλέον
1618 380 1781 433 ἐπιτρέ-

338 460 475 501 ψομεν
511 449 608 494 τοῖς“
643 441 951 498 Σπαρτιάταις,
981 439 1068 485 τὸν
1103 443 1195 486 νέον
1229 440 1392 496 ἔχοντες
1416 442 1684 497 Ἀγησίλαον,
1728 443 1784 484 δι’

341 511 390 554 ὃν
414 509 627 586 βάρβαρος
657 512 826 564 η’ρεμεῖ,
855 507 933 563 την
959 509 1118 550 α’σπάῖα
1144 507 1378 564 κρεμάσας,
1407 523 1476 548 και
1502 504 1579 561 τήν
1605 505 1781 561 εἰρήνην,

341 578 474 620 καίτοι
500 575 558 654 μη
589 577 714 631 φίλην
744 569 903 627 ουσαν,
943 573 1319 627 &magstat-1179
1358 573 1492 628 ἀρχῆς
1532 573 1578 613 δὲ
1607 568 1706 614 ὅσον
1731 567 1807 614 (ι’-’5

340 658 489 685 τακτον
518 643 576 690 εἰς
623 641 946 696 σωφροιοῦντας
971 641 1305 694 μεταβέβληται,
1343 640 1416 679 καί
1441 641 1586 694 φέρειν
1612 635 1783 693 ἔννομον

342 707 505 757 εἰδότας
539 703 688 761 α’ρχήν.
755 704 799 747 τὸ
826 701 888 746 ’δὲ
927 710 1013 753 τοῖς
1039 705 1178 759 φίλοις
1214 704 1369 752 ἀδίκως
1396 704 1685 759 παρίστασθαι
1713 702 1787 743 καί

341 773 460 829 παρὰ
487 770 535 814 τὸ
567 773 659 813 δέον
687 775 961 827 φιλονεικεῖν,
988 771 1039 810 δι’
1070 766 1094 810 ὃ
1122 771 1195 811 καί
1230 769 1313 825 πῦρ
1342 784 1441 810 ποτε
1468 769 1664 821 πολέμιον
1689 761 1786 808 τότε

341 841 508 893 πρῶτον
529 833 638 878 εἶδεν
665 834 688 890 ἡ
720 833 915 890 Σπάρτη,
943 835 1015 876 καί
1029 833 1074 876 τὸ
1105 829 1232 882 ἄνθος
1260 835 1305 875 ἐν
1332 830 1561 888 Λεύκτροις
1590 833 1786 886 ιῖπέβαλε,

343 905 481 945 ταῦτα
524 902 572 943 δὲ
614 899 861 955 Ἀγησίλαος
913 898 937 940 ὅ
977 896 1119 955 πρώην
1158 899 1286 952 ἐχέτω
1299 932 1311 950 ,
1354 896 1503 958 πόρ’ῥῳ
1540 895 1592 953 δη
1630 894 1838 940 τούτωνίο

342 969 478 1024 ἡμεῖς.

455 1031 528 1084 κζ’.
578 1031 848 1086 Ἀλέξανδρον
878 1031 923 1073 δὲ
953 1029 1025 1072 τὸν
1046 1027 1255 1073 Φιλίππου
1283 1027 1669 1083 πυθόμενος“ιῖξιάν
1684 1027 1789 1083 γνώ-

344 1114 429 1153 μην
467 1099 542 1151 τῆς
577 1095 776 1150 τοιαύτης
814 1097 1080 1150 παρέχεσθαι
1116 1095 1356 1150 βασιλείοις,
1388 1095 1568 1151 χρυσίου
1607 1095 1789 1150 ῥέουσαν

346 1164 611 1219 προτείνοντα
642 1167 765 1216 χεῖρα
794 1167 877 1210 τοῖς
914 1161 1134 1216 ὑπηκόοις,
1164 1163 1236 1202 καί
1260 1163 1344 1202 τῶν
1371 1163 1446 1203 τοῦ
1473 1161 1663 1213 σώματος
1690 1157 1791 1214 ἡδο-

350 1231 434 1273 νῶν
480 1230 737 1283 κρατοῦντα,
794 1223 872 1283 ἤδη
912 1228 957 1268 δὲ
1004 1226 1077 1268 καί
1109 1228 1331 1282 κρείττονος
1367 1228 1561 1280 γενέσθαι
1599 1220 1845 1282 φύσεωςμᾙ

352 1292 497 1349 πρώην
524 1294 602 1346 μὲν
629 1291 858 1346 ἠπίστουν,
885 1292 957 1333 καί
980 1294 1120 1344 μῦθος
1147 1288 1280 1341 ἄλλως
1317 1290 1451 1333 ἐδόκει
1468 1307 1542 1345 μοι
1567 1291 1691 1332 τοῦτο
1720 1291 1793 1331 καί

353 1358 539 1410 πλάσμα.
593 1359 667 1399 νῦν
712 1358 758 1398 δὲ
792 1362 877 1406 τοῖς
918 1355 1052 1412 ἔργοις
1079 1355 1190 1413 ὁρῶ,
1222 1354 1250 1398 ἃ
1276 1364 1359 1406 τοῖς
1386 1359 1524 1410 λόγοις
1551 1357 1716 1398 α’κούων
1746 1356 1791 1397 ε’-

354 1421 587 1476 θαύμαζον.
641 1424 836 1464 τοσοῦτον
863 1424 962 1477 περὶ
985 1419 1135 1463 τούτου
1177 1421 1385 1476 γινώσκω·
1442 1423 1482 1464 εἰ
1518 1423 1703 1469 τοιοῦτος
1738 1415 1790 1475 ἦν

357 1490 527 1538 ἑκεινος,
571 1483 655 1535 οἶος
683 1487 783 1540 ἡμῖν
812 1486 934 1535 αὐτὸς
970 1487 1178 1542 προῆλθες
1208 1489 1259 1541 τῇ
1287 1486 1437 1544 πείρᾳ,
1466 1487 1669 1539 πείθομαι
1695 1500 1791 1526 του-

351 1567 423 1593 τον
459 1556 546 1600 τοῖς
584 1554 687 1592 πᾶσι
731 1551 1010 1606 νενικηκέναι,
1053 1567 1122 1593 και
1159 1550 1262 1600 Διὸς
1290 1567 1397 1594 ειναι
1424 1553 1584 1605 παῖδα,
1611 1552 1684 1592 καί
1711 1548 1844 1594 (Dl-ao

351 1620 502 1659 λιππον
530 1617 783 1671 ῆπατησθαι.

464 1679 540 1736 κη’.
595 1683 688 1722 Καὶ
716 1679 850 1731 οὕτως
878 1678 977 1737 ἧμῖν
1003 1685 1224 1738 προῆλθες,
1253 1682 1407 1732 πάντας
1435 1680 1708 1739 ιῖποκρυπτων
1731 1677 1791 1739 τῷ

449 1783 502 1806 ιο.
535 1755 578 1812 δι’]
620 1771 712 1803 coni.
739 1769 866 1815 Schop.
943 1770 1073 1817 πρώην
1090 1770 1260 1814 'Villois.,
1287 1772 1397 1819 πρῶν
1427 1771 1504 1806 cod.
1602 1772 1654 1806 16.
1677 1768 1794 1809 ἄλλως

445 1818 602 1858 Villois„
626 1816 734 1853 ἄλλος
757 1817 838 1854 cod.

356 1896 403 1930 ml
438 1894 664 1928 concordiam
700 1894 864 1928 adduxit.
922 1897 996 1929 Iam
1032 1907 1116 1930 vero
1154 1895 1339 1940 superbire
1378 1896 1561 1941 Spartanis
1593 1906 1667 1930 non
1698 1896 1794 1930 ultra

358 1941 621 1981 concedemus,
647 1952 727 1974 cum
754 1952 885 1975 novum
922 1942 1118 1975 habeamus
1143 1942 1368 1996 Agesilaum,
1393 1954 1458 1988 per
1482 1954 1589 1988 quem
1619 1941 1795 1975 barbarus

356 1998 531 2032 suspenso
568 1988 691 2041 clipeo.
718 1989 892 2041 quiescit,
917 1994 954 2022 et
986 2000 1110 2032 pacem
1143 1989 1302 2033 quamvis
1338 1988 1512 2034 ingratam
1538 1988 1794 2033 amplectitur,

359 2032 536 2079 quicquid
573 2044 654 2066 vero
681 2034 720 2066 in
753 2034 905 2078 imperio
931 2035 1113 2068 tmbatum
1140 2041 1215 2068 erat
1240 2035 1285 2067 ad
1310 2035 1584 2090 temperantiam
1610 2040 1647 2068 et
1670 2034 1794 2078 legiti-

358 2091 457 2113 mum
491 2079 653 2112 ordinem
691 2086 894 2113 revocatum
931 2085 994 2113 est.
1068 2082 1298 2114 Verumenim
1331 2082 1454 2115 amicis
1489 2082 1623 2114 iniuste
1654 2078 1794 2121 adesse,

361 2137 402 2158 ae
436 2131 579 2170 praeter
613 2125 665 2158 fas
699 2125 826 2159 honori
869 2127 1013 2166 servire,
1038 2127 1135 2160 unde
1171 2133 1258 2160 tunc
1291 2127 1446 2180 primum
1489 2126 1646 2160 hostium
1691 2127 1794 2171 ignes

360 2173 489 2216 Sparta
523 2171 636 2211 vidit,
679 2171 875 2217 floremque
913 2173 1008 2217 apud
1045 2174 1193 2206 Leuctra
1233 2174 1372 2214 amisit,
1406 2173 1495 2206 haec
1524 2174 1695 2218 antiquus
1708 2152 1794 2207 nine

359 2218 547 2261 Agesilaus
573 2216 643 2250 sibi
668 2217 822 2259 habeto,
845 2229 910 2251 nos
937 2218 981 2250 ab
1008 2219 1087 2252 istis
1112 2220 1218 2263 longe
1245 2220 1377 2254 remoti
1401 2230 1530 2253 sumus.

453 2275 509 2317 27:
557 2263 645 2296 Cum
676 2274 760 2297 vero
801 2265 961 2297 audirem
988 2265 1243 2305 Alexandrum,
1280 2264 1438 2311 Philippi
1472 2266 1600 2306 filium,
1634 2265 1795 2299 animum

360 2313 464 2342 tanto
500 2309 651 2354 imperio
683 2309 830 2354 dignum
870 2311 1101 2353 exhibuisse,
1134 2323 1212 2344 cum
1248 2323 1390 2344 manum
1416 2311 1570 2345 subditis
1595 2311 1796 2356 porrigeret

361 2365 451 2387 auro
476 2354 753 2395 redundantem,
780 2362 816 2389 et
839 2357 1083 2401 voluptatibus
1109 2359 1267 2402 corporis
1294 2358 1509 2402 imperaret,
1534 2358 1606 2390 imo
1631 2367 1715 2390 vero
1740 2356 1796 2391 di-

362 2400 446 2433 vina
471 2406 598 2433 natura
620 2402 821 2446 praeditum
847 2403 969 2443 fuisse,
999 2409 1103 2437 antea
1131 2403 1277 2449 quidem
1301 2404 1505 2437 incredulus
1530 2403 1686 2437 fabulam
1705 2402 1795 2437 haec

365 2457 443 2479 esse
474 2449 608 2479 temere
640 2449 826 2481 confictam
862 2450 1044 2494 putabam.
1106 2451 1208 2483 Nunc
1238 2461 1320 2484 vero
1360 2454 1524 2494 expertus
1564 2449 1670 2483 video
1697 2455 1792 2494 quae

365 2491 485 2526 verbis
518 2493 648 2526 tradita
681 2494 846 2526 mirabar.
909 2496 966 2527 Sic
990 2495 1034 2528 de
1069 2495 1133 2529 illo
1168 2496 1303 2529 sentio:
1361 2495 1539 2541 siquidem
1576 2495 1659 2529 talis
1693 2500 1792 2537 erat,

367 2537 512 2584 qualem
537 2542 572 2570 te
596 2550 659 2571 usu
687 2546 904 2584 compertum
921 2541 1111 2583 habemus,
1139 2542 1243 2575 credo
1271 2552 1351 2574 cum
1377 2541 1543 2576 omnibus
1567 2542 1792 2584 excelluisse,

368 2590 408 2618 et
430 2583 525 2616 Iovis
549 2584 661 2618 fuisse
686 2586 812 2626 filium,
837 2597 877 2619 ac
902 2587 1100 2632 Philippum
1130 2588 1329 2632 deceptum.

462 2631 516 2666 28*
566 2632 681 2676 Atque
699 2632 750 2665 sic
773 2633 878 2667 nobis
895 2634 1118 2679 processisti,
1142 2644 1264 2669 omnes
1289 2634 1460 2667 miraculo
1485 2633 1676 2668 occultans.
1700 2634 1792 2668 Hinc
