1838 3210
687 168 870 211 LABBEI
908 164 1225 213 PRAEFATIO.
1516 202 1521 205 ,
1545 165 1651 205 XLV

213 276 420 332 pluresque
447 274 575 325 alias,
606 287 704 329 quas
725 275 853 330 quivis
860 273 994 325 facile
1021 272 1207 312 coniicere
1220 272 1390 327 poterit,
1423 284 1508 310 cum
1532 270 1649 321 regiis

217 343 323 398 typis
371 337 590 396 eademque
628 341 786 379 omnino
833 340 1042 378 voluminis
1067 339 1212 390 ¹sbrma
1250 351 1380 376 omnes
1403 366 1416 388 ‚
1469 343 1655 392 quotquot

163 411 166 418 “
221 409 374 462 uspiam
394 408 562 460 gentium
586 406 765 445 hactenus
788 405 887 444 editi
914 413 1020 454 sunt,
1048 413 1087 444 et
1118 405 1160 444 in
1183 403 1418 443 bibliothecis
1436 403 1649 452 Vaticana,

218 473 366 526 Regia,
385 473 607 512 Barberina
620 501 631 519 ,
657 471 872 510 Mazarina
886 501 897 517 ,
926 470 1180 523 Seguieriana
1198 500 1211 519 ‚
1243 471 1508 517 Memmiana,
1544 469 1652 508 leu-

220 553 326 586 ana,
358 538 536 578 Puteana
554 567 566 589 ‚
594 537 838 586 Petaviana,
876 537 1042 589 Collegii
1065 536 1298 578 Parisiensis
1323 536 1523 576 Societatis
1539 535 1649 582 Iesu,

211 600 386 659 ‘aliisque
418 617 538 659 quam
551 603 736 658 plurimis
757 602 929 657 privatis
946 602 1187 658 publicisque
1222 611 1350 643 nostro
1380 602 1654 658 doctorumque

219 670 396 708 virorum
426 668 553 707 studio
584 669 754 723 reperiri
765 675 998 723 potuerunt,
1023 667 1224 722 publicam
1256 670 1300 708 in
1331 669 1453 708 lucem
1483 669 1653 718 emittere

219 734 525 782 decreverimus,
555 734 736 789 nobisque
764 733 958 788 quaedam
985 734 1194 772 etiamnum
1212 734 1339 773 desint
1367 733 1425 773 ad
1438 735 1652 789 perfectam

220 802 400 856 omnique
442 815 496 840 ex
516 808 633 855 parte
660 799 875 838 absolutam
907 799 1156 850 Byzantinae
1193 801 1377 839 historiae
1409 800 1616 839 editionem
1635 829 1648 849 ,

219 881 363 922 operae
383 867 555 922 pretium
595 866 721 904 visum
740 866 833 916 ficit
863 865 1017 904 brevem
1053 866 1209 904 consilii
1232 868 1375 914 nostri,
1426 874 1541 922 atque
1578 880 1653 920 ap-

213 941 380 988 paratus
405 931 620 970 indiculum
643 939 777 970 texere
792 959 804 980 ‚
834 945 955 986 neque
989 938 1138 969 tantum
1162 931 1376 986 Excerptis
1403 931 1654 984 legationum,

221 1007 397 1038 veterum
421 998 690 1036 historicorum
717 995 901 1049 Eclogis,
948 996 1232 1050 Theophylacti
1264 997 1499 1036 Simocattae
1536 997 1656 1035 histo-

221 1065 372 1103 riarum
398 1063 510 1101 libris
545 1071 628 1101 octo
643 1092 654 1108 ,
684 1076 732 1100 ac
757 1061 992 1116 Nicephori‚
1038 1062 1457 1117 Constantinopolitani
1474 1064 1653 1117 patriar-

216 1131 327 1177 chae,
357 1129 552 1168 breviario
563 1127 766 1175 Chronico,
793 1132 910 1183 (quae
929 1127 1062 1166 omnia
1093 1140 1168 1167 uno
1197 1129 1315 1166 simul
1331 1128 1526 1167 volumine
1549 1143 1654 1167 com-

215 1204 338 1250 pacta
351 1223 362 1244 ‚
393 1208 441 1232 ac
455 1195 580 1232 variis
613 1193 852 1232 eruditorum
872 1194 1048 1231 virorum
1075 1193 1387 1232 annotationibus
1418 1193 1657 1233 observatio-

220 1261 402 1315 nibus‘que
418 1259 469 1298 de
496 1273 598 1298 novo
629 1259 823 1298 illustrata
837 1287 850 1308 ,
885 1258 1001 1297 modo
1017 1258 1215 1314 prodeunt
1235 1259 1278 1298 in
1301 1259 1500 1313 publicum
1513 1264 1557 1308 ,J
1582 1273 1652 1298 ve-

220 1327 296 1366 luti
316 1327 511 1379 galeatum
538 1325 743 1380 quemdam
769 1323 983 1377 ,Prologum
995 1324 1236 1380 praefigere,
1266 1325 1339 1363 sed
1359 1326 1477 1364 etiam
1496 1327 1656 1365 seorsim

221 1392 385 1444 vulgare
400 1420 413 1440 ,
437 1406 485 1430 ac
513 1391 765 1446 undequaque
788 1404 866 1445 per
903 1390 1126 1429 universam
1157 1391 1333 1433 maxime
1366 1391 1572 1447 Europam
1591 1398 1669 1432 or··'

223 1457 380 1513 Itemque
412 1457 672 1496 Christianum
717 1456 939 1510 dispergere
953 1485 965 1504 ,
1007 1465 1049 1495 ut
1075 1458 1146 1512 qui
1181 1458 1224 1495 in
1262 1456 1408 1496 dissitis·
1444 1471 1472 1496 a
1517 1458 1658 1497 Gallia

222 1524 351 1576 regnis
377 1524 603 1578 remotisque
628 1523 848 1577 provinciis
886 1522 1084 1570 habitant,
1123 1537 1244 1577 neque
1267 1524 1401 1574 facile
1427 1538 1487 1563 res
1507 1533 1659 1563 nostras

223 1597 454 1644 conatusque
484 1589 622 1627 rescire
646 1597 830 1642 possunt,
874 1588 944 1626 hoc
971 1588 1094 1626 veluti
1130 1588 1223 1627 dato
1262 1589 1372 1641 signo
1412 1590 1654 1642 intelligant,

223 1668 318 1710 quos
347 1654 405 1692 ad
438 1655 538 1692 hanc
566 1668 681 1709 usque
716 1653 822 1692 diem
863 1653 1314 1708 Constantinopolitanae
1348 1655 1531 1694 historiae
1561 1657 1659 1695 scri-

220 1727 352 1775 ptores
393 1718 609 1774 Luparaeis
641 1719 926 1757 characteribus
966 1718 1223 1767 ediderimus,
1286 1734 1380 1774 quos
1417 1720 1486 1758 sub
1515 1722 1659 1776 praelo

226 1785 456 1832 habeamus,
492 1798 658 1839 quosque
687 1786 864 1839 propitio
897 1785 1067 1824 Numine
1086 1815 1097 1833 ,
1146 1794 1185 1824 et
1223 1787 1482 1841 aspirantibus*
1505 1788 1661 1839 favore

226 1863 293 1888 suo
334 1857 448 1904 atque
479 1850 717 1887 humanitate
743 1850 850 1888 bonis
881 1850 1057 1888 omnibus
1077 1879 1089 1900 ,
1116 1852 1294 1889 emissuri
1325 1852 1506 1906 deinceps
1525 1854 1658 1892 simus-

226 1913 438 1968 Agitedum
454 1941 465 1961 ,
500 1914 584 1952 viri
616 1928 694 1967 per
723 1915 854 1953 orbem
895 1915 1115 1953 universum
1162 1916 1325 1954 litterati
1371 1917 1663 1973 litterarumque

226 1988 401 2019 amantes
438 1993 487 2017 ac
519 1979 670 2031 gloriae
695 2008 705 2024 ,
748 1981 968 2033 expromite
1008 1981 1203 2035 quidquid
1237 1981 1348 2035 apud
1384 1997 1454 2022 vos
1485 1985 1579 2024 latet
1615 1983 1662 2026 ἐν

228 2042 456 2096 κειμηλίοις
471 2074 482 2091 ,
512 2044 678 2082 excutite
691 2045 842 2098 pluteos
873 2045 1187 2085 bibliothecarum
1199 2075 1212 2095 ,
1232 2048 1398 2099 angulos
1417 2051 1657 2098 scrutamini,

228 2124 363 2150 musea
404 2110 682 2164 circumspicite
703 2139 713 2157 ,
763 2111 909 2148 amicos
942 2111 1250 2166 familiaresque
1290 2122 1436 2152 vestros
1482 2125 1630 2155 monete
1645 2146 1658 2164 ‚

229 2185 383 2228 urgete,
414 2176 620 2229 impellite:
659 2184 698 2213 et
722 2176 757 2213 si
776 2176 895 2225 ¹forte
928 2176 1026 2230 quid
1050 2176 1108 2214 ad
1135 2178 1346 2216 institutum
1374 2188 1544 2219 nostrum
1591 2195 1660 2220 ac-

229 2241 518 2281 commodatum
557 2242 664 2279 nacti
691 2242 778 2279 estis
793 2271 802 2288 ‚
841 2249 910 2279 aut
937 2242 1075 2280 mittite
1107 2242 1214 2281 illico
1227 2271 1237 2289 ‚
1270 2244 1308 2281 si
1350 2252 1432 2283 tam
1460 2260 1660 2301 propensa

229 2308 273 2346 in
300 2307 410 2346 vobis
447 2307 651 2358 efflorescit
678 2308 898 2345 humanitas
937 2321 984 2345 ac
1011 2307 1061 2346 de
1089 2307 1227 2346 litteris
1261 2308 1354 2348 bene
1387 2311 1564 2350 merendi
1591 2327 1664 2352 vo-

230 2372 358 2411 luntas
377 2402 388 2420 ‚
418 2381 487 2411 aut
510 2373 650 2411 saltem
677 2374 829 2427 scriptis
856 2373 899 2411 in
931 2373 1031 2411 hanc
1057 2373 1190 2412 urbem
1219 2375 1358 2414 litteris
1384 2376 1442 2415 ad
1465 2377 1663 2417 Sebastia-

232 2452 327 2477 num
345 2438 566 2489 Cramoisy,
596 2439 992 2493 architypographum
1011 2441 1158 2492 regium
1176 2449 1215 2479 et
1233 2444 1516 2497 typographiae
1533 2446 1664 2497 regiae

229 2511 446 2541 curatorem
461 2532 472 2553 ‚
501 2503 650 2542 aliosve
681 2504 791 2542 vobis
824 2511 933 2542 notos
973 2518 1020 2542 ac
1047 2505 1286 2556 familiares
1299 2536 1310 2554 ‚
1353 2509 1508 2546 consilii
1543 2512 1667 2549 vestri

228 2567 545 2623 liberalitatisque
566 2569 759 2607 rationem
787 2569 1015 2623 significate.
1073 2569 1166 2609 Hoc
1188 2572 1294 2612 enim
1321 2586 1525 2626 possumus
1538 2575 1665 2629 polli-

229 2633 332 2681 ceri,
359 2634 460 2672 tanti
480 2633 656 2689 beneficii
673 2634 933 2689 bene-factique
955 2637 1189 2674 memoriam
1204 2666 1215 2682 ‚
1246 2638 1364 2689 regiis
1381 2640 1483 2693 typis
1502 2654 1665 2694 expres-

229 2711 316 2736 sam
331 2727 342 2747 ‚
371 2706 448 2738 toto
500 2699 592 2738 orbe
630 2699 873 2752 vulgandam
892 2729 902 2748 ,
943 2709 982 2739 et
1015 2701 1127 2756 apud
1149 2710 1324 2756 posteros
1361 2717 1491 2743 omnes
1524 2707 1662 2762 quovis
