1924 3164
307 160 420 229 504
899 177 1160 219 Pnocom

301 280 440 335 λήνων
482 281 680 335 ἐνέπλησε
720 276 764 321 τὸ
795 280 934 332 γένος,
979 281 1054 320 καί
1090 280 1145 320 δι’
1174 275 1266 327 ἑνὸς
1292 278 1460 334 γνώμην
1497 275 1760 334 ἐδυστύχουν

301 345 347 389 αἱ
371 344 538 395 πόλεις.
1685 351 1689 355 “

327 465 330 468 ψ
412 408 478 465 ιγ’.
529 409 658 452 Ἀλλὰ
686 409 768 466 γάρ
807 412 851 453 ’ἐν
880 405 909 465 ἢ
938 410 1133 467 δεύτερον
1162 409 1303 464 εἰπών,
1328 407 1394 453 ἔτι
1420 412 1496 466 τῆς
1521 413 1658 467 κοινῆς
1682 410 1759 465 καὶ

300 477 406 519 κατά
440 474 605 518 πάντων
637 475 877 531 εὐεργεσίας
906 477 1110 531 ἐχόμενον
1120 510 1133 529 ,
1168 473 1281 518 οὕτω
1311 475 1384 518 καὶ
1410 474 1514 532 πρὸς
1539 474 1619 532 τὴν
1645 474 1754 519 κατὰ

298 545 424 598 μέρος
436 543 763 598 φιλανθρωπίαν
792 545 948 596 πέμψω
977 541 1049 585 τὸν
1086 540 1220 597 λόγον.
1246 540 1333 585 ἴστε
1361 541 1467 598 γὰρ,
1488 568 1541 576 --
1578 543 1657 584 καί
1677 544 1778 598 μοι5

297 610 447 663 μηδείς
469 609 745 662 ταραττέσθω
774 607 852 663 την
878 608 1068 664 γνώμην,
1096 635 1152 643 --
1176 605 1232 657 ὥς
1271 606 1404 665 φόρος
1441 623 1507 658 τις
1523 597 1757 663 Νδυσχερὴς

299 672 440 730 οἵσπερ
482 691 525 716 τι
561 675 644 717 τῶν
684 676 832 722 δεινῶν
870 675 915 716 ἐκ
951 673 1152 731 περιόδου
1191 679 1283 724 ταῖς
1312 671 1482 718 πόλεσιν
1509 676 1756 728 §nutv-sto,

297 738 468 782 καίδιιὶ
494 739 661 783 πάντων
689 742 863 796 ἐφοίτα,
891 739 1105 797 πρόφασιν
1138 741 1305 783 δικαίαν
1337 741 1412 782 οῦκ
1446 738 1584 794 ἔχων,
1622 733 1757 794 ὄνομα

298 808 505 860 δυστυχὲς
530 812 616 855 τοῖς
644 805 844 862 ὑπηκόοις
853 839 866 859 ,
901 805 1065 862 χρυσὸς
1087 807 1162 848 καί
1187 800 1370 862 ἄργυρος
1398 807 1457 855 εἷς
1476 807 1580 859 μίαν
1607 806 1757 847 ἐλθόν-

295 887 362 921 τες
389 873 684 927 προσηγορίαν.
725 869 819 914 ὅσοι
849 870 932 928 γὰρ
965 869 1204 927 ἀνθρώπων
1231 871 1475 928 αὖτουργῶν
1501 887 1545 914 τε
1575 872 1648 913 καί
1672 872 1809 922 ‘tuileto

296 940 395 979 καθ’
410 937 574 992 ἡμέραν
603 938 770 990 ἐνδεεῖς,
801 939 875 979 καί
902 943 997 987 ταῖς
1018 939 1152 994 χερσί
1174 939 1316 980 πᾶσαν
1349 938 1502 980 ἐλπίδα
1529 938 1756 992 πεποιημέη

296 1018 363 1046 νοι
389 1003 468 1045 τοῦ
484 1005 607 1056 βίου,
637 1000 778 1059 ὥσπερ
813 1002 1002 1060 ἱδρώτων
1024 1005 1099 1044 καί
1125 1004 1355 1057 δυστυχίας
1376 1000 1535 1057 μισθὸν
1555 1004 1726 1046 ἐτέλουν
1741 1017 1755 1031 ·

296 1069 372 1111 καί
390 1070 513 1110 τοῦτο
536 1067 643 1121 μετὰ
675 1070 749 1123 τῆς
776 1068 908 1124 τύχης
939 1071 1087 1118 αὐτοῖς
1124 1069 1355 1110 ἐπετίθετο.
1410 1066 1549 1110 ἔστενε
1573 1065 1757 1124 γεωργὸς

296 1132 471 1190 περὶτὰ
511 1133 690 1189 δένδρα·
718 1136 872 1189 διπλῆν
891 1133 973 1191 γὰρ
1006 1130 1095 1188 εἶχε
1123 1131 1200 1191 τὴν
1234 1132 1490 1191 συμφορὰν,
1527 1135 1602 1175 καί
1621 1135 1758 1175 πονῶν

295 1201 355 1257 τῷ
382 1196 546 1252 σώματι
556 1232 569 1251 ,
612 1201 684 1242 καί
704 1201 965 1255 μεμνημένος
992 1203 1075 1243 τῶν
1094 1202 1331 1255 λυπηρῶν·
1372 1197 1516 1248 ἁλιεύς
1539 1196 1655 1254 παρὰ
1682 1195 1809 1253 τὴνιό

294 1262 512 1307 θάλατταν
533 1266 654 1321 ἠφίει
677 1265 722 1308 τὸ
755 1267 952 1320 δίκτυον,
973 1268 1115 1322 θήραν
1147 1264 1373 1320 εὐχόμενος
1399 1267 1565 1319 λαβεῖν,
1595 1259 1647 1319 ἧς
1679 1279 1760 1321 με·->

294 1331 493 1382 θέξουσιν
517 1332 665 1386 ἕτεροι.
712 1329 894 1388 ἔμπορος
923 1334 971 1374 δέ
996 1347 1072 1384 τις,
1092 1330 1198 1385 μετὰ
1222 1333 1413 1385 χειμῶνα
1435 1331 1508 1373 καί
1535 1328 1756 1375 θάλατταν

294 1397 369 1438 καί
385 1395 520 1451 τύχην
545 1396 698 1453 α’γρίαν
724 1395 847 1450 μόλις
869 1400 943 1452 τῆς
969 1400 1042 1453 γῆς
1071 1397 1222 1451 ἐπιβὰς
1239 1430 1250 1448 ,
1276 1396 1350 1438 καί
1379 1393 1500 1439 πόλιν
1523 1393 1650 1448 ἰδών,
1681 1396 1758 1439 οὐκ

294 1456 482 1515 ἄμισθον
509 1458 598 1515 εἶχε
620 1461 775 1517 ταύτης
804 1461 880 1517 τὴν
916 1463 1037 1504 θέαν.
1092 1464 1167 1504 καί
1195 1463 1243 1504 τί
1271 1464 1341 1504 δεῖ
1373 1464 1507 1516 λέγειν
1536 1459 1639 1510 τούς
1679 1455 1757 1504 ἆλ-

294 1532 415 1579 λους,·
446 1527 491 1568 αἱ
516 1525 598 1582 γὰρ
633 1529 707 1570 ἐπὶ
725 1529 808 1570 τῶν
832 1527 1070 1583 οἰκημάτων
1098 1533 1317 1583 γυναῖκες,
1350 1522 1507 1578 ὄνειδος
1528 1527 1808 1581 ἀναγκαῖοναο

294 1594 503 1647 λαχοῦσαι
526 1592 595 1635 τὸν
622 1595 739 1647 βίον,
771 1589 872 1635 οὐδὲ
894 1592 940 1635 τὰ
980 1595 1209 1648 δυστυχεῖν
1235 1595 1296 1636 ἐπ’
1342 1589 1488 1643 ἀδείας
1515 1594 1751 1648 ἐκέκτηντο,

393 1704 449 1729 ιο.
499 1691 802 1740 αὕτουργοῦντες
825 1695 889 1727 καὶ
913 1694 957 1727 N.
1057 1706 1109 1741 ¹7·
1136 1692 1179 1728 δέ
1201 1705 1258 1731 τις
1281 1693 1441 1735 ἯΠοίε.,
1475 1690 1516 1727 δὲ
1545 1692 1611 1734 τῆς
1634 1691 1713 1726 eod.

297 1798 379 1820 cum
422 1786 520 1820 enim
556 1788 787 1833 magistratus
825 1799 900 1823 non
934 1792 976 1822 ut
1016 1799 1082 1834 par
1113 1794 1190 1822 erat
1237 1788 1440 1828 conferret,
1478 1788 1590 1824 caede
1613 1791 1650 1822 et
1673 1792 1754 1821 tur-

295 1835 354 1868 bis
394 1834 614 1867 Graecorum
651 1841 795 1880 gentem
830 1836 1015 1881 implevit,
1052 1841 1091 1869 et
1115 1836 1224 1869 unius
1255 1835 1408 1869 consilio
1436 1835 1598 1870 civitates
1623 1836 1754 1869 misere

273 1902 275 1905 -
294 1881 479 1917 vivebant.

394 1929 444 1962 13.
475 1927 548 1961 Sed
574 1939 687 1961 unum
711 1929 770 1962 vel
795 1929 974 1970 alterum,
1008 1940 1081 1974 quo
1117 1934 1231 1963 totam
1257 1927 1400 1962 adiuvit
1434 1939 1508 1962 rem
1543 1927 1755 1973 publicam,

294 1974 362 2008 ubi
387 1974 514 2007 dixero
533 2000 543 2015 ‚
563 1979 652 2007 tunc
676 1975 723 2008 ad
748 1987 789 2009 ea
815 1987 962 2021 quoque
988 1977 1191 2010 orationem
1221 1980 1449 2017 convertam,
1484 1986 1578 2021 quae
1609 1978 1649 2009 in
1676 1977 1753 2008 sin-

295 2021 399 2066 gulos
423 2021 594 2056 munifice
620 2021 718 2055 fecit.
767 2021 931 2068 Namque
957 2022 1056 2055 scitis
1089 2025 1173 2068 ipsi,
1207 2043 1237 2048 -
1269 2027 1378 2068 atque
1402 2027 1443 2055 ut
1471 2022 1668 2068 tranquilla
1690 2033 1747 2057 me

293 2067 453 2101 audiatis
478 2073 601 2101 mente
625 2079 687 2102 vos
718 2079 829 2114 rogo,
852 2087 893 2095 —
922 2068 1104 2103 tributum
1132 2068 1313 2115 quoddam
1340 2068 1507 2102 acerbum
1536 2068 1640 2114 quasi
1668 2080 1747 2102 ma·

293 2114 369 2147 lum
405 2114 629 2149 horrendum
665 2116 774 2149 certis
810 2115 1037 2159 temporibus
1072 2118 1247 2150 invasisse
1283 2116 1470 2155 civitates,
1510 2116 1747 2161 singulosque

293 2161 390 2195 cives
414 2161 633 2206 corripuisse
650 2187 660 2202 ,
685 2163 847 2195 alienum
865 2174 884 2194 a
905 2163 1069 2203 iustitia,
1096 2163 1294 2198 infaustum
1323 2161 1480 2195 subditis
1504 2172 1658 2202 nomen,
1681 2174 1748 2196 au-

292 2219 372 2241 rum
398 2214 435 2242 et
461 2214 649 2253 argentum
675 2221 748 2242 uno
781 2208 892 2242 verbo
919 2209 1190 2254 comprehensa.
1238 2208 1412 2244 Homines
1442 2208 1539 2243 enim
1564 2209 1746 2254 operarii,

292 2255 392 2288 victu
419 2255 636 2300 quotidiano
666 2261 836 2301 egentes,
870 2256 934 2301 qui
958 2267 1100 2290 omnem
1125 2257 1220 2291 vitae
1245 2267 1345 2300 spem
1371 2256 1410 2288 in
1436 2254 1602 2288 manibus
1633 2266 1744 2299 repo-

293 2302 399 2334 sitam
415 2300 616 2342 haberent,
641 2301 681 2335 hi
699 2304 805 2348 quasi
825 2302 966 2337 sudoris
991 2310 1028 2338 et
1052 2305 1279 2337 miseriarum
1306 2302 1506 2336 mercedem
1530 2300 1742 2335 solvebant:

293 2352 332 2380 et
352 2347 438 2380 -hoc
460 2354 605 2391 praeter
632 2349 813 2382 fortunam
850 2350 933 2382 illos
961 2350 1160 2395 premebat.
1210 2350 1375 2394 Agricola
1402 2348 1494 2382 circa
1520 2347 1664 2382 arhor-es
1687 2350 1746 2383 in-

292 2393 535 2439 gemiscebat.-
560 2395 698 2439 duplici
724 2397 821 2430 enim
848 2396 1051 2430 infortunio
1078 2397 1325 2439 afficiebatur,
1361 2401 1399 2430 et
1422 2395 1563 2428 labores
1593 2406 1746 2440 corpore

289 2441 535 2485 perferendo,
561 2447 598 2475 et
621 2453 810 2476 aerumnas
836 2453 958 2477 secum
986 2443 1312 2477 commemorando.
1351 2443 1509 2476 Piscator
1526 2442 1624 2486 apud
1646 2452 1744 2476 mare

292 2497 373 2522 cum
398 2492 474 2521 rete
499 2487 734 2530 demitteret,
763 2489 897 2523 iactum
926 2491 1098 2534 optabat,
1124 2492 1227 2523 cuius
1251 2500 1330 2534 pars
1349 2491 1388 2523 in
1411 2487 1565 2522 aliorum
1595 2488 1743 2522 cederet

290 2533 440 2567 lucrum.
497 2533 677 2569 Mercator
715 2541 836 2569 autem
873 2537 1065 2571 exantlatis
1102 2537 1329 2582 tempestatis
1364 2539 1401 2570 et
1433 2535 1539 2568 maris
1566 2535 1745 2580 periculis

291 2586 329 2614 et
351 2581 498 2615 fortuna
532 2591 661 2622 saeva,
697 2592 801 2627 aegre
829 2584 867 2616 in
896 2589 1030 2617 terram
1056 2594 1239 2629 egressus,
1275 2588 1312 2616 et
1335 2582 1462 2616 urbem
1487 2583 1743 2626 conspiciens,⁴

289 2638 337 2662 ne
378 2628 489 2661 huius
522 2628 671 2673 quidem
704 2636 852 2672 aspectu
886 2631 996 2675 gratis
1030 2629 1230 2664 fruebatur.
1280 2628 1380 2675 Quid
1405 2639 1494 2673 opus
1521 2633 1574 2661 est
1597 2633 1738 2664 ceteros

289 2674 594 2709 commemorare?
618 2685 698 2707 cum
724 2685 770 2708 ne
798 2676 899 2720 ipsae
925 2676 1072 2723 quidem
1096 2677 1302 2711 meretrices
1327 2676 1365 2708 in
1390 2673 1627 2720 lupanaribus
1651 2686 1738 2720 pro-

289 2725 437 2764 stantes,
463 2723 559 2757 vitae
587 2720 824 2768 opprobrium
849 2734 924 2758 non
940 2723 1150 2762 evitandum
1165 2723 1327 2765 sortitae,
1351 2722 1391 2758 in
1415 2722 1646 2769 turpitudine
1671 2720 1739 2762 des
