1924 3164
634 153 705 218 'Ex
750 174 1168 221 otmmnono.
1509 160 1638 233 453.

183 275 313 335 φησὶν
349 292 372 318 ο
422 275 634 332 ἱστορικὸς
680 279 912 337 Ἀλάριχον
946 277 1020 322 ἐπὶ
1044 280 1239 322 Σικελίαν
1264 277 1522 334 βουλόμενον
1546 296 1625 322 πε-

183 345 422 399 ραιωθῆναι
467 345 748 399 ἐπισχεθῆναι
762 373 777 387 .
845 340 1024 399 ἄγαλμα,
1052 342 1135 401 γάρ
1192 359 1297 402 φησι
1335 347 1626 399 τετελεσμένον

179 406 401 463 ἱστάμενον
426 408 609 452 ἐκώλυσε
635 408 713 465 τήν
736 408 982 467 περαίωσιν.
1011 411 1223 458 τετέλεστο
1251 412 1324 465 δὲ,
1352 410 1411 463 ὥς
1432 415 1625 466 μυθολο-
1647 450 1649 452 .

179 479 268 528 yet,
293 472 409 531 παρὰ
436 477 520 517 τῶν
546 475 767 530 α’ρχαίων,
804 472 1086 530 ἀποτρόπαιόν
1112 491 1160 518 τε
1195 476 1281 518 τοῦ
1298 475 1382 518 α’πὸ
1414 479 1491 533 τῆς
1530 475 1657 521 ,Αἵ-Ο

153 546 277 595 5τνης
301 538 436 595 πυρὸς
461 543 531 582 καὶ
557 539 665 597 πρὸς
692 537 874 583 κώλυσιν
901 539 1092 597 παρόδου
1120 539 1192 583 διὰ
1214 539 1434 599 θαλάσσης
1457 542 1624 599 βαρβά-

179 622 282 662 ρων.
337 607 383 647 ἐν
411 602 494 661 γάρ
533 607 593 663 τῷ
633 602 698 648 ἓνί
737 605 838 648 ποδὶ
861 607 948 662 πῦρ
978 602 1200 661 ἀκοίμητον
1227 604 1450 663 ἐτύγχανε,
1476 608 1551 651 καί
1574 611 1622 653 ἐν

177 672 236 728 τῷ
261 668 387 729 ἑτέρῳ
427 666 544 726 ὕδωρ
575 668 856 727 ἀδιάφθορον.
923 666 977 714 οὗ
1016 673 1324 722 καταλυθέντος
1362 670 1538 728 ’ὕστερον
1574 671 1622 716 ἔκ

176 751 226 778 τε
251 738 329 778 τοῦ
357 735 563 779 Αἰτναίου
592 734 727 793 πυρὸς
759 735 836 780 καὶ
858 737 906 780 ἐκ
933 738 1016 780 τῶν
1041 736 1272 793 βαρβάρων
1299 739 1462 793 βλάβας
1489 738 1516 794 ἧ
1546 741 1622 782 Σι-

175 800 293 843 κελία
319 802 499 853 ἐδέξατο.
553 803 807 857 κατέστρεψε
843 803 892 844 δὲ
932 801 978 845 τὸ
1010 797 1180 858 ἄγαλμα
1204 803 1452 860 Ἀσκλήπιος
1489 801 1511 846 ὅ
1539 807 1622 848 τῶν

127 867 223 917 ιοέν
250 867 418 927 Σικελία
444 868 665 926 κτημάτων
692 866 994 912 Κωνσταντίου
1033 867 1110 912 καί
1140 869 1384 920 Πλακιδίας
1411 868 1622 930 διοικητὴς

176 931 395 983 καταστάς.
624 975 629 979 .

275 995 369 1043 Ὅτι
410 1001 736 1044 Κωνσταντίνου
772 1002 851 1044 τοῦ
874 1001 1082 1056 τυράννου
1119 1003 1193 1044 καὶ
1219 1000 1500 1051 Κώνσταντος
1537 1003 1782 1054 τοῦΔ.ε.4ιι

164 1063 344 1119 παιδὸς,
373 1062 420 1116 ὃς
446 1063 645 1122 πρότερον
668 1068 748 1121 μὲν
774 1072 941 1123 καΐσαρ,
967 1065 1110 1109 ἔπειτα
1139 1069 1188 1110 δὲ
1215 1070 1289 1109 καί
1302 1066 1504 1122 βασιλεύς
1531 1054 1755 1137 ἒκεοῖἷὲξὲι
1771 1112 1783 1135 ¹

172 1128 466 1187 χειροτόνητο,
501 1128 658 1175 τούτων
691 1132 953 1188 ἡττηθέντων
982 1133 1056 1175 καί
1079 1133 1369 1190 πεφευγότων,
1397 1136 1438 1176 Γ
1435 1132 1616 1189 ερόντιος
1753 1125 1762 1134 ’
1791 1111 1812 1148 ⁷

125 1195 197 1248 155
240 1194 480 1252 στρατηγὸς,
516 1195 594 1253 τὴν
634 1195 740 1253 πρὸς
767 1196 863 1248 τοὺς
888 1196 1133 1254 βαρβάρους
1161 1193 1391 1252 ἇσμενίσας
1417 1197 1613 1254 εἰρήνην,

174 1259 377 1315 Μάξιμον
402 1260 475 1305 τόν
514 1260 670 1305 ἑαυτοῦ
702 1265 859 1316 παῖδα,
899 1264 960 1312 εἷς
985 1263 1062 1319 τὴν
1105 1265 1188 1306 τῶν
1217 1263 1468 1318 δομεστίκων
1491 1261 1656 1317 τάξινι)

172 1330 390 1381 τελοῦντα,
417 1328 597 1381 βασιλέα
625 1326 886 1385 ἀναγορεύει·
940 1326 1033 1372 εἶτα
1071 1326 1297 1381 ἐπιδιώξας
1323 1326 1615 1384 Κώνσταντα,

168 1391 455 1448 κατεπράξατο
496 1393 796 1450 ἀναιρεθῆναι,
833 1393 906 1436 καὶ
931 1393 1036 1436 κατὰ
1078 1392 1210 1444 πόδας
1246 1397 1384 1437 εἵπετο
1393 1428 1407 1450 ,
1451 1394 1615 1440 διώκων

170 1457 246 1501 καὶ
270 1457 344 1502 τὸν
372 1461 531 1515 πατέρα
549 1463 883 1503 Κωνσταντῖνον.
938 1461 984 1502 ἒν
1010 1455 1045 1518 ᾧ
1073 1462 1119 1503 δὲ
1142 1462 1276 1503 ταῦτα
1303 1463 1469 1516 ἐγινετο,
1488 1464 1615 1504 ,Κων-

117 1522 358 1577 ῃοστάντιος
398 1524 472 1567 καὶ
513 1521 730 1582 Οὗλφιλᾶς
780 1522 1102 1568 ἀποστέλλονται
1138 1525 1254 1582 παρὰ
1273 1526 1476 1583 Ὁνωρίου
1505 1523 1613 1571 κατά

171 1592 511 1634 Κωνσταντίνου.
565 1592 640 1633 καί
672 1591 978 1645 καταλαβόντες
1019 1593 1095 1647 τήν
1118 1589 1377 1647 Ἀρήλατον,
1404 1591 1508 1636 ἔνθα
1534 1592 1613 1644 τὰς

170 1654 391 1710 διατριβὰς
437 1657 618 1698 ἐποιεῖτο
661 1658 979 1707 Κωνσταντῖνος
1022 1656 1101 1700 σὺν
1133 1657 1345 1716 Ἰουλιανῷ
1370 1660 1427 1716 τῷ
1468 1660 1611 1713 παιδί,

168 1717 326 1777 ταύτην
351 1723 634 1778 πολιορκοῦσι.
697 1722 770 1766 καί
804 1725 1116 1773 Κωνσταντῖνος
1143 1722 1403 1780 καταφυγών
1443 1726 1504 1775 εἰς
1539 1726 1610 1768 εὕ-

165 1907 391 1952 Alarichum‚
419 1909 504 1944 dum
528 1910 567 1944 in
592 1910 754 1944 Siciliam
782 1911 950 1945 traiicere
980 1916 1105 1957 parat,
1138 1915 1319 1945 retentum
1353 1910 1474 1945 fuisse.
1523 1910 1606 1946 Sta-

164 1959 230 1989 tua
255 1956 351 1989 enim
365 1980 377 1997 ,
403 1957 545 2002 inquit,
570 1957 801 2003 inaugurata,
826 1958 881 1991 ibi
909 1962 1028 1998 stans,
1051 1957 1241 1991 traiectum
1264 1958 1423 1992 vetabat.
1470 1958 1607 1992 Fuerat

166 2013 252 2036 vero
287 2002 402 2042 haec,
432 2008 474 2036 ut
506 2003 714 2045 fabulatur,
751 2004 797 2037 ab
821 2004 982 2048 antiquis
1007 2004 1242 2049 inaugurata‚
1275 2014 1358 2037 cum
1392 2009 1434 2038 ut
1465 2005 1604 2039 Aetnae

166 2048 299 2082 montis
323 2050 424 2093 ignes
446 2055 648 2091 averteret,
673 2056 750 2084 tum
781 2055 824 2084 ut
853 2050 960 2084 maris
993 2051 1146 2084 transitu
1181 2049 1352 2083 barbaros
1377 2049 1602 2095 prohiberet.

99 2114 110 2129 n
164 2095 290 2128 Altero
319 2096 417 2129 enim
441 2095 536 2141 pede
566 2102 782 2141 perpetuum
820 2097 959 2142 ignem,
997 2097 1113 2130 altero
1137 2107 1221 2130 vero
1246 2107 1442 2142 perennem
1468 2108 1604 2142 aquam

166 2141 340 2185 gestabat.
390 2142 439 2175 Ea
475 2143 585 2187 igitur
619 2148 736 2177 statua
775 2144 979 2183 confracta,
1003 2142 1151 2176 tandem
1177 2154 1221 2176 ex
1249 2143 1410 2177 Aetnaeo
1435 2145 1519 2188 igne
1563 2149 1602 2178 et

164 2199 187 2221 a
219 2188 381 2222 barbaris
421 2188 675 2222 detrimentum
712 2189 874 2223 Siciliam
909 2189 1057 2233 cepisse.
1105 2190 1273 2223 Eversam
1309 2201 1394 2223 vero
1439 2195 1598 2223 statuam

163 2234 212 2267 ab
239 2234 476 2279 Aesculapio,
502 2236 568 2281 qui
591 2237 631 2270 in
659 2235 784 2270 Sicilia
806 2236 1076 2281 possessionum
1106 2236 1313 2269 Constantii
1347 2242 1385 2271 et
1416 2236 1596 2270 placidiae

165 2286 310 2315 curator
333 2286 420 2315 erat.

257 2326 496 2362 Constantino
530 2332 682 2371 tyranno
714 2331 753 2362 et
776 2327 972 2362 Constante
997 2327 1097 2369 filio,
1143 2329 1207 2374 qui
1250 2328 1405 2373 primum
1447 2327 1599 2373 quidem

164 2372 296 2407 Caesar
309 2399 320 2415 ,
343 2380 427 2419 post
449 2376 560 2408 etiam
577 2375 776 2419 Imperator
795 2379 937 2408 creatus
958 2374 1099 2415 fuerat,
1120 2375 1226 2409 victis
1252 2374 1410 2420 fugaque
1425 2374 1597 2419 dilapsis,

164 2419 382 2462 Gerontius,
406 2421 498 2455 belli
524 2421 617 2462 dux,
641 2432 722 2454 cum
746 2420 911 2454 barbaris
933 2431 1022 2464 pace
1046 2420 1165 2454 libens
1190 2421 1302 2462 inita,
1337 2421 1455 2455 filium
1490 2432 1597 2456 suum

162 2465 385 2507 Maximum,
411 2468 476 2515 qui
501 2468 598 2501 inter
622 2466 840 2501 domesticos
862 2465 1143 2508 numerabatur,
1176 2467 1364 2502 Caesarem
1397 2467 1594 2501 renuntiat.

161 2511 400 2547 Constantem
434 2514 567 2548 deinde
592 2514 797 2555 insecutus,
841 2523 861 2546 e
883 2513 1005 2547 medio
1030 2513 1201 2554 sustulit,
1234 2519 1273 2548 et
1292 2514 1440 2559 vestigia
1465 2524 1594 2547 conse-

164 2564 265 2591 ctans
281 2583 291 2599 ,
315 2559 592 2594 Constantinum
614 2571 761 2606 quoque
784 2565 924 2604 patrem
948 2559 1242 2605 persequebatur.
1288 2562 1383 2594 Dum
1422 2559 1510 2593 haec
1531 2571 1596 2604 ge-

163 2609 312 2645 runtur,
337 2605 569 2641 Constantius
595 2611 632 2640 et
656 2605 820 2652 ulphilas
857 2605 903 2640 ab
929 2605 1091 2640 Honorio
1115 2605 1283 2642 adversus
1315 2607 1595 2640 Constantinum

164 2650 285 2684 missi:
309 2661 462 2698 cumque
498 2653 677 2687 Arelatem
711 2653 985 2697 pervenissent,
1009 2652 1073 2686 ubi
1099 2652 1359 2689 Constantinus
1392 2664 1471 2686 cum
1502 2652 1594 2685 Iuli-

163 2708 235 2734 ano
263 2697 338 2730 filio
370 2698 518 2743 agebat,
550 2699 644 2732 hane
678 2699 858 2733 obsident.
907 2699 1165 2733 Constantinus
1196 2701 1243 2735 ad
1266 2699 1442 2744 templum
1467 2698 1594 2731 confu-

166 2743 287 2789 giens,
311 2745 474 2781 sacerdos
499 2745 707 2788 ordinatur,
731 2746 966 2783 iureiurando
985 2745 1029 2783 de
1049 2747 1237 2783 saluteiui
1262 2747 1358 2782 dato.
1408 2745 1467 2780 Sic
1491 2745 1593 2781 urbis
