1838 3210
391 470 772 519 ‘DEDICATIO
819 474 1146 517 ¹ED1TIONIS
1201 475 1491 516 VENETAE

601 589 844 615 TYPOGRAPm
871 588 1029 614 nomme
1058 588 1299 614 conscml‘TA

947 661 969 683 Α

509 724 806 761 ῙΑΟΟΒΟ
873 727 1401 759 FAccloLATo.

504 817 609 861 (Vid.
634 820 661 853 1.
689 819 849 853 Facciol.
874 825 966 852 orat.
990 817 1116 862 p.332.
1140 828 1192 863 sq.
1219 815 1273 852 ed.
1297 817 1414 863 Lips.)

434 1070 1463 1133 PHI‘LIPPO'V.

563 1183 1139 1240 HISPANIARUM‘
1179 1192 1370 1240 REGI

376 1272 747 1333 cnnomcn:
789 1296 1136 1331 RELlc-uoms
1181 1297 1523 1332 ADSERTORI.

240 1506 328 1594 Si
351 1554 457 1610 quod
468 1567 562 1608 opus
573 1554 808 1592 litterarium
819 1561 897 1600 est,
927 1559 1001 1594 PH
1006 1560 1028 1594 Ι
1031 1560 1092 1594 LI
1100 1561 1162 1595 PP
1175 1559 1208 1594 E
1241 1568 1317 1593 rex
1337 1555 1510 1593 maa-ime
1528 1585 1540 1603 ‚
1564 1556 1673 1610 quod

233 1623 348 1675 regiis
385 1621 566 1674 auspiciis
602 1618 767 1671 dignum
792 1618 998 1670 videatur,
1040 1634 1119 1658 una
1147 1628 1204 1658 est
1228 1620 1388 1659 historia
1415 1620 1666 1671 Byzantina,

232 1702 332 1742 quae
347 1684 613 1737 magnitudine
630 1684 743 1722 molis
759 1692 796 1722 et
814 1698 946 1722 rerum
967 1687 1209 1738 praestantia
1229 1700 1307 1724 non
1330 1685 1452 1733 liber,
1472 1686 1544 1725 sed
1554 1687 1669 1726 bibli-

225 1754 367 1799 otheca
386 1751 468 1789 dici
487 1758 622 1804 potest.
670 1749 812 1804 Itaque
826 1764 940 1788 nemo
967 1750 1188 1802 mirabitur,
1206 1766 1293 1806 me,
1320 1753 1389 1805 qui
1410 1765 1491 1789 rem
1517 1760 1669 1803 tantam

236 1816 470 1870 aggredior,
500 1823 690 1869 quantam
709 1829 757 1852 ne
775 1816 882 1868 ipsae
909 1816 1066 1868 quidem
1087 1817 1145 1854 ad
1162 1818 1261 1855 hunc
1274 1817 1378 1855 diem
1404 1819 1668 1872 typographo,-

232 1897 321 1922 rum
343 1882 538 1920 societates
557 1881 668 1931 longe
682 1880 898 1918 ditissimae
917 1895 1034 1918 ausae
1060 1875 1173 1929 sunt,
1203 1883 1360 1920 conatui
1377 1896 1522 1935 parem
1548 1897 1669 1937 quae-

231 1951 323 1987 sisse
342 1948 550 2000 auspicem.
590 1944 721 1982 Sentio
738 1945 934 1982 enimvero
962 1946 1106 1997 Regiae
1133 1946 1350 1984 Maiestatis
1376 1946 1667 1998 celsitudinem,-

231 2014 302 2053 sed
326 2027 403 2052 non
419 2021 503 2050 eam
528 2025 588 2048 me
615 2011 687 2048 illa
718 2009 904 2056 deterret,
945 2025 1065 2064 quam
1104 2011 1343 2063 indulgentia
1370 2013 1519 2061 allicit,
1564 2029 1665 2069 quae

233 2093 392 2132 magnos
411 2091 516 2130 reges
542 2090 693 2129 semper
718 2077 902 2113 comitata
928 2084 997 2113 est.
1047 2077 1281 2131 Quicumque
1307 2086 1437 2116 autem
1467 2092 1536 2131 ego
1563 2080 1636 2118 sim
1650 2110 1661 2128 ‚

232 2159 310 2184 non
338 2159 398 2183 me
426 2142 582 2198 quidem
596 2171 608 2191 ‚
635 2141 706 2179 scd
727 2155 915 2193 magnam
942 2141 1041 2179 hanc
1066 2140 1312 2195 Scriptorum
1340 2143 1663 2184 nobilissimorwn

232 2220 432 2250 catervam
443 2217 614 2263 spectare
623 2207 761 2254 debes;
779 2220 878 2260 quac
890 2207 1000 2253 olim,
1027 2209 1294 2261 cumprimum
1305 2208 1507 2262 prodiret,
1529 2210 1664 2250 Ludo-

233 2278 315 2315 vici
341 2275 486 2327 Magni
502 2304 512 2321 ‚
543 2274 615 2311 avi
640 2273 717 2318 tui,
743 2271 943 2325 praesidio
953 2273 1135 2323 feliciter
1159 2287 1228 2311 usa
1249 2303 1258 2321 ‚
1288 2288 1390 2312 nunc
1415 2288 1460 2312 eo
1487 2275 1635 2315 sublato
1650 2307 1660 2324 ‚

233 2344 303 2397 qui
328 2354 447 2396 supra
466 2339 741 2394 mortalitatem
755 2338 904 2391 positus
920 2337 1138 2386 videbatur,
1165 2339 1223 2377 ad
1241 2339 1443 2393 Nepotem,
1465 2349 1662 2380 tantarum

233 2409 419 2445 virtutum
436 2404 641 2443 haeredem
654 2433 664 2450 ‚
694 2416 764 2440 sua
788 2411 881 2440 ‘vota
911 2405 1114 2442 convertit.
1153 2404 1194 2442 A
1218 2405 1337 2443 Gallo
1350 2419 1474 2459 porro
1494 2406 1551 2444 ad
1578 2406 1663 2444 Hi·-

236 2485 400 2526 spanum
414 2470 555 2509 transit
554 2469 765 2520 fortunam
783 2467 1074 2522 amplificatum
1086 2498 1098 2517 ,
1128 2483 1205 2508 non
1228 2479 1435 2509 mutatura.
1473 2472 1533 2510 Tu
1558 2473 1662 2510 enim

234 2539 268 2575 is
285 2551 336 2585 es,
366 2537 436 2591 qui
452 2535 550 2573 duas
564 2535 634 2571 lzas
644 2532 948 2588 florentissimas
961 2535 1135 2572 nationes
1142 2536 1293 2587 gloriae
1306 2539 1541 2576 contentione
1559 2539 1660 2575 iam-

233 2603 304 2641 diu
341 2609 526 2639 certantes
541 2630 552 2649 ,
581 2608 636 2646 ct,
679 2598 785 2653 quod
810 2599 1051 2652 consequitur
1064 2630 1074 2646 ‚
1105 2601 1268 2652 ingeniis
1294 2602 1502 2656 studiisque
1525 2602 1661 2656 dispa-

234 2682 308 2714 res,
336 2666 560 2705 incredibili
582 2664 754 2718 quadam
774 2677 821 2701 ac
833 2677 960 2717 prope
976 2664 1118 2708 ,divina
1142 2667 1353 2719 prudentia
1364 2669 1579 2706 conciliasti
1589 2682 1605 2716 ‚·
1625 2677 1663 2705 et

233 2735 274 2771 in
302 2741 356 2772 tot
381 2733 567 2785 tantisque
585 2731 800 2783 longissimi
819 2743 866 2768 ac
879 2731 1197 2783 periculosissimi
1223 2732 1315 2771 belli
1336 2733 1660 2774 vicissitudinibus
