1924 3164
295 180 408 250 400
872 174 1161 242 EXCERPTA'*

115 306 362 352 Α;0.575τον
391 297 464 343 καί
490 299 606 356 αὐτῷ
634 298 861 354 ἐπιτήδειος
889 301 960 341 καί
997 293 1207 356 δυσμενής
1233 297 1408 355 ὁμοίως,
1436 301 1509 347 καὶ
1532 299 1655 354 ὅπως’
1681 303 1737 349 τὰ

93 354 432 436 Ιάδιιίἓξιιῗτοιάδε
463 361 630 421 ἄτρωτά
658 380 703 406 τε
737 363 811 406 καί
841 358 1131 420 ἆπερίσπαστα
1172 368 1305 420 μένοι.
1333 369 1390 425 τῷ
1419 384 1484 410 τοι
1514 364 1595 427 ἄρα
1625 372 1741 414 ἐπει-

291 430 343 488 δὴ
372 433 596 487 τηνικαῦτα
634 430 846 483 “Ρωμαῑόι
873 432 1050 487 Πέρσας
1090 433 1348 486 ἐπολέμουν,
1378 435 1449 476 ἐπὶ
1478 436 1531 492 τῇ
1555 438 1740 492 προσρή-

291 515 357 542 σει
386 495 467 554 ἔφη
501 492 807 550 Οὖαλεντῖνος,
848 497 942 539 δέον
970 492 1079 539 εἶναι
1107 498 1153 540 ἐν
1179 500 1313 557 καιρῷ
1340 500 1414 542 καί
1439 499 1567 543 αὐτὸν
1595 502 1740 545 ἐπιθέ-

291 567 397 608 σθαι
436 563 642 617 Πέρσαις.
713 565 853 604 ταῦτα
881 561 1181 618 πρεσβεύοντος
1207 565 1360 606 αὔτικα
1389 562 1411 606 ὅ
1452 564 1766 626 Τούρξανθος,5

291 625 410 685 „goa
439 622 514 671 οὖν
535 623 636 681 οὕχί
661 626 822 682 ὑμεῖς,”
841 627 937 685 ἔφη,
965 621 1111 681 ,,οὗτοι
1138 629 1296 672 ἐκεῖνοί
1316 631 1411 672 ἐστε
1424 628 1636 686 Ῥωμαῖοι,
1668 630 1741 675 δέ-

295 711 349 736 κα
378 694 456 747 μὲν
482 690 712 748 γλώσσαις,
742 695 823 750 μιᾷ
866 694 914 735 δὲ
944 692 1158 750 χρώμενοι
1187 693 1321 753 ἀπάτῃ
1334 698 1370 748 ,·”
1398 698 1474 739 καί
1499 693 1586 751 ἅμα
1613 700 1745 753 λέγων

257 761 471 814 Βὲπέβυσε
507 765 593 809 τοῖς
616 760 721 802 ’δέκα
750 757 970 810 δακτύλοις
997 757 1045 802 τὸ
1075 758 1213 814 στόμα
1239 758 1286 804 τὸ
1317 757 1485 806 ἑαυτοῦ.
1539 761 1628 807 εἶτα
1655 763 1745 807 ἔλε-

295 829 362 878 ξεν
391 821 531 875 αὖθις·
569 821 737 882 ,ὥσπερ
776 826 850 868 νῦν
894 827 968 868 ἐπὶ
1003 825 1061 882 τῷ
1095 829 1184 868 κατ’
1223 827 1300 880 ἐμὲ
1338 826 1511 882 στόματι
1547 831 1752 873 δάκτυλοί

296 892 379 934 εἰσι
408 893 523 944 δέκα,
555 888 758 940 αἷσαύτως
790 892 836 933 δὲ
862 893 937 933 καί
962 888 1086 944 ὑμεῖς
1117 891 1157 934 οἱ
1179 891 1387 947 Ῥωμαῖοι
1405 896 1563 938 πλείοσι
1590 898 1802 953 κέχρη-ισ

295 960 375 1000 aas
397 954 627 1011 γλώσσαις·
682 958 757 998 καί
782 945 916 1014 ταῦτῃ
945 958 1026 1010 μὲν
1054 955 1130 1011 ἐμὲ
1158 953 1369 1012 οἷπατᾶτε,
1406 962 1460 1017 τῇ
1489 961 1533 1002 δὲ
1560 955 1663 1020 ἄλλῃ
1690 961 1741 1004 τὰ

297 1024 385 1065 κατ’
417 1024 492 1076 ἐμὲ
513 1020 760 1079 ἀνδράποδα
782 1022 882 1072 τούς
904 1024 1221 1078 Ουάρχωνιῐτας.
1248 1023 1320 1066 καί
1341 1024 1482 1076 ἇπλιὸς
1503 1022 1662 1069 ἅπαντα
1689 1025 1744 1069 τοὶ

294 1087 428 1143 ἔθνη,
470 1087 670 1145 ῥημάτων
697 1104 743 1130 τε
770 1091 954 1147 ποικιλίᾳ
981 1091 1057 1131 καί
1081 1091 1140 1147 τῷ
1169 1091 1325 1149 δολερῷ
1350 1092 1426 1147 τῆς
1453 1092 1657 1146 διανοίας,
1686 1093 1748 1135 εἶ-

298 1152 586 1209 ρωνευόμενοί
606 1169 652 1196 τε
684 1153 759 1196 καί
792 1152 1140 1205 ὑποθωπεύοντες
1172 1153 1281 1197 αὐτὰ
1308 1157 1387 1210 μὲν
1413 1152 1552 1213 οἵσπερ
1579 1156 1650 1199 ἐπὶ
1677 1163 1748 1199 κε-

301 1217 443 1276 φαλήν
484 1218 678 1261 αῗσθέντα
715 1222 767 1277 τῇ
793 1219 930 1277 βλάβῃ
975 1227 1291 1277 περιφρονεῐτε,
1331 1221 1433 1275 ὖμῖν
1461 1224 1508 1264 δὲ
1535 1215 1674 1272 αὐτοῖς
1699 1219 1802 1275 ‘1315

296 1287 513 1334 λυσιτελὲς
547 1284 793 1341 ἔκπορίζετε.
849 1282 952 1327 ἀλλὰ
994 1284 1076 1341 γὰρ
1116 1285 1191 1328 καί
1216 1286 1340 1342 ὑμεῖς
1380 1285 1419 1329 οἱ
1446 1289 1639 1342 πρέσβεις
1665 1291 1750 1344 ἤμ-

304 1352 526 1406 φιεσμένοι
552 1348 597 1392 τὸ
628 1352 788 1404 ψεῦδος
811 1345 933 1405 ἥκετε
962 1351 1020 1402 ὥς
1047 1353 1145 1404 ἐμὲ,
1189 1352 1264 1394 καί
1289 1349 1311 1393 ὅ
1340 1355 1505 1402 στείλας
1530 1353 1640 1406 ὑμᾶς
1669 1356 1750 1409 οὔχ

304 1411 455 1470 ἥκιστα
484 1416 670 1472 πέφυκεν
699 1414 905 1458 οἷπατειόν.
961 1415 1036 1459 καί
1070 1417 1182 1470 ὑμᾶς
1220 1418 1300 1469 μὲν
1329 1420 1639 1475 διαχειρίσομαι
1667 1423 1751 1462 πα-

261 1482 503 1536 ρραχρῆμα
531 1479 605 1522 καί
632 1477 709 1522 οὕκ
739 1483 782 1530 ἐς
810 1481 1044 1537 ἀναβολήν·
1103 1483 1268 1524 ὀθνεῖον
1297 1481 1378 1539 γάρ
1405 1500 1448 1525 τι
1474 1484 1546 1526 καί
1570 1483 1751 1542 ἔκφυλον

301 1543 544 1600 ψεύδεσθαι
574 1543 911 1604 Τούρκῳόἲνδρί.
970 1546 993 1588 ὅ
1022 1547 1068 1588 δὲ
1104 1550 1204 1589 καθ’
1232 1545 1346 1600 ςῦμοῖς
1372 1548 1571 1603 βασιλεύς
1597 1550 1806 1602 §nubam

302 1626 379 1667 μοι
407 1612 526 1661 δίκας
553 1613 599 1654 ἐν
631 1613 789 1664 δέοντι,
819 1614 916 1666 ἐμοὶ
949 1613 1029 1666 μὲν
1057 1615 1204 1669 φιλίας
1234 1611 1413 1668 ἐχόμενα
1442 1613 1755 1671 διαλεγόμενος,-

303 1683 392 1726 τοῖς
420 1679 468 1720 δὲ
497 1675 547 1733 δὴ
574 1677 892 1733 Ουάρχωνίταις
918 1683 1005 1726 τοῖς
1032 1678 1247 1734 ἡμετέροις
1276 1680 1478 1733 δούλοις,”
1510 1680 1676 1737 (ἐδήλου
1706 1684 1776 1725 «55²

305 1738 404 1794 ’τούς
431 1739 679 1799 Ἀβάρους,)
709 1741 1013 1799 ,,οἷποδράσασι
1048 1741 1148 1793 τούς
1190 1741 1396 1794 δεσπότας
1437 1743 1652 1800 γενόμενος
1688 1745 1758 1790 ἕν-

405 1849 458 1873 10.
487 1838 674 1883 κέχρησθε
695 1837 754 1879 Η.,
778 1828 989 1884 κεχρῆσθαι
1002 1838 1098 1884 vulg.
1160 1838 1162 1840 ’
1199 1850 1249 1874 12.
1277 1838 1541 1888 Οὕαρχωνίτας
1563 1840 1620 1885 Η.,
1644 1839 1757 1881 ὄντας

399 1885 496 1931 vulg.
530 1885 581 1919 15.
611 1883 785 1920 ὥσθέντα
812 1886 857 1918 Η.
874 1910 886 1928 ,
912 1885 963 1923 ὥς
986 1886 1103 1921 θέντα
1127 1885 1220 1932 vulg.

311 1986 389 2012 esse
412 1976 724 2022 pronuntiaverat.
773 1975 895 2022 Quare
923 1987 1033 2023 quum
1059 1975 1212 2010 Romani
1237 1986 1279 2012 eo
1313 1977 1392 2023 ipso
1423 1982 1584 2025 tempore
1615 1979 1755 2016 bellum

312 2035 393 2057 cum
433 2024 546 2056 Persis
583 2026 769 2068 gererent,
810 2023 1028 2058 Valentinus
1061 2025 1226 2058 oratione
1266 2034 1330 2057 sua
1365 2026 1550 2067 ostendit,
1586 2033 1755 2072 oportere

311 2071 417 2104 illum
441 2080 600 2116 quoque,
626 2081 705 2103 cum
725 2075 868 2114 tempus
894 2074 1140 2116 opportunum
1153 2071 1307 2110 venerit,
1335 2072 1454 2106 Persas
1476 2071 1574 2106 bello
1598 2075 1757 2119 aggredi.

316 2117 417 2150 Haec
438 2117 558 2161 legato
583 2116 728 2150 dicente
743 2141 752 2157 ‚
780 2116 971 2150 confestim
997 2116 1242 2159 Turxanthus‚
1269 2116 1401 2160 „Num,
1425 2119 1556 2164 inquit,
1582 2131 1643 2154 vos
1670 2122 1757 2156 estis

317 2163 376 2196 illi
409 2163 586 2204 Romani,
622 2163 686 2209 qui
718 2162 840 2196 decem
867 2163 1015 2208 quidem
1052 2163 1214 2208 linguis,
1250 2163 1313 2198 sed
1349 2176 1421 2199 una
1452 2164 1579 2200 fraude
1626 2169 1762 2204 utimi-

317 2210 405 2243 ni?”
453 2210 551 2243 Haec
588 2209 696 2242 simul
728 2214 769 2243 ut
800 2209 914 2251 dixit,
942 2210 1066 2244 decem
1109 2210 1241 2254 digitos
1284 2212 1324 2244 in
1360 2222 1399 2245 os
1443 2222 1546 2245 suum
1581 2214 1759 2256 coniecit,

279 2292 283 2298 1
320 2255 454 2289 deinde
478 2267 599 2290 rursus
623 2256 675 2288 sic
699 2261 753 2289 est
777 2255 939 2291 locutus:
965 2257 1037 2297 „Ut
1060 2267 1142 2291 meo
1169 2257 1223 2289 ori
1248 2256 1372 2291 decem
1384 2268 1483 2291 meos
1507 2258 1634 2304 digitos
1659 2271 1758 2294 nunc

316 2302 489 2336 admoveo
504 2327 514 2343 ,
542 2303 593 2335 ita
618 2306 655 2336 et
676 2312 738 2335 vos
764 2303 915 2336 Romani
939 2302 1105 2347 pluribus
1133 2308 1171 2337 et
1197 2303 1307 2337 variis
1334 2304 1480 2338 utimini
1503 2305 1647 2349 linguis,
1670 2307 1758 2353 qui-

316 2348 386 2382 hus
414 2349 522 2382 modo
548 2359 625 2390 me,
662 2348 771 2382 modo
798 2360 877 2390 eos,
911 2350 974 2396 qui
998 2359 1078 2382 mea
1111 2350 1296 2395 mancipia
1327 2355 1412 2384 sunt
1424 2350 1451 2391 ‚*
1483 2350 1663 2397 decipitis,
1711 2355 1759 2391 Et

317 2405 406 2429 sane
429 2395 577 2436 omnino
610 2405 733 2428 omnes
764 2400 888 2440 gentes
920 2395 1112 2431 verborum
1144 2395 1328 2430 illecebris
1359 2401 1397 2430 et
1428 2397 1564 2441 ingenii
1600 2400 1759 2435 versutia

319 2440 535 2474 demulcetis
564 2446 601 2475 et
630 2441 805 2476 deluditis
820 2467 830 2483 ,
857 2441 990 2476 deinde
1017 2453 1101 2484 eas,
1127 2441 1191 2476 ubi
1214 2442 1354 2476 damnis
1378 2442 1506 2477 afflicti
1524 2450 1618 2487 sunt,
1636 2447 1759 2492 negli-

319 2487 404 2533 gitis
428 2512 438 2528 ‚
484 2493 521 2520 et
560 2488 632 2532 ipsi
678 2488 791 2533 partis
827 2500 952 2522 eorum
992 2489 1118 2523 labore
1154 2488 1350 2523 commodis
1399 2489 1585 2534 sruimini3
1625 2498 1663 2527 et
1693 2503 1757 2530 vos

321 2544 469 2579 quoque
492 2533 605 2578 legati
628 2533 793 2580 undique
817 2535 945 2569 fraude
971 2541 1008 2569 et
1031 2535 1115 2569 dolo
1154 2536 1326 2570 succincti
1360 2535 1407 2568 ad
1440 2547 1496 2570 me
1536 2539 1694 2580 venitiss
1720 2544 1760 2574 et

320 2579 440 2614 nihilo
466 2580 580 2613 secius
611 2579 661 2620 is,
691 2583 754 2626 qui
785 2593 847 2616 vos
874 2581 919 2615 ad
953 2592 1010 2615 me
1047 2582 1182 2622 mittit,
1218 2580 1468 2616 fraudulenter
1514 2589 1550 2617 et
1579 2585 1758 2621 insidiose

319 2637 460 2660 mecum
485 2627 568 2672 agit.
601 2626 675 2669 Ego
698 2637 781 2661 vero
807 2640 869 2662 vos
895 2630 1016 2662 statim
1041 2628 1266 2669 interficiam,
1288 2622 1407 2673 nstlue
1433 2630 1650 2666 cunctabor:
1675 2632 1760 2666 inu-

321 2675 471 2707 sitatum
495 2672 593 2706 enim
627 2677 664 2706 et
688 2683 708 2704 a
743 2680 849 2717 gente
873 2680 995 2708 nostra
1014 2675 1195 2715 alienum,
1218 2680 1258 2708 ut
1275 2674 1384 2708 homo
1407 2676 1542 2710 Tui-cus
1561 2679 1760 2712 mentiatur

322 2725 361 2752 et
373 2719 490 2754 fallat.
514 2719 589 2766 Qui
613 2723 732 2753 autem
758 2720 854 2764 apud
879 2731 941 2754 vos
967 2726 1104 2768 regnat,
1125 2719 1218 2754 mihi
1243 2720 1385 2754 debitas
1409 2723 1591 2766 persolvet
1611 2735 1760 2769 poenas.

321 2766 419 2804 Dum
444 2766 541 2802 enim
563 2774 704 2801 mecum
741 2767 856 2802 amica
887 2767 998 2803 verba
1022 2766 1222 2815 loquitur,
1253 2766 1402 2803 foedera
1437 2769 1525 2805 iniit
1556 2780 1637 2806 cum
1664 2770 1762 2807 Var-

1912 2727 1924 2780 ae-.·n
1912 2643 1923 2705 20-
