1838 3210
359 179 522 227 ‚xxxlv
867 176 937 215 DE
975 173 1281 224 PRJSCIANO,

362 279 572 333 Evangelii
598 279 697 319 adeo
724 279 875 317 sincere
902 275 1104 329 amplexus
1131 283 1215 324 est,
1246 282 1292 314 ut
1325 274 1376 313 ad
1396 264 1518 314 libros
1538 273 1694 313 Veteris
1707 273 1786 313 Te-

361 347 546 384 stamenti
576 344 879 384 commentarios
916 341 1181 380 conscriberet
1197 371 1208 391 ‚
1258 355 1282 379 a
1307 341 1443 393 peritis
1483 339 1677 378 iudicibus
1703 353 1785 385 non

359 411 612 449 mediocriter
631 409 827 448 laudatos.
863 407 1068 446 Summam
1086 408 1191 446 vitae
1210 407 1510 446 sanctimoniam
1528 435 1538 453 ,
1576 418 1785 457 moresque

362 478 609 524 mitissimos,
641 474 886 527 praedicavit
914 474 997 511 eius
1025 472 1240 525 discipulus
1270 472 1502 522 Choricius,
1538 473 1606 523 qui
1643 470 1785 509 defun-

364 549 473 580 ctum
525 541 736 589 laudavit3
795 538 911 591 longe
940 540 1024 591 ipse
1051 538 1212 577 inferior
1239 540 1456 590 magistro:
1501 550 1616 574 suum
1633 565 1644 582 ‚
1691 550 1783 574 cum

360 606 506 645 amoris
534 606 674 644 affectu
691 634 702 654 ‚
735 611 851 644 vocat
878 604 1031 643 Aeneas
1048 634 1059 654 ‚
1089 619 1112 642 a
1142 618 1221 657 quo
1261 603 1415 642 laudari
1442 600 1531 655 plus
1559 609 1658 640 erat.
1714 600 1782 639 Ad

357 672 540 710 ultimam
568 677 808 710 senectutem
837 671 977 709 vixisse
1003 671 1255 722 perspicuum
1283 676 1365 718 est,
1406 682 1556 720 quum,
1595 668 1664 720 qui
1697 667 1782 719 ipso

356 736 501 775 saeculi
520 738 595 776 VI.
623 737 736 775 initio
765 735 962 775 Anastasii
989 735 1125 774 laudes
1153 735 1303 773 dixerat
1320 764 1331 785 ‚
1368 734 1472 772 idem
1500 732 1782 771 monodiaae—

354 801 447 840 dem
481 802 523 840 S.
563 802 735 855 Sophiae
779 809 908 840 terrae
936 809 1049 840 motu
1086 799 1300 853 collapsam
1339 798 1540 838 defleverit
1553 799 1603 850 ⁵⁵)
1624 827 1636 848 ‚
1680 811 1783 850 quae

354 867 471 905 ruina
511 882 548 906 a.
580 866 673 921 557.
715 867 872 906 accidit.
926 866 1126 920 Epistolas
1163 867 1319 919 scripsit
1346 856 1560 917 plurimas,
1607 876 1780 916 quarum

353 933 511 972 nonnisi
538 947 630 986 pars
661 933 768 972 edita
796 940 868 972 est.
1364 946 1366 949 ’

461 1041 524 1081 De
551 1042 839 1082 PRISCIANO
856 1071 868 1093 ,
915 1042 1004 1082 viro
1058 1049 1170 1096 grata
1215 1039 1464 1080 saeculorum
1491 1039 1682 1078 memoria
1710 1051 1778 1076 co-

351 1106 496 1159 lendo,
535 1109 655 1146 cuius
695 1108 935 1161 panegyrico
971 1107 1104 1146 locum
1133 1110 1238 1146 inter
1264 1108 1435 1145 Graecos
1474 1106 1671 1157 assignare
1698 1117 1779 1144 non

353 1171 560 1222 dubitavi,
590 1173 752 1212 omnino
779 1173 894 1212 silere
922 1187 1042 1226 quam
1062 1173 1196 1226 paucis
1223 1186 1339 1224 agere
1365 1171 1528 1210 fortasse
1547 1164 1782 1222 praestaret}

352 1236 640 1276 Verumtamen
652 1270 664 1288 ,
693 1239 873 1291 praebita
889 1228 1090 1277 occasione
1110 1268 1121 1289 ‚
1152 1253 1175 1276 a
1195 1252 1259 1276 me
1278 1239 1490 1289 impetrare
1509 1248 1661 1288 nequeo
1681 1235 1778 1287 quin

350 1316 436 1340 rem
464 1310 503 1341 et
529 1317 675 1341 novam
694 1333 705 1354 ‚
734 1311 780 1342 ut
808 1305 977 1357 opinor,
1007 1312 1046 1343 et
1072 1318 1209 1343 veram
1237 1303 1430 1341 indicem:
1462 1299 1609 1340 scilicet
1628 1302 1778 1339 >Caesa-

351 1381 483 1415 ream‚
536 1368 643 1406 unde
685 1368 743 1407 illi
780 1383 827 1409 ex
863 1369 1015 1422 origine
1053 1382 1271 1422 cognomen
1299 1368 1479 1406 additum
1507 1374 1587 1416 est,
1618 1366 1777 1405 Africae

351 1432 543 1484 oppidum
572 1447 655 1471 esse
681 1433 837 1484 videri,
866 1448 890 1473 a
917 1449 998 1487 quo
1016 1434 1258 1474 Mauritania
1272 1433 1531 1472 Caesariensis
1559 1433 1665 1470 dicta
1688 1424 1774 1482 est3

349 1511 432 1535 non
470 1513 596 1536 unum
642 1513 687 1537 ex
737 1498 840 1547 illis,
881 1498 997 1538 claris
1047 1507 1153 1538 certe
1170 1529 1181 1550 ‚
1208 1513 1309 1552 quae
1350 1499 1390 1537 in
1433 1498 1528 1536 Asia
1553 1497 1772 1536 exstabant.

350 1562 451 1601 Novi
479 1564 662 1616 equidem
682 1565 881 1602 Ammiani
910 1572 949 1603 et
967 1565 1174 1603 Claudiani
1198 1564 1373 1617 exempla
1388 1592 1399 1613 ‚
1428 1563 1637 1602 hominum
1649 1565 1776 1602 Grae-

349 1642 486 1666 corum
510 1631 578 1681 qui
603 1629 752 1668 litteras
765 1631 926 1668 Latinas
946 1630 1151 1682 splendide
1181 1630 1455 1679 illustrarunt3
1485 1643 1614 1682 neque
1630 1643 1777 1683 negare

350 1695 563 1732 sustineam
601 1695 685 1733 fieri
723 1695 897 1747 potuisse
929 1703 974 1733 ut
1012 1700 1152 1735 tertius
1196 1695 1338 1748 aliquis
1375 1695 1550 1733 Graecus
1579 1709 1620 1734 se
1645 1702 1776 1735 totum

352 1758 402 1796 ad
431 1759 562 1797 Latini
592 1761 783 1799 sermonis
801 1768 922 1799 artem
944 1762 1164 1800 conferret:
1196 1768 1358 1814 apparet
1377 1768 1510 1799 tamen
1526 1759 1642 1814 longe
1658 1760 1778 1800 aliam

350 1823 471 1862 fuisse
509 1839 643 1864 rerum
686 1815 769 1864 viin
802 1825 876 1863 sub
916 1826 1141 1865 Theodosio
1179 1828 1238 1864 M.
1268 1827 1431 1879 eiusque
1459 1825 1549 1865 filiis
1569 1856 1581 1876 ,
1610 1825 1775 1867 florente

351 1888 480 1926 adhuc
507 1897 640 1927 vetere
668 1891 821 1940 Roma,
850 1897 968 1943 atque
994 1899 1154 1930 centum
1183 1893 1296 1930 annis
1321 1899 1435 1944 post,
1468 1892 1582 1931 Italia
1607 1892 1647 1930 in
1675 1892 1771 1936 bar«,

349 1952 539 1991 bal-orum
574 1955 805 2010 servitutem
845 1956 1004 1995 redacta
1021 1987 1031 2004 ‚
1063 1957 1254 2010 nulloque
1290 1957 1344 1996 ibi
1385 1956 1606 1996 litterarum
1633 1958 1774 1998 studiis

350 2021 552 2070 proposito
585 2020 782 2071 praemio,
814 2035 938 2073 quum
963 2023 1004 2059 in
1029 2023 1204 2060 Orientis
1225 2022 1450 2076 regionibus
1470 2023 1517 2061 iis
1533 2024 1602 2075 qui
1620 2024 1772 2064 Graeca

349 2083 486 2136 lingua
514 2085 660 2136 ingenii
692 2086 908 2138 specimina
939 2087 1165 2126 exhiberent
1185 2117 1194 2135 ‚
1224 2087 1348 2140 gloria
1382 2094 1421 2126 et
1458 2089 1666 2127 commoda
1703 2102 1770 2129 ce-

351 2149 503 2187 derent.
558 2150 808 2189 Priscianum
838 2152 878 2189 in
907 2153 1172 2191 Grammatico
1203 2166 1322 2205 opere
1351 2154 1662 2206 quotiescunque
1690 2155 1778 2200 La-ff.

349 2216 455 2252 tinos
504 2215 666 2253 Graecis
699 2218 888 2268 opponit,
925 2231 1072 2270 ponere
1116 2218 1180 2255 illi
1212 2219 1266 2256 sic
1301 2240 1353 2246 —-
1377 2232 1445 2256 nos
1481 2219 1659 2270 (Latini)
1688 2222 1767 2269 sic,
1815 2238 1817 2241 ¹

350 2278 498 2331 ubique
549 2280 754 2319 videmus:
801 2283 842 2320 in
882 2284 1116 2336 panegyrico
1159 2284 1387 2336 praecipuas
1433 2283 1642 2323 Anastasio
1679 2285 1768 2325 lau-

351 2343 420 2382 des
461 2344 551 2382 inde
589 2345 728 2383 tribuit
757 2347 863 2398 quod
890 2361 931 2386 se
959 2349 1145 2388 adversus
1187 2348 1438 2387 occidentalis
1477 2351 1637 2403 Imperii
1665 2353 1768 2391 cives

351 2422 372 2447 e
417 2409 544 2460 patria
593 2410 780 2463 profugos
823 2413 1056 2452 munificum
1093 2414 1307 2466 praebeat:
1346 2415 1388 2453 id
1425 2416 1532 2467 quod
1568 2416 1768 2469 sophistae

351 2474 503 2512 Graeco
535 2476 599 2512 vix
643 2474 874 2527 placuisset3
920 2479 999 2516 iam
1038 2492 1132 2518 vero
1171 2479 1302 2536 potius
1340 2479 1390 2518 de
1417 2495 1487 2519 sua
1514 2481 1632 2533 ipsius
1661 2489 1767 2522 sorte

351 2540 538 2592 cogitasse
568 2541 798 2592 scriptorem
812 2571 823 2591 ‚
852 2557 1006 2582 censeo.
1027 2566 1082 2574 —
1098 2545 1234 2594 Quum
1253 2544 1507 2584 Anastasium
1526 2545 1764 2599 laudaverit,

374 2637 432 2682 55)
455 2638 560 2677 Eam,
600 2638 644 2670 ab
678 2639 803 2672 Iriarte
837 2639 993 2682 editam,
1029 2647 1331 2688 memoratamque
1369 2642 1530 2677 Harlesio
1577 2643 1623 2676 ad
1659 2644 1763 2678 Fabr.

444 2683 485 2736 T:
511 2684 583 2715 VH.
610 2695 643 2728 p.
660 2685 758 2729 564,
795 2696 814 2716 a
839 2687 942 2719 nobis
969 2688 1164 2733 aliquando
1191 2701 1270 2722 cum
1295 2689 1454 2734 cephrnsi
1478 2687 1760 2724 Paulisilentia'-

442 2739 487 2762 ru
511 2731 814 2776 coniungendam,
840 2733 997 2766 nondum
1021 2733 1104 2767 vidi.
