1924 3164
502 175 571 215 Ex
609 171 829 215 EUNAPn
867 171 1142 215 msa-olm.
1469 149 1503 206 5
1515 169 1537 206 ι

105 274 445 322 ἄναπάλλεσθαι·
498 274 523 317 ὅ
535 276 599 317 ’δὲ
624 277 724 317 καθ’
761 274 874 329 ἡμᾶς
907 271 1059 331 χρόνος
1086 271 1161 316 καὶ
1182 271 1254 316 τὸν
1277 274 1419 326 μῦθον
1444 272 1728 327 τοῦ·Δ.(Σ.376

101 360 173 389 τον
199 344 260 393 εἷς
285 343 380 400 φώς
412 342 487 384 καὶ
522 339 642 395 ἔργον
668 339 877 395 συνήγαγε
903 339 977 382 καί
1010 339 1200 397 ὀφθῆναι
1224 337 1542 394 κατηνάγκασεν.
1554 327 1734 411 14¹5}ss

103 412 157 453 ου’
181 407 261 465 γὰρ
303 406 502 464 ἔφθασαν
541 407 618 448 τοῦ
643 407 858 446 Σκυθικοῦ
894 409 1040 461 γένους
1077 406 1138 454 εἷς
1172 402 1245 461 τὴν
1281 402 1547 460 ἐπικράτειαν
1629 401 1641 412 “

102 475 180 532 τὴν
210 471 451 528 Ῥωμαϊκὴν
479 471 519 514 οῖ
545 472 690 520 παῖδες
717 468 855 528 ὥσπερ
901 471 1067 521 ὀδόντες
1103 471 1430 527 διασπαρέντες,
1474 467 1550 510 καὶ

76 541 241 586 5πάντα
269 536 320 596 ἦν
359 536 494 593 μεστοὶ
521 538 669 590 θυμοῦ
694 536 768 579 καί
792 539 949 595 μανίας
975 539 1049 580 καί
1074 537 1243 594 φόνων,
1286 532 1548 578 ἀνελθόντων

106 603 244 648 αὐτῶν
267 608 328 655 εἰς
354 605 518 659 ἡλικίαν
544 599 732 656 μάχιμον
757 601 874 658 παρὰ
902 601 976 644 τὸν
1002 603 1180 659 χρόνον.
1206 600 1254 644 τό
1285 603 1333 644 δὲ
1359 600 1549 654 ἀκμάζον

104 674 180 727 τῆς
200 673 409 725 Σκυθικῆς
435 670 567 724 οἷλκῆς
588 670 661 710 καί
688 667 986 724 γενναιότητος,
1014 675 1101 717 τοῖς
1123 668 1447 720 ὑποδεξαμένοις
1476 663 1552 709 ἇν-

105 736 148 780 τὶ
172 738 257 778 τῶν
283 733 589 790 ἐκβεβληκότων
617 736 662 784 ἒς
687 733 972 776 ἐπανάστασιν
1009 730 1143 783 εὖθυς
1169 735 1340 790 ἐγερθὲν
1366 732 1440 775 καὶ
1463 750 1552 786 μα-

106 802 312 857 χόμενον,
354 798 459 842 πολύ
502 797 713 856 δεινότερα
739 799 814 842 καὶ
836 797 1122 856 τραγικώτερα
1157 799 1462 855 συνετόλμησεν
1489 793 1589 843 ὦνῙ)

53 866 274 913 ιοὲπαθεν.
329 867 356 921 ἦ
383 867 463 919 μὲν
489 865 571 922 γὰρ
607 864 754 923 Θρᾴκη
781 867 899 908 πᾶσα
926 865 1001 908 καὶ
1026 866 1054 922 ἧ
1084 865 1266 920 συνεχὴς
1292 866 1404 923 αὐτῇ
1429 865 1556 921 χώρα

102 934 355 976 Μακεδονία
385 932 459 973 καί
487 933 702 974 Θεσσαλία
729 929 899 988 τοιαύτη
942 933 1007 982 τίς
1034 934 1127 974 ἐστι
1157 931 1232 974 καὶ
1257 928 1369 973 οὕτω
1397 928 1556 973 πολυύ-

101 1014 275 1054 μνητος,
324 994 432 1040 ὥστε
470 997 570 1039 οὐδὲ
611 993 672 1047 εἷς
709 996 815 1040 κατὰ
841 999 980 1040 ταῦτα
1007 995 1266 1054 α’ναγράφειν
1293 995 1315 1040 ὃ
1341 997 1463 1051 λόγος
1489 993 1558 1052 ἦν.

105 1063 316 1120 τοσαύτην
346 1066 394 1106 δὲ
419 1059 553 1106 οὖσαν
581 1062 716 1119 αὐτὴν
740 1065 816 1106 καί
841 1060 949 1105 οὕτω
974 1062 1322 1120 πολυάνθρωπον,
1353 1060 1558 1117 εὐδαίμο-

106 1128 159 1172 νά
187 1146 233 1173 τε
261 1127 352 1183 ἅμα
381 1128 454 1172 καὶ
478 1125 708 1185 εὔανδρον,
748 1129 776 1184 ἧ
802 1131 884 1172 ταῖν
911 1131 1090 1171 Σκυθῶν
1118 1124 1291 1178 ἄπιστος
1317 1129 1392 1170 καί
1415 1127 1558 1185 παρά-

57 1199 226 1250 ιόλογος
254 1194 538 1245 ἐπανάστασις
565 1197 817 1246 ἐξαπιναίως
851 1194 925 1236 καί
958 1195 1224 1251 παραχρῆμα
1253 1197 1330 1250 τῆς
1357 1195 1556 1248 διαβάσε-

106 1278 164 1312 ως
200 1264 540 1316 συντολμηθεῖσα
580 1263 656 1302 καί
688 1259 950 1316 α’νοιδὴσασα
989 1257 1280 1316 κατεστόρεσεν
1315 1262 1360 1309 ἐς
1386 1256 1557 1302 τοσόνδε

104 1325 180 1369 καί
204 1326 497 1383 καθημάξευσε
523 1333 618 1375 ταῖς
644 1331 899 1382 συμφοραῖς,
926 1322 1035 1368 ὥστε
1058 1324 1221 1382 χρυσὸν
1246 1325 1557 1380 ἀποδειχθῆναι

104 1391 212 1448 πρὸς
237 1391 289 1435 τὰ
315 1393 486 1450 Θρᾴκια
516 1389 633 1447 πάθη
660 1391 738 1447 τήν
765 1394 937 1435 Μυσῶν
963 1390 1232 1449 παροιμιώδη
1259 1393 1391 1434 λείαν.
1432 1389 1559 1442 δόξαν

107 1459 255 1507 αὐτοῖς
282 1456 550 1511 στασιάζειν,
579 1456 814 1513 ἀξιομάχου
838 1457 900 1514 μῆ
929 1457 1147 1514 παρούσης
1173 1458 1391 1513 δυνάμεως
1417 1460 1478 1507 εἰς
1505 1452 1650 1513 ‹ii-223

54 1536 269 1578 αομυναν,
298 1526 358 1582 τῷ
384 1540 430 1567 τε
457 1522 610 1580 πλήθει
637 1522 744 1580 πρὸς
773 1520 1029 1581 ἀνθρώπους
1055 1521 1328 1581 ἀφυλάκτους
1354 1524 1429 1565 καί
1454 1521 1556 1566 α’νό-

107 1595 237 1640 πλους
265 1590 484 1647 ἐφάνησαν
513 1588 824 1646 φοβερώτατοι,
872 1590 947 1632 καὶ
980 1592 1037 1648 τῷ
1076 1588 1346 1648 φονικωτάτῳ
1375 1588 1482 1646 πρὸς
1507 1594 1554 1632 τὸ

104 1648 387 1712 κρατοῦμενον
423 1655 563 1698 πάντα
600 1656 768 1713 ἀνδρῶν
805 1654 1057 1713 ἐχήρωσαν.
1111 1657 1392 1712 περιειστήκει
1430 1658 1477 1699 δὲ
1514 1658 1560 1706 ἒς

201 1756 232 1790 5.
257 1747 377 1801 μεστά
405 1755 639 1790 casaubonus
659 1767 717 1801 ap.
740 1757 902 1792 Boisson.
927 1768 966 1802 p.
994 1759 1088 1803 273„
1112 1748 1208 1803 μετὰ
1235 1756 1330 1801 vulg.
1428 1765 1559 1802 φγεν-

200 1801 404 1836 ναιότατον
430 1804 474 1836 Η.
581 1804 614 1836 8.
640 1803 801 1848 ἐγερθὲν
824 1805 1002 1845 Boisson.,
1026 1804 1231 1850 ἐγερθῆναι
1252 1804 1348 1849 vulg.

108 1891 325 1938 prosiliisse.
375 1891 508 1926 Nostra
539 1897 662 1925 autem
689 1897 787 1924 aetas
822 1891 915 1925 hanc
945 1891 1107 1924 fabulam
1137 1902 1176 1924 re
1204 1896 1242 1925 et
1271 1897 1403 1926 eventu
1437 1902 1559 1926 veram

109 1949 190 1972 esse
224 1938 423 1972 declaravit
459 1943 498 1970 et
529 1939 643 1972 oculis
681 1937 850 1971 subiecit.
897 1937 1003 1970 Haud
1042 1948 1144 1971 secus
1188 1937 1287 1970 enim
1311 1938 1476 1984 contigit,
1518 1946 1560 1975 ut

110 1985 270 2029 Scythici
301 1986 443 2031 generis
474 1985 562 2026 filii,
584 1995 651 2029 per
674 1985 913 2017 Romanorum
940 1983 1091 2018 ditionis
1113 1988 1248 2023 terras,
1272 1989 1447 2031 tanquam
1470 1983 1562 2020 ‹len-

108 2038 188 2072 tes,
223 2030 378 2077 dispersi
404 2032 514 2064 simul
545 2036 656 2076 atque
688 2036 833 2075 praeter
859 2030 1007 2063 solitum
1029 2036 1171 2074 tempus
1200 2030 1248 2063 ad
1272 2036 1446 2072 aetatem,
1487 2045 1561 2078 qua

109 2089 208 2112 arma
235 2079 328 2112 ferre
347 2082 566 2124 potuerunt,
585 2077 784 2122 progressi,
812 2076 934 2111 omnia
957 2076 1144 2110 iracundia
1157 2102 1166 2116 ,
1191 2076 1314 2111 surore
1332 2084 1370 2111 et
1387 2079 1560 2114 caedibus

110 2126 316 2171 implerent.
363 2125 492 2171 Itaque
530 2124 595 2157 flos
637 2124 797 2168 Scythici
838 2123 978 2157 roboris
1023 2128 1061 2156 et
1093 2122 1300 2157 nobilitatis
1331 2136 1406 2158 non
1434 2133 1561 2160 contra

109 2171 343 2217 expulsores,
367 2170 432 2205 sed
459 2175 584 2204 contra
617 2181 704 2212 cos,
736 2171 801 2215 qui
824 2171 922 2214 ipsos
953 2174 1189 2213 exceperant,
1228 2181 1268 2202 se
1296 2173 1494 2213 convertit,
1524 2178 1562 2207 et

109 2219 218 2262 longe
244 2219 407 2264 graviora
437 2222 475 2251 et
500 2217 699 2258 atrociora,
732 2228 839 2262 quam
865 2215 961 2260 passi
987 2216 1151 2257 fuerant,
1182 2222 1267 2249 sunt
1297 2218 1385 2250 ausi.
1433 2218 1561 2254 Omnis

111 2265 208 2299 enim
237 2264 395 2298 Thracia
426 2269 464 2298 et
491 2264 681 2298 continens
716 2265 814 2307 regio
849 2262 1061 2296 Macedonia
1098 2268 1136 2296 et
1163 2262 1352 2297 Thessalia
1386 2266 1470 2299 talis
1506 2273 1562 2301 est

112 2317 150 2345 et
174 2316 249 2346 tam
283 2311 408 2344 multis
437 2311 658 2344 carminibus
687 2310 893 2350 celebrata,
924 2314 966 2342 ut
989 2308 1091 2341 nulla
1123 2310 1288 2343 oratione
1311 2321 1432 2344 earum
1455 2324 1562 2357 prae-

111 2359 245 2391 stantia
273 2357 426 2402 exprimi
463 2357 588 2402 possit.
638 2357 740 2390 Hanc
771 2358 879 2390 talem
916 2361 988 2388 tam
1021 2357 1248 2400 populosam,
1277 2356 1420 2391 beatam
1452 2359 1561 2393 simul

112 2410 150 2438 et
171 2415 191 2435 a
221 2409 295 2437 tam
320 2404 476 2438 strenuis
506 2409 544 2437 et
579 2403 735 2437 fortibus
765 2403 863 2447 viris*
888 2401 1088 2435 habitatam
1118 2409 1155 2436 et
1184 2404 1314 2436 cultam
1348 2405 1563 2448 Scytharum

113 2450 273 2484 infidelis
304 2456 342 2484 et
375 2452 504 2484 insana
535 2450 710 2491 rebellio,
747 2461 853 2496 quam
882 2449 1003 2482 subito
1034 2454 1073 2481 et
1107 2450 1230 2482 statim
1263 2456 1346 2493 post
1375 2452 1562 2486 traiectio-

112 2507 196 2530 nem
230 2502 465 2542 susceperunt
502 2502 539 2530 et
567 2498 606 2530 in
641 2498 756 2529 maius
790 2500 991 2535 auxerunt,
1030 2495 1068 2527 in
1100 2507 1182 2528 eum
1219 2502 1465 2542 contemptum
1495 2499 1560 2532 ad-

114 2542 245 2583 duxit,
269 2547 307 2576 et
337 2553 453 2589 nsque
490 2554 534 2577 eo
557 2543 750 2587 spoliavit,
775 2548 816 2576 ut
837 2551 924 2586 prae
950 2541 1024 2574 *hac
1054 2541 1231 2576 Thraciae
1266 2543 1473 2578 calamitate
1493 2558 1560 2578 au-

115 2601 194 2622 rum
224 2599 301 2622 esse
326 2589 512 2623 videretur
544 2589 680 2632 Mysica
713 2590 799 2629 illa,
835 2599 929 2635 quae
958 2589 1149 2632 proverbio
1188 2591 1323 2630 fertur,
1358 2591 1558 2635 praedatio.

114 2636 240 2670 visum
281 2640 402 2669 autem
434 2641 489 2669 est
518 2636 592 2669 illis
627 2636 844 2669 seditionem
872 2634 1047 2675 excitam,
1085 2647 1166 2668 cum
1187 2636 1311 2669 nullae
1341 2639 1467 2681 copiae
1494 2638 1560 2671 ad-

116 2688 248 2723 essent,
284 2693 378 2728 quae
408 2692 570 2726 pugnare
598 2687 636 2715 et
659 2683 733 2715 illis
759 2683 925 2715 resistere
947 2688 1104 2725 possent.
1153 2684 1199 2716 Et
1215 2684 1451 2717 multitudine
1475 2685 1560 2729 qui-

116 2728 200 2762 dem
225 2739 290 2762 sua
319 2727 531 2763 hominibus
555 2729 711 2764 incautis
735 2733 773 2763 et
798 2728 879 2762 sine
907 2728 1014 2761 armis
1045 2734 1148 2762 erant
1177 2731 1307 2763 terrori
1343 2735 1380 2763 et
1413 2731 1453 2763 in
1476 2740 1558 2764 cae-
