1924 3164
333 211 437 267 292
906 207 1182 250 EXCERPTA
1234 250 1237 254 ,

81 316 90 321 ”
146 320 175 354 A
199 319 393 368 Ο.566ρει
422 311 445 354 ὅ
475 308 687 366 Μεβιόδης
714 308 813 359 τούς
842 304 931 362 ἅμα
961 306 999 352 οἱ
1027 308 1295 366 Σαρακηνοῦς
1325 311 1368 358 ἒς
1397 309 1541 365 λόγους
1570 313 1675 355 ἰέναι
1703 313 1762 369 τῷ

140 366 313 447 Ιυέῗίῑὲίἓ
326 374 620 433 αὖτοκράτορι.’
669 374 826 416 εἵποντο
861 373 942 430 γάρ
998 377 1113 432 α’,ιιφί
1152 375 1253 431 τούς
1290 373 1592 430 τεσσαράκοντα
1630 378 1765 435 οἰκείῳ

327 441 411 486 τινί
435 440 666 497 πρεσβευτῇ
691 438 944 493 ταττόμενοι.
993 440 1015 482 ὅ
1042 439 1124 497 γὰρ
1153 441 1237 483 τῶν
1264 442 1516 496 Σαρακήνῶν
1545 440 1764 498 φύλαρχος

317 503 506 562 ’Ἀμβρος
541 505 758 557 ἐκπέμψας
800 504 967 561 ὖπῆρχε
1009 507 1082 547 καί
1119 502 1146 546 δ’
1171 521 1217 560 γε
1256 505 1332 556 ξύν
1359 507 1417 563 τῷ
1446 505 1634 563 Μεβοόδῃ
1662 521 1766 562 πρε-

327 573 472 625 σβείαν
501 571 904 624 διαλεχθησομένους
932 572 1031 626 περί
1069 565 1129 612 ὧν
1155 568 1380 626 χρημάτων
1419 568 1523 626 πρὸς
1558 568 1790 612 'lavatam-5

328 638 433 678 ανοῦ
461 633 722 687 ἐκομίζοντο.
788 635 1004 690 Μεβώδής
1036 632 1112 678 οὖν
1139 638 1216 678 τοῦ
1242 638 1404 678 σκοποῦ
1431 637 1509 678 τοῦ
1535 637 1634 691 περὶ
1659 638 1768 678 Σου-

734 696 749 711 e

327 699 448 749 ανιάς
473 697 687 755 ἁμαρτών,
716 715 771 748 ως
799 696 851 742 ἂν
877 698 935 755 μή
965 698 1096 758 πάντῃ
1125 696 1338 757 ἄπρακτος
1365 700 1645 756 οἷναχωρήσοι,
1676 698 1770 743 ἔπι-ο

325 762 558 819 μελέστατά
586 780 675 814 πως
704 761 909 819 ἢντιβόλει
936 767 1011 821 τῆς
1039 766 1096 815 ὥς
1113 765 1290 820 βασιλέα
1307 771 1453 821 τυχεῖν
1477 766 1643 808 εἰσόδου
1669 763 1769 814 τούς

327 829 607 886 Σαρακηνούς.
663 830 736 872 καί
773 829 910 888 τοίνυν
953 829 1178 885 ὑπολαβών
1215 829 1236 872 ὅ
1277 829 1560 887 αὐτοκράτωρ,
1590 829 1766 886 ,,τι’γὰρ

328 896 473 950 δῆτα,”
496 894 590 950 ἔφη,
617 894 865 948 ,βούλονται
886 895 925 937 οἱ
939 897 1035 937 καθ’
1063 894 1173 949 ὑμᾶς
1184 896 1469 953 Σαρακηνοι’,·”
1483 893 1552 945 ’ὥς
1568 898 1614 938 δὲ
1642 893 1825 949 gynet-10

329 977 454 1014 μενον
481 957 618 1016 ἑώρα,
648 962 868 1003 κατένευσε
894 959 1009 1019 μόνῳ
1039 963 1211 1004 εἰσιέναι
1248 963 1306 1019 τῷ
1334 964 1499 1004 ἐκείνων
1526 953 1773 1017 πρεσβευτῇ.

327 1021 524 1079 ἦπίστατο
556 1023 654 1080 γαρ,
683 1025 740 1074 ὥς
768 1022 1192 1080 οἷπαυθαδιαζόμενος
1218 1023 1292 1068 οὗκ
1321 1022 1372 1069 ἂν
1401 1028 1533 1069 ἕλοιτο
1563 1021 1663 1068 ἄνευ
1690 1027 1773 1068 ταῖν

204 1104 239 1140 Ρ,
255 1087 540 1143 ,ο5ἔπομένων
567 1090 624 1138 ὥς
650 1093 827 1143 βασιλέα
857 1093 1075 1147 φοιτῆσαι,
1099 1089 1190 1132 ἀλλ’
1215 1089 1353 1144 ὥσπερ
1379 1090 1503 1143 ἧνίκα
1526 1089 1642 1145 παρὰ
1665 1091 1774 1132 Ἰου-

327 1152 539 1197 στινιανὸν
569 1153 644 1204 ξύν
674 1152 807 1194 ἅπασι
831 1159 916 1202 τοῖς
944 1151 1034 1205 ἅμα
1055 1150 1198 1202 αὐτοῖς
1220 1156 1303 1195 τῶν
1316 1155 1572 1209 Σαρακηνῶν
1600 1154 1640 1196 οῖ
1671 1155 1773 1210 πρέ-

328 1223 442 1273 σβεις
470 1220 675 1272 ἐγίνοντο,
716 1217 790 1260 καί
804 1233 806 1235 ·
825 1219 894 1260 τὸν
932 1215 1043 1260 οὕτω
1072 1219 1303 1269 βούλεσθαι
1330 1217 1376 1260 τὸ
1407 1217 1585 1274 σύνηθες
1614 1216 1824 1262 §cased-15

330 1286 450 1332 ζοντα
477 1285 673 1338 ποιήσειν.
730 1285 926 1325 ἐντεῦθέν
952 1299 996 1325 τε
1026 1283 1299 1340 εὐπρόσωπον
1330 1281 1430 1341 ᾤετο
1459 1287 1566 1335 ἕξειν
1593 1285 1733 1326 αι’τιάν
1757 1315 1771 1337 ‚

330 1346 387 1397 ὥς
416 1347 546 1398 αὐτὸς
584 1351 661 1402 μὲν
689 1347 741 1389 τὰ
770 1347 956 1403 ἁρμόδια
983 1352 1156 1402 βασιλεῖ’
1179 1348 1452 1405 διεπράξατο,
1498 1349 1523 1390 ὅ
1557 1351 1603 1391 δὲ
1631 1352 1774 1405 Σαρα-

327 1412 449 1469 κηνός
487 1410 633 1468 ἥκιστα
669 1412 777 1466 ε”γνω
806 1412 855 1455 τά
890 1415 1059 1455 δέοντα·
1101 1410 1189 1456 εἶτα
1227 1412 1333 1455 κατα
1367 1414 1417 1468 δὴ
1448 1416 1524 1456 τοῦ
1549 1413 1772 1470 βαρβάρου

325 1476 707 1533 οἷντιστραφήσεται
735 1477 782 1519 τὸ
801 1477 1026 1533 ἐπίκλημα.
1080 1479 1154 1519 καί
1183 1479 1257 1519 οὔκ
1287 1473 1375 1528 [ἂν]
1404 1475 1540 1529 ἄλλως
1569 1479 1718 1534 οἷπέβη,
1746 1472 1775 1535 ἧ
1856 1464 1863 1483 l

325 1541 523 1598 βασιλεὺς
565 1542 833 1595 ἐστοχάσατο.
889 1543 910 1585 ὃ
950 1541 1029 1598 γὰρ
1073 1541 1124 1597 δή
1169 1541 1413 1599 Σαρακηνὸς
1451 1543 1635 1598 ἀπρεπὲς
1661 1540 1824 1585 chamo

326 1607 372 1650 τὸ
403 1608 605 1662 παρεῖναί
627 1606 665 1649 οἱ
691 1605 805 1665 μόνῳ
838 1607 895 1657 ὦς
921 1608 1098 1661 βασιλέα
1126 1607 1415 1663 ὑποτοπήσας,
1443 1609 1517 1648 καί
1541 1605 1589 1649 τὸ
1618 1608 1772 1663 κρατῆ-

328 1688 409 1715 σαν
444 1674 574 1728 δῆθεν
601 1672 824 1715 καταλύειν
853 1669 902 1713 οὖ
905 1690 935 1727 χ
978 1673 1166 1727 αἱρετέον
1201 1670 1331 1730 αὐτῷ,
1362 1670 1598 1727 ἀπηνήνατο
1628 1671 1704 1727 τὴν
1729 1673 1774 1721 ἐς

422 1763 475 1789 10.
501 1750 598 1804 ἡμᾶς
621 1751 714 1795 vulg.
768 1752 819 1785 15.
844 1752 908 1785 καὶ
929 1750 1038 1787 τόνδε
1062 1751 1107 1785 H.
1171 1762 1221 1796 ¹9·
1248 1748 1270 1793 ἢ
1291 1751 1334 1786 Ν.
1349 1776 1359 1793 ,
1383 1762 1420 1785 τι
1442 1752 1557 1797 vulg„
1581 1748 1604 1794 ἦ
1631 1748 1704 1792 ὅ,τι
1723 1750 1770 1785 Ἠ.

419 1809 474 1831 21.
500 1808 540 1830 το
569 1798 635 1839 H.,
659 1798 710 1846 τῷ
735 1798 829 1843 vulg.

329 1881 535 1921 Saracenis,
568 1883 631 1926 qui
671 1893 750 1916 cum
783 1893 826 1917 eo
858 1888 975 1924 erant,
1014 1885 1272 1927 Imperatorem
1297 1882 1456 1917 adeundi
1481 1887 1640 1928 potestas
1666 1887 1769 1916 esset.

326 1930 440 1963 Erant
477 1929 573 1961 enim
613 1928 651 1961 in
686 1930 763 1961 eius
801 1931 973 1962 comitatu
1006 1930 1149 1962 circiter
1185 1929 1422 1976 quadraginta
1463 1930 1610 1974 proprio
1650 1929 1768 1973 legato

326 1979 506 2020 parentes.
563 1973 712 2007 Miserat
744 1980 863 2007 autem
899 1985 979 2007 curn
1014 1976 1172 2009 Mebode
1197 1976 1363 2017 Ambrus,
1394 1976 1651 2009 Saracenorum
1676 1974 1770 2018 phy-

326 2020 482 2061 larchus,
508 2026 541 2054 et
568 2021 644 2065 ipse
670 2021 824 2064 legatos,
850 2021 913 2067 qui
938 2021 983 2054 de
1007 2023 1184 2065 pecunii8‚
1213 2034 1300 2068 quas
1326 2034 1346 2055 a
1368 2022 1569 2056 Iustiniano
1595 2021 1771 2065 impetra-

327 2073 473 2107 verant,
499 2072 655 2110 agerent.
703 2067 831 2111 Itaque
854 2078 932 2099 cum
951 2066 1140 2108 Δλ’ἕοὶωιῑεε,
1166 2073 1336 2112 quantum
1362 2068 1407 2101 ad
1436 2069 1605 2101 Suaniam
1634 2067 1770 2100 attine-

329 2114 416 2153 bat,
441 2124 503 2157 spe
529 2124 591 2145 sua
618 2112 830 2153 excidisset,
864 2114 1045 2147 nosnulla
1069 2125 1107 2146 re
1136 2114 1287 2147 obtenta
1313 2114 1536 2154 discederet,
1561 2124 1644 2146 cura
1670 2114 1771 2146 omni

332 2159 542 2196 contendit,
575 2163 616 2191 ut
649 2159 903 2193 Saracenorum
937 2159 1045 2204 legati
1079 2159 1217 2193 aditum
1245 2160 1290 2193 ad
1313 2161 1564 2205 Imperatorem
1589 2160 1775 2192 nancisce-

332 2211 467 2238 rentur.
526 2207 578 2237 De
620 2215 662 2237 ea
693 2216 731 2238 re
761 2216 840 2238 cum
872 2206 1038 2239 Mehodis
1073 2207 1273 2239 orationem
1309 2208 1505 2251 Imperator
1547 2207 1770 2250 excepisset,

333 2252 460 2296 „Quid
487 2251 592 2284 nobis
617 2252 756 2292 volunt,
779 2253 920 2297 inquit,
947 2252 1170 2285 Saraceni?”
1209 2258 1249 2285 ut
1271 2253 1465 2285 instantem
1490 2252 1596 2292 vidit,
1623 2262 1774 2285 conces-

334 2298 382 2329 sit
409 2309 528 2330 eorum
564 2299 705 2342 legato,
740 2303 780 2331 ut
804 2298 900 2331 solus
926 2297 971 2330 ad
1005 2310 1043 2332 se
1070 2298 1265 2331 accederet.
1313 2298 1439 2343 Neque
1469 2299 1565 2331 enim
1590 2297 1772 2342 legatum,

335 2344 400 2388 qui
433 2344 622 2387 superbior
655 2349 753 2383 erat,
794 2344 1031 2377 toleraturum
1065 2344 1316 2383 existimabat,
1341 2350 1382 2377 ut
1406 2345 1552 2377 remotis
1578 2343 1774 2378 comitibus

335 2390 375 2422 in
398 2390 628 2433 Imperatoris
653 2396 880 2434 conspectum
894 2391 1050 2424 veniret:
1078 2391 1141 2424 sed
1168 2389 1469 2436 quemadmodum
1495 2390 1677 2435 quondam
1702 2386 1776 2424 Im-

335 2441 538 2480 peratorem
575 2436 812 2469 lastinianum
847 2447 970 2470 eorum
1005 2437 1113 2481 legati
1156 2448 1235 2470 cum
1267 2436 1432 2470 omnibus
1471 2436 1664 2470 comitibus
1699 2437 1773 2471 suis

336 2481 534 2520 adiissent,
571 2481 667 2513 hunc
691 2493 837 2527 quoque
871 2484 1090 2527 pertinacius
1114 2483 1153 2516 in
1187 2493 1229 2516 eo
1253 2482 1487 2528 perstiturum
1513 2494 1603 2523 esse,
1632 2487 1673 2516 ut
1694 2494 1773 2516 mos

337 2527 465 2561 solitus
491 2527 748 2560 observaretur.
799 2528 880 2573 Qua
918 2529 955 2561 in
979 2540 1024 2562 rev
1049 2530 1246 2573 Imperator
1283 2540 1320 2561 se
1345 2530 1472 2573 optimi
1500 2530 1588 2562 iuris
1615 2529 1773 2574 speeiem

334 2584 421 2618 prae
447 2584 484 2605 se
511 2573 666 2604 laturum
693 2585 768 2606 esse
782 2575 948 2618 speravit,
971 2575 1070 2619 quod
1093 2575 1170 2619 ipse
1194 2585 1286 2619 quae
1307 2575 1563 2619 Imperatorem
1590 2574 1772 2615 decerent,

335 2620 500 2658 fecisset,
526 2619 720 2652 saracenus
744 2626 862 2653 autem
887 2622 1058 2660 minime,
1084 2631 1176 2665 quae
1203 2621 1279 2654 fieri
1305 2622 1543 2665 oportuisset,
1569 2620 1775 2654 intellexis-

337 2670 407 2698 set:
435 2676 473 2699 se
496 2666 606 2709 igitur
630 2675 770 2698 omnem
797 2667 935 2710 culpam
965 2669 1002 2699 in
1027 2666 1220 2700 barbarum
1246 2667 1502 2701 coniecturum.
1551 2667 1676 2713 Neque
1701 2667 1772 2698 ali-

337 2717 393 2744 ter
426 2723 482 2744 res
519 2710 671 2750 cecidit,
709 2722 813 2755 quam
839 2713 1036 2755 suspicatus
1066 2713 1182 2746 fuerat
1204 2713 1410 2755 Imperator,
1458 2714 1599 2747 Etenim
1625 2713 1772 2745 Sarace-

337 2769 404 2791 nus
429 2757 526 2791 haud
551 2756 716 2792 decorum
742 2757 813 2790 sibi
839 2769 914 2791 esse
937 2759 1156 2800 existimans,
1180 2759 1294 2792 solum
1319 2760 1396 2793 sine
1425 2760 1500 2793 ullo
1527 2759 1698 2794 comitatu
1714 2757 1770 2801 ‚ad
