1924 3164
545 166 581 207 E
617 161 904 206 MENANmu
944 139 1220 204 ms'romA.
1483 136 1596 217 41¹1

150 263 360 326 ἄρχοντας
390 268 629 321 πολιτείας,
666 264 720 309 τά
748 266 822 321 τῆς
851 262 1019 319 εἰρήνης
1037 294 1051 317 ,
1092 261 1154 312 ὥς
1188 255 1243 304 ἄν
1270 258 1493 316 δύναιντο,
1532 264 1801 313 με-Α.0.579

148 333 251 387 ταξύ
298 336 384 378 τῶν
432 330 624 389 ἀλλήλων
668 331 1018 388 διαθησομένους.
1065 326 1137 386 ἐφ’
1176 321 1209 387 ᾧ
1247 327 1296 371 δὲ
1339 323 1392 369 τὰ
1434 314 1758 398 rocaffralgssffl

149 405 405 458 προελθεῖν,
435 397 661 454 οἷνακωχὴν
686 400 886 454 γενέσθαι
934 393 1072 449 ‘cimil’
1113 388 1196 437 ὧδε
1230 394 1310 447 μὲν
1353 387 1431 436 οὖν
1473 389 1549 434 καί
1583 388 1611 448 ἧ
1702 372 1787 399 ευ

150 467 354 523 Χοσρόου
391 465 544 522 ἐδήλου
573 462 782 519 ἐπιστολή·
808 460 1011 505 πλείστων
1039 462 1087 503 δὲ
1106 458 1277 517 ἡμερῶν
1303 456 1413 502 κατὰ
1438 455 1514 515 τήν
1533 459 1616 513 53oe-

125 533 297 577 5σιλίδα
309 533 431 582 πόλιν
449 532 757 587 διαγενομένων
776 531 821 572 ἐν
835 534 929 578 ταῖς
949 529 995 570 ἐν
1013 529 1130 585 μέσῳ
1151 527 1396 576 συνουσίαις
1413 525 1615 581 Τιβερίου
1672 554 1675 557 -

148 601 227 643 τοῦ
251 598 459 653 βασιλέως
475 599 551 640 καί
578 596 857 652 Φερογδάθου
885 594 963 636 τοῦ
990 595 1176 649 Περσῶν
1202 592 1480 648 πρεσβευτοῦ,
1509 588 1617 647 γρά-

151 681 282 723 φεται
307 666 387 718 μὲν
416 665 616 706 α’πιοῧσιν
643 664 714 705 ἐπὶ
740 659 819 716 τῆν
847 663 1076 715 πρεσβείαν
1105 658 1306 718 Ζαχαρία
1333 673 1378 701 τε
1405 658 1481 699 καὶ
1508 657 1617 699 Θεο-

151 729 277 790 δώρῳ
304 736 392 781 τοῖς
426 731 652 787 πρέσβεσιν
678 729 952 783 ἐνδιατρίψαι
987 723 1092 768 κατὰ
1134 724 1210 782 τὴν
1237 724 1294 767 ἕω
1313 756 1326 780 ,
1374 721 1449 766 καὶ
1484 716 1536 765 ου’
1570 737 1616 764 τι
1667 747 1672 754 ·

149 794 268 852 μάλα
297 797 343 840 ἐν
374 797 539 854 σπουδῇ
566 797 727 838 θέσθαι
763 795 954 850 δηλῶσαι
984 793 1126 850 σφῶν·
1144 788 1290 834 αὖταῖν
1331 789 1411 846 τήν
1449 803 1618 845 παρου-

100 865 254 909 ιοσίαν
280 866 459 918 βασιλεῖ
479 864 562 905 τῶν
589 862 799 918 Περσῶν,
827 861 928 916 πρίν
957 853 985 915 ἢ
1013 860 1060 902 ἐκ
1080 860 1157 914 τῆς
1182 858 1404 912 βασιλίδος
1431 856 1617 913 ἀφεθείη

149 928 426 986 Φερογδάθης
456 925 478 970 ὅ
507 930 694 985 Περσῶν
721 923 998 983 πρεσβευτής.
1045 925 1345 981 προελθόντων
1375 924 1422 966 δὲ
1446 921 1523 964 καὶ
1547 936 1618 963 κε-

146 999 377 1052 κινημένων
403 992 517 1038 ε’σότι
560 995 769 1036 πλείστων
802 990 962 1047 λόγων,
1003 993 1206 1045 ἐκπέμπει
1229 988 1304 1033 τὸν
1337 987 1618 1046 Φερογδάθην

145 1060 170 1104 ὅ
201 1061 403 1117 βασιλεύς
431 1059 504 1104 ἐπὶ
529 1057 722 1114 τούτοις,
753 1054 817 1108 οἷς
849 1057 902 1114 δὴ
943 1057 1017 1101 καί
1043 1056 1125 1115 πρὸ
1169 1059 1247 1099 τοῦ
1274 1053 1500 1112 ἐγεγράφει
1538 1050 1743 1098 διὰΡ.168’

146 1131 231 1173 τῶν
251 1127 472 1183 Ῥωμαίων
499 1130 732 1186 πρέσβεων.
767 1126 1004 1182 ἐκεχειρίαν
1032 1126 1081 1168 δὲ
1110 1119 1162 1166 ου’
1187 1139 1229 1166 τι
1268 1118 1372 1182 ᾤετο
1411 1124 1500 1164 δεῖν
1540 1122 1616 1165 ἐπὶ

100 1194 354 1252 ῐόμήκιστον
378 1192 527 1252 χρόνον
560 1192 775 1237 ἐνδιδόναι
803 1194 1012 1249 Πέρσαις·
1041 1187 1233 1247 ἀποχρῆν
1259 1188 1342 1246 γάρ
1372 1187 1533 1246 ἔφασκε
1553 1188 1618 1246 τῷ

148 1263 390 1320 βουλομένῳ
418 1259 494 1317 τήν
522 1256 694 1316 εἰρήνην
722 1258 795 1301 καί
818 1255 878 1313 μὴ
909 1255 981 1300 διὰ
1008 1259 1086 1313 τῆς
1129 1258 1205 1298 τοῦ
1229 1255 1388 1313 χρόνου
1425 1255 1623 1304 πλείονος

149 1325 315 1383 α’πάτης
339 1327 702 1384 προμηθευομένῳ
729 1326 1003 1382 παρασκευῆς
1041 1320 1269 1379 α’φορμὴν,
1314 1322 1390 1363 καί
1428 1317 1506 1363 δύο
1532 1336 1618 1376 μη·-

148 1397 235 1438 νῶν
263 1391 292 1450 ἢ
318 1394 447 1450 τριῶν
482 1389 779 1451 παραδρομῆν.
818 1393 893 1433 καί
919 1385 995 1433 οὖν
1032 1386 1194 1447 ἀπῆρεν
1229 1389 1303 1432 ἑπί
1341 1392 1431 1438 τοῖς
1458 1390 1618 1430 τοιοῖσ-

149 1462 197 1505 δε
225 1459 247 1503 ὃ
281 1455 561 1517 Φερογδάθης
588 1461 635 1502 ἐκ
663 1460 739 1501 τοῦ
765 1459 1022 1509 Βυζαντίου.

95 1544 149 1572 20
261 1525 336 1569 ιθ’.
385 1524 477 1571 Ὅτι
497 1526 712 1580 ςΡωμαῖοι
739 1524 814 1566 καί
839 1526 1012 1582 Πέρσαι
1030 1519 1338 1579 ξυνεστήσαντο
1367 1516 1421 1564 ἂν
1450 1518 1526 1577 τῆν
1552 1519 1614 1563 εἶ-
1624 1516 1802 1557 Ᾰ·0·580

150 1592 304 1651 ρήνην,
344 1594 384 1636 εἶ
408 1590 471 1648 μή
511 1588 710 1649 Χοσρόης
756 1585 888 1667 (ἔχετο
933 1592 978 1643 ἐξ
1006 1586 1245 1647 ἀνθρώπων
1276 1587 1350 1631 καὶ
1381 1563 1786 1650 Ὁρμισδαςῐιῖῗίῒέἓὸ

151 1657 174 1703 ὅ
203 1657 401 1716 Χοσρόου
418 1691 431 1715 ,
470 1656 744 1714 α’νοσιουργὸς
772 1651 899 1708 όντως
925 1655 1063 1714 α’νῆρ,
1088 1654 1166 1712 τήν
1205 1657 1375 1712 κίδαριν
1403 1651 1612 1710 α’νεδήσα-

150 1740 214 1768 το.
255 1721 375 1779 οἶμαι
412 1726 491 1779 μὲν
530 1718 607 1767 οὖν
645 1723 774 1779 ἔγωγε
813 1725 889 1766 οὐκ
927 1719 1097 1776 ἄλλως,
1139 1719 1250 1778 πλὴν
1285 1719 1395 1764 ἀλλὰ
1446 1721 1522 1763 καὶ
1557 1716 1651 1770 (ὃςΒ

246 1817 292 1888 ²3
306 1806 382 1864 ταῖν
406 1804 477 1886 dell.
494 1803 540 1838 N.
621 1804 673 1840 15.
693 1801 863 1851 ἄπεχρῆν
886 1802 984 1848 vulg.
1058 1813 1114 1837 22.
1139 1799 1259 1840 ὄντως
1285 1800 1343 1842 Η.,
1371 1796 1494 1839 οὕτως
1513 1800 1612 1847 vulg.

247 1865 268 1888 2
297 1877 303 1885 .
330 1864 380 1891 ως
406 1864 454 1890 vu
472 1862 503 1897 g.

150 1925 355 1962 stabiliant.
404 1926 533 1972 Quae,
564 1929 608 1960 ut
632 1925 679 1959 ad
705 1924 846 1958 exitum
885 1920 1156 1967 perducantur,
1192 1925 1340 1967 oportet
1368 1920 1463 1955 beni
1492 1921 1612 1955 inter-

150 1975 363 2009 missionem
388 1974 504 2008 fieri.'’
551 1973 672 2018 Atque
697 1971 789 2005 haec
813 1969 969 2014 epistola
993 1967 1165 2003 Chosro'is
1193 1967 1488 2002 continebantur.
1512 1968 1613 2001 Dum

149 2021 413 2067 Pherogdates‚
438 2019 626 2055 Persarum
657 2019 750 2063 regis
774 2018 927 2062 legatus,
952 2016 992 2050 in
1015 2017 1112 2062 regia
1136 2015 1227 2050 urbe
1251 2027 1332 2050 cum
1358 2014 1511 2049 Tiberio
1534 2015 1612 2048 Im-

149 2074 320 2116 peratore
355 2068 478 2114 plures
509 2066 588 2101 dies
611 2066 801 2110 transigit,
835 2063 1023 2097 Zachariae
1049 2069 1087 2097 et
1121 2062 1348 2104 Theodoro,
1391 2063 1455 2109 qui
1489 2061 1530 2095 in
1552 2061 1612 2096 le-

116 2120 119 2123 “
151 2116 335 2161 gationem
361 2114 515 2160 profecti
539 2117 669 2154 erant,
694 2123 759 2158 per
783 2111 924 2144 litteras
949 2111 1187 2154 significatur,
1211 2114 1254 2143 ut
1281 2110 1321 2143 in
1347 2109 1500 2144 Oriente
1525 2107 1614 2142 sub-

151 2164 307 2204 sistant,
337 2173 458 2209 neque
494 2173 600 2195 suum
635 2159 832 2192 adventum
867 2158 1061 2193 Persarum
1099 2157 1175 2203 regi
1210 2156 1374 2191 indicare
1409 2156 1613 2198 festinent,

151 2210 364 2254 priusquam
391 2221 412 2243 a
435 2210 538 2255 regia·
557 2207 648 2241 urbe
680 2203 923 2250 Pherogdates
948 2204 996 2238 sit
1027 2203 1207 2238 dimissus.
1256 2202 1421 2238 Tandem
1449 2205 1615 2249 Impera-

152 2260 212 2290 tor
237 2255 486 2301 Pherogdaten
512 2254 686 2294 dimittit,
711 2264 793 2286 cum
820 2252 954 2286 multos
988 2262 1071 2285 cum
1106 2251 1172 2285 illo
1205 2249 1399 2285 habuisset
1427 2262 1615 2285 sermones

153 2302 200 2337 de
230 2302 300 2344 his,
334 2314 430 2350 quae
464 2304 564 2348 prius
598 2301 646 2334 ad
680 2301 922 2334 Romanorum
949 2298 1087 2344 legatos
1117 2298 1319 2344 scripserat.
1368 2297 1539 2333 Inducias
1571 2299 1616 2334 in

151 2349 405 2395 longissimum
431 2355 574 2396 tempus
598 2348 714 2382 Persis
748 2345 999 2380 concedendas
1025 2356 1102 2379 esse
1126 2356 1202 2379 non
1221 2344 1388 2390 putabat.
1436 2345 1617 2380 Sufficere

154 2397 254 2431 enim
281 2397 436 2431 duorum
461 2402 526 2430 aut
549 2395 661 2429 trium
687 2394 868 2428 meusium
893 2393 1051 2437 spatium
1077 2392 1137 2434 ei,
1176 2392 1241 2439 qui
1264 2392 1362 2426 bona
1385 2392 1457 2427 fide
1484 2402 1614 2437 pacem

153 2444 251 2477 tueri
276 2444 516 2485 instituisset,
543 2453 665 2490 neque
698 2453 765 2487 per
799 2439 964 2474 fraudem
999 2439 1174 2485 longioris
1206 2439 1382 2484 temporis
1414 2444 1612 2485 apparatus

154 2490 314 2524 faciendi
340 2492 568 2525 occasionem
585 2493 787 2536 quaereret.
839 2487 904 2522 His
922 2488 975 2522 ita
1000 2486 1174 2521 consectis
1199 2484 1369 2522 discessit
1389 2498 1412 2521 a
1434 2485 1611 2530 Byzantio

154 2535 412 2582 Pherogdates.

254 2596 304 2630 ¹9-
355 2584 506 2619 Romani
534 2589 572 2619 et
590 2584 716 2618 Persae
746 2593 832 2616 saue
856 2591 984 2626 pacem
1015 2581 1209 2622 fecissent,
1243 2581 1317 2614 nisi
1350 2578 1530 2613 Chosroes
1561 2589 1612 2613 ex

155 2628 347 2665 hominum
371 2642 524 2666 numero
557 2631 744 2671 sublatus,
775 2634 812 2663 et
843 2627 1078 2671 Hormisdas‚
1113 2629 1194 2662 eius
1228 2627 1348 2668 filius,
1384 2626 1516 2661 ferocis
1547 2625 1611 2659 in-

157 2678 255 2721 genii
279 2678 352 2720 vir,
386 2679 498 2713 cidari
528 2677 719 2712 redimitus
749 2677 889 2710 fuisset.
939 2675 1010 2710 Sed
1043 2682 1122 2709 tum
1148 2686 1315 2722 quoque,
1340 2674 1485 2719 opinor,
1513 2670 1612 2711 nihil

156 2723 260 2757 aliud
285 2724 492 2759 decernitur
507 2752 517 2767 ,
543 2736 654 2771 quam
680 2729 722 2758 ut
746 2721 930 2757 Zacharias
958 2727 996 2756 et
1021 2722 1259 2762 Theodorus,
1285 2726 1467 2767 tamquam
1490 2718 1612 2753 adhuc

156 2773 351 2818 superstite
378 2771 560 2816 Chosroe‚
588 2770 771 2808 Persidem
797 2771 987 2806 intrarent.
1034 2768 1180 2807 Etenim
1203 2773 1293 2803 tunc
1317 2767 1492 2815 temporis
1514 2777 1612 2802 non.-
