1924 3164
315 136 390 203 64
740 173 746 185 :
792 175 796 178 -
898 153 1171 196 EXCERPTA

138 269 178 304 A,
191 269 304 315 (2357
315 257 520 310 βιβλίδιον
560 251 655 299 ὅλον
692 256 791 313 τῇδε
832 251 1006 303 ἅναθείς
1042 258 1094 312 τῇ
1122 254 1239 312 μάχῃ
1269 256 1438 310 διῆλθεν
1466 253 1492 296 ὅ.
1515 255 1744 309 βασιλικώ-

166 316 243 350 Iud.
263 318 431 370 15τατος
477 323 550 363 καί
587 322 631 363 ἐν
660 319 796 374 λόγοις
821 318 1066 372 Ἰουλιανὸς,
1121 320 1247 363 αὕτοί
1281 319 1642 377 παραβαλούμεθα
1670 323 1744 365 καί

123 364 293 446 offis-{²3³
308 387 634 442 συνεκθήσομεν’
656 383 804 440 ἑτέραν
837 383 1007 442 γραφὴν
1033 383 1084 427 τοὶ
1111 383 1215 428 αὐτοὶ
1260 388 1572 442 σημαίνουσαν·
1630 386 1739 429 α’λλοὶ

187 458 401 502 Β.256τοῖς
426 455 504 507 μὲν
534 452 803 506 βουλομένοις
842 448 889 492 τὸ
926 452 1103 505 μέγεθος
1145 453 1229 494 τῶν
1255 453 1412 494 ἐκείνου
1441 449 1574 505 λόγων
1600 468 1644 494 τε
1670 451 1746 494 καί

309 516 443 576 ἔργων
484 518 731 559 ἀνασκοπεῖν
764 514 813 557 τὸ
843 516 942 573 περὶ
967 515 1122 558 τούτων
1157 517 1321 571 βιβλίον
1349 518 1611 570 ἐπιτάξομεν,
1669 517 1770 561 καὶὸ

310 582 417 640 πρὸς
445 584 602 636 ἐκείνην
641 582 850 637 φέρεσθαι
877 580 954 636 τήν
997 581 1141 624 ἀκτῖνα
1179 583 1252 638 τῆς
1285 583 1552 639 συγγραφῆς,
1597 584 1643 624 ἐκ
1674 584 1744 637 τῆς

311 650 519 705 ἐνεργείας
544 648 627 689 τῶν
662 644 751 688 τότε
788 646 862 688 ὑπ’
901 648 1031 689 αὐτοῦ
1057 649 1334 703 πραχθέντων
1371 649 1443 691 ε’πί
1467 646 1543 703 τὴν
1569 649 1647 689 τοῦ
1677 644 1747 689 λό-

311 729 387 768 γου
419 712 596 765 δύναμιν
641 708 925 769 (ἔπορ’ρυεῑσαν
952 712 1024 755 καί
1051 711 1367 768 διαλάμψασαν·
1422 710 1542 755 αὖτοί
1572 715 1618 756 δὲ
1649 709 1747 755 ὅσον

312 778 363 818 οὔ
391 775 497 834 πρὸς
525 774 705 830 ἅμιλλαν
730 777 989 834 μειρακιώδη
1031 779 1105 820 καί
1129 777 1400 836 σοφιστικὴν,
1430 780 1518 820 ἄλλ’
1545 780 1605 827 εἰς
1632 777 1745 820 ἱστο-
1835 832 1837 835 Ι

312 841 429 898 ρικὴν
471 839 688 897 ἇκριβειαν
723 844 957 899 ἀναστῆσαι
993 843 1066 886 καί
1093 842 1324 887 διαπλάσαι
1365 841 1606 898 τὸνλόγον,
1654 844 1802 896 ἐπι-ιο

311 907 591 964 δραμούμεθα
619 908 671 952 τοὶ
702 911 973 965 γεγενημένα,
1011 909 1284 960 συνάπτοντες
1309 916 1396 961 τοῖς
1437 910 1668 966 εἰρημένοις
1694 907 1748 951 τὰ

310 972 506 1029 ἐχόμενα.

421 1038 465 1092 ζ.
509 1037 604 1083 Ὅτι
635 1036 865 1091 Ἰουλιανὸς
891 1039 992 1090 τοὺς
1027 1037 1286 1097 ἀρχομένους
1327 1043 1400 1083 καί
1439 1039 1541 1092 τούς
1577 1042 1749 1093 πολεμιῑ·

312 1122 384 1156 ους
423 1107 640 1149 ἐδίδασκεν
678 1103 768 1161 ἅμα
804 1108 888 1164 τίσι
918 1109 1034 1149 δοκεῖ
1064 1105 1135 1149 τὸν
1178 1101 1306 1157 ὄντως
1349 1108 1527 1162 βασιλέα
1563 1105 1749 1162 κρατεῖν,

311 1171 386 1214 καί
411 1171 468 1222 ὥς
496 1168 666 1228 ἀνδρεία
693 1174 772 1226 μὲν
811 1171 885 1215 καί
910 1170 1033 1229 ῥώμη
1060 1175 1134 1214 καί
1166 1176 1320 1229 χειρῶν
1347 1171 1495 1230 κράτος
1521 1170 1628 1228 πρὸς
1653 1168 1805 1219 τούςιό

311 1234 621 1293 ἀνθεστηκότας
654 1236 780 1290 μόνον
818 1240 902 1280 τῶν
927 1241 1135 1291 πολεμίων
1165 1236 1377 1294 χρήσιμα,
1424 1235 1679 1292 δικαιοσύνη,
1705 1237 1753 1278 δὲ

311 1305 400 1356 μετ’
438 1304 629 1354 ἐξουσίας
655 1299 795 1359 ὥσπερ
833 1300 940 1359 πηγή
968 1319 1033 1352 τις
1060 1299 1163 1346 οὖσα
1190 1305 1275 1346 τῶν
1302 1303 1461 1360 ἀρεταῖν
1480 1305 1553 1345 καί
1569 1299 1669 1352 τούς
1693 1299 1754 1359 μὴ

310 1365 519 1423 παρόντας
555 1370 796 1423 χειροήθεις
822 1370 991 1421 ἐμποιεῖ
1019 1369 1092 1410 καὶ
1132 1370 1391 1412 δουλοῦσθαι
1430 1370 1613 1425 πέφυκε.
1665 1382 1754 1408 τοι-

313 1429 446 1482 αύτας
473 1432 701 1475 ὑποτείνων
731 1428 883 1488 ἀρετὰς
920 1431 993 1475 καὶ
1018 1434 1241 1489 σπέρματα
1269 1435 1520 1491 φιλοσοφίας
1558 1435 1618 1482 εἰς
1654 1430 1755 1480 τούς

313 1494 525 1553 ὑπηκόους
553 1493 742 1548 ἅπαντας
779 1497 862 1540 α’πὸ
891 1498 1079 1554 βήματος
1117 1500 1312 1543 ἐπέταττε
1337 1499 1560 1552 Ῥωμαίοις
1596 1499 1810 1554 μηδένααο

314 1564 479 1605 Σαλίων
522 1563 712 1617 ἀδικεῖν,
755 1565 862 1619 μηδὲ
891 1565 1017 1622 δῃοῦν
1053 1559 1081 1620 ἢ
1109 1564 1302 1607 σίνεσθαι
1331 1563 1406 1619 τὴν
1442 1563 1554 1617 ἰδίαν
1586 1561 1754 1619 χώραν.

314 1629 428 1670 ἴδιάν
457 1630 496 1670 δ’
523 1629 730 1684 οἷπὲφαινε
757 1631 896 1670 πᾶσαν
924 1628 1079 1678 αὐτούς
1105 1631 1190 1672 δεῖν
1215 1627 1548 1683 ὑπολαμβάνειν,
1576 1626 1628 1683 ἢν
1651 1623 1755 1670 ἄνευ

314 1690 453 1749 μάχης
491 1692 563 1735 καί
611 1691 749 1736 πόνων
797 1693 990 1749 ἔχουσιν·
1058 1694 1115 1745 ὥς
1151 1691 1371 1750 ἀναγκαῖον
1398 1690 1516 1736 ἐἶναι
1553 1694 1756 1748 πολεμίαν

411 1806 444 1840 5.
473 1803 628 1852 βιβλίον]
654 1806 800 1849 βιβλίον
822 1804 1100 1852 ἀναγινώσκειν
1122 1805 1165 1839 N.
1299 1804 1352 1849 ¹4·
1376 1804 1494 1852 δοκεῖ]
1519 1803 1580 1839 δεῖ
1600 1804 1692 1838 coni.
1717 1806 1755 1838 B.

413 1854 466 1887 18.
491 1861 531 1885 τε
560 1856 689 1887 ποιεῖν
712 1852 806 1885 coni.
835 1853 874 1885 B.

319 1936 535 1971 contendam
552 1961 562 1977 ‚
588 1946 708 1980 neque
734 1936 842 1969 aliam
866 1936 1055 1970 historiam
1082 1936 1206 1970 eadem
1232 1936 1277 1971 de
1302 1949 1341 1972 re
1363 1938 1557 1971 instruam:
1583 1936 1648 1972 sed
1671 1947 1758 1978 eos,

320 1986 386 2029 qui
410 1983 583 2016 orationis
611 1983 745 2027 pariter
769 1988 806 2016 et
829 1994 978 2028 operum
1017 1983 1306 2028 magnitudinem
1343 1984 1580 2029 contemplari
1613 1984 1761 2025 volunt,

320 2029 367 2064 ad
391 2029 619 2075 praedictum
642 2027 810 2062 libellum
835 2028 1013 2074 ablegabo
1039 2035 1148 2076 atque
1172 2029 1218 2062 ad
1242 2031 1340 2063 illius
1366 2031 1565 2075 scripturae
1590 2031 1762 2075 splendo-

322 2087 418 2116 rem,
444 2076 508 2121 qui
534 2075 706 2109 nimirum
731 2087 776 2108 ex
799 2087 950 2120 operum
973 2077 1049 2110 eius
1074 2078 1208 2110 virtute
1236 2077 1275 2110 in
1298 2077 1411 2121 ipsius
1431 2077 1606 2110 orationis
1631 2077 1761 2110 facun-

322 2122 564 2155 diam-radios
589 2121 747 2166 proiicit.
795 2123 868 2165 Ego
899 2134 983 2156 vero
1007 2122 1108 2156 haud
1130 2123 1283 2168 puerilis
1307 2123 1366 2156 vel
1390 2122 1617 2166 sophisticae·
1632 2134 1762 2156 aemu-

320 2168 468 2201 lationis
493 2168 690 2208 studiosus,
716 2168 780 2202 sed
797 2169 841 2202 ad
865 2168 1073 2203 historicam
1095 2169 1283 2202 veritatem
1307 2170 1509 2202 orationem
1533 2179 1648 2202 meam
1673 2180 1762 2202 con-

319 2215 476 2248 formans
503 2219 540 2247 et
563 2214 739 2259 dirigens,
765 2225 821 2248 res
847 2221 962 2260 gestas
986 2226 1203 2260 percurram,
1230 2220 1267 2249 et
1291 2221 1375 2249 ante
1401 2215 1508 2249 dictis
1532 2225 1763 2261 consequen-

319 2260 374 2293 tia
398 2267 550 2294 nectam.

415 2319 445 2351 7.
494 2308 656 2341 Iulianus
682 2307 863 2341 subiectos
890 2318 1006 2353 aeque
1033 2319 1115 2342 suos
1141 2311 1250 2353 atque
1273 2306 1396 2342 hostes
1423 2307 1580 2347 edocuit,
1604 2317 1761 2352 quanam

321 2353 464 2387 ratione
493 2364 597 2387 verus
633 2365 696 2387 rex
717 2355 862 2388 vincere
888 2354 1042 2388 debeat:
1069 2359 1106 2387 et
1131 2354 1230 2399 quod
1251 2354 1429 2389 fortitudo
1464 2365 1506 2386 ac
1540 2352 1654 2387 rubor
1684 2365 1762 2387 ma-

323 2410 511 2443 nuumque
538 2401 590 2432 vis
617 2406 741 2434 contra
765 2400 886 2434 hostes
910 2401 1161 2434 tantummodo
1185 2400 1224 2434 in
1249 2402 1324 2434 acie
1347 2401 1511 2442 valeant3
1546 2409 1670 2432 verum
1701 2400 1762 2433 iu-

328 2446 428 2478 stitia
454 2456 533 2478 cum
561 2447 714 2490 imperio
741 2447 863 2480 iuncta
881 2446 962 2480 fons
987 2447 1137 2492 quidam
1161 2448 1334 2481 virtutum
1362 2449 1434 2488 sit,
1458 2456 1572 2492 eaque
1595 2446 1762 2479 absentee

326 2502 471 2537 quoque
498 2492 663 2525 subditos
690 2492 762 2526 sibi
785 2504 978 2538 servosque
1002 2493 1119 2527 faeiat.
1174 2495 1292 2539 Atque
1323 2493 1388 2526 has
1419 2493 1580 2526 Iulianus
1610 2493 1762 2526 virtutes

326 2535 651 2583 philosophiaeque
670 2540 806 2572 semina
826 2539 871 2573 de
890 2540 1069 2573 tribunali
1084 2551 1148 2573 suo
1167 2540 1286 2585 palam
1309 2539 1465 2573 subditis
1479 2540 1615 2572 cunctis
1636 2543 1763 2572 osten-

326 2589 421 2624 tans,
442 2585 618 2617 Romanos
642 2583 815 2625 inhibuit,
841 2587 1034 2631 quominus
1051 2597 1267 2632 quemquam
1285 2586 1463 2619 Saliorum
1476 2584 1680 2625 laederent,
1703 2582 1764 2616 vel

327 2629 588 2675 popularentur
612 2630 795 2674 regionem
817 2633 1000 2676 propriam
1024 2638 1132 2678 atquc
1156 2637 1358 2666 vastarent:
1384 2632 1566 2675 propriam
1595 2634 1681 2664 vero
1705 2628 1764 2662 di·-

329 2675 436 2710 cebat
458 2675 590 2711 debere
614 2686 675 2709 eos
702 2677 907 2711 existimare
934 2679 1141 2722 regionem,
1174 2689 1283 2724 quam
1315 2678 1392 2710 sine
1417 2689 1536 2723 pugna
1566 2682 1606 2710 et
1637 2675 1763 2710 labore

329 2727 520 2758 tenerent-v
553 2721 675 2767 Quare
701 2733 791 2767 opus
815 2733 904 2765 esse,
929 2728 971 2756 ut
994 2725 1103 2758 inam.
1120 2725 1247 2770 utique
1269 2724 1446 2758 hosticam
1471 2722 1670 2764 crederent,
1697 2726 1764 2756 cu·'
