1924 3164
333 190 362 231 12
377 198 394 232 1
406 179 442 245 ,4
767 234 770 239 ,
892 196 1173 238 ExcERPTA

141 294 465 352 (Δ.(Ξ.449ἔκει’νῳ
489 297 547 351 τῷ
574 297 716 351 χωρίῳ
743 292 844 348 πρὸς
872 292 1021 344 αὖτοὺς
1051 293 1268 349 ἐποιήσατο
1295 293 1486 346 ἔντευξιν.
1532 296 1606 339 κατ’
1633 300 1746 352 πρῶ.-

134 345 397 438 ffheffil‘bng
422 361 500 412 μὲν
531 359 804 414 ὑπερηφάνως
832 359 1066 413 διαλεχθεὶς
1092 360 1266 415 ὑπήχθη
1293 362 1350 418 τῷ
1379 360 1527 416 πλήθει
1552 365 1634 404 τῶν
1661 362 1744 404 δώ-

158 433 162 437 ’
327 441 431 477 ρων,
456 424 532 476 καί
557 424 691 476 λόγοις
718 426 939 479 προσηνέσι
963 428 1203 478 μαλαχθείς
1230 424 1451 481 φυλάττειν
1478 425 1553 480 τήν
1579 427 1746 481 εἰρήνην

295 487 402 530 Bam*
426 495 516 537 ταῖς
544 489 690 537 αὐταῖς
716 487 929 542 ἐπώμνυτο
955 486 1210 544 συνθήκαις,
1240 490 1473 545 ἀναχωρεῖν
1500 491 1547 533 δὲ
1575 489 1648 532 καὶ
1668 493 1747 545 τῆς

323 556 380 611 τῷ
408 550 563 610 Ἴστρῳ
605 550 841 609 ὁριζομένης
868 554 1086 607 Ῥωμαίων
1109 555 1185 608 γῆς
1223 556 1297 596 καί
1333 557 1408 596 τοῦ
1429 552 1655 610 πράγματα
1680 553 1769 599 ἔτιό

325 618 522 673 παρέχειν
547 617 644 673 περὶ
670 616 869 673 φυγάδων
894 622 1088 673 βασιλεῖ,
1130 620 1168 660 εἰ
1213 619 1270 675 μή
1307 637 1351 674 γε
1387 618 1584 673 Ῥωμαῖοι
1621 614 1748 670 αὖθις

323 681 486 738 ἑτέρους
515 683 851 739 καταφεύγοντας
881 687 976 740 παρ’
1023 686 1156 727 αὐτοῦ
1185 684 1378 736 δέξοιντο.
1430 686 1548 743 η’φιέι
1585 686 1632 727 δὲ
1676 686 1750 727 καὶ

321 746 523 802 Βιγίλαν,
551 747 627 797 τὰς
653 747 897 804 πεντήκοντα
924 750 999 791 τοῦ
1022 752 1188 806 χρυσοῦ
1210 752 1354 805 λίτρας
1382 750 1612 804 δεξάμενος,
1630 746 1748 807 (ταὺ-

321 831 397 863 τας
422 813 500 869 γὰρ
532 814 643 871 αὐτῷ
683 815 906 868 ἐκεκομίκει
934 814 957 857 ὅ
1000 820 1100 864 παῖς
1139 814 1217 858 σύν
1242 822 1327 864 τοῖς
1355 817 1577 870 πρέσβεσιν
1602 817 1646 864 ἐς
1670 812 1747 868 τήν

321 878 533 934 Σκυθικήν
561 880 743 936 διαβάς,)
773 882 843 922 καί
872 878 1160 934 αἰχμαλώτους
1179 875 1275 923 ἄνευ
1293 879 1454 935 λύτρων
1478 881 1614 936 ἀφῆκε
1634 878 1799 922 πλεί-ιο

324 961 471 998 στους,
512 945 727 1002 Ἀνατολάρ
770 946 843 987 καί
882 944 1014 1002 Νόμῳ
1042 943 1325 1001 χαριζόμενος.
1381 943 1671 1000 δωρησάμενος
1699 945 1746 985 δὲ

321 1012 397 1052 καί
422 1012 570 1061 ἵππους
598 1010 740 1059 αὐτοῖς
766 1012 838 1052 καί
862 1012 1024 1066 θηρίων
1052 1009 1177 1065 δορὰς
1194 1043 1207 1064 ,
1250 1006 1316 1060 αἶς
1359 1010 1398 1053 οἱ
1437 1012 1641 1064 βασίλειοι
1676 1024 1747 1050 κο-

321 1078 525 1128 σμοῦνται
551 1073 714 1117 Σκύθαι
733 1109 746 1129 ,
777 1072 1015 1128 ἀπέπεμπε,
1044 1078 1300 1128 συμπέμψας
1329 1074 1402 1118 καί
1421 1072 1492 1116 τὸν
1522 1070 1748 1116 Κωνστάνα

320 1157 407 1183 τιον
453 1137 557 1182 ὥστε
605 1141 718 1196 αὖτῳ
759 1141 936 1194 βασιλέα
977 1142 1036 1189 εἰς
1062 1139 1180 1195 ἔργον
1209 1140 1376 1194 ἀγαγεῖν
1402 1138 1477 1195 τήν
1506 1138 1747 1192 ὑπόσχεσιν.

279 1205 378 1255 (Ζῶς
404 1207 451 1248 δὲ
478 1208 710 1261 ἐπανῆλθον
737 1203 776 1247 οἱ
804 1207 1009 1261 πρέσβεις,
1034 1205 1108 1247 καί
1134 1202 1295 1246 ἅπαντα
1322 1203 1371 1246 τά
1397 1219 1442 1245 τε
1471 1206 1571 1258 παρ’
1589 1202 1800 1255 αὖτῶν,ιὸ

319 1272 371 1314 τά
397 1287 442 1312 τε
470 1270 583 1326 παρὰ
609 1274 685 1313 τοῦ
709 1271 925 1326 βαρβάρου
957 1272 1197 1326 διεξῆλθον,
1239 1271 1514 1325 κατεγγυᾶται
1541 1269 1595 1324 τῷ
1623 1270 1747 1309 Κων-

320 1337 490 1392 σταντιίιο
518 1334 620 1390 γυνὴ
647 1334 807 1390 γαμετή
832 1335 1062 1391 Ἀρματίου
1102 1337 1323 1389 γενομένη,
1363 1331 1513 1382 παιδὸς
1550 1331 1743 1374 Πλίνθου

319 1403 395 1444 τοῦ
420 1400 534 1456 παρὰ
556 1400 787 1453 ζΡωμαιόις
823 1400 1176 1455 στρατηγήσαντος
1212 1401 1285 1441 καί
1318 1398 1393 1454 τήν
1418 1396 1578 1440 ὕπατον
1609 1394 1745 1452 α’ρχήν

321 1463 534 1522 ἄρξαντος.
571 1463 837 1520 συνεβεβήκει
867 1467 913 1508 δὲ
940 1465 1008 1508 τὸν
1038 1466 1244 1521 Ἀρμάτον
1271 1467 1316 1513 ἐς
1342 1464 1418 1518 τήν
1445 1461 1744 1517 Λιβύωνηὸια-

217 1543 261 1577 V.
272 1542 316 1588 49
326 1534 454 1585 βάντα
483 1534 553 1573 ε’πί
576 1535 629 1588 τῇ
656 1530 760 1586 πρὸς
786 1529 1076 1587 Αὖσοριανούς
1089 1531 1206 1587 μάχῃ
1228 1530 1485 1585 εὐημερῆσαι
1511 1528 1590 1580 μὲν
1615 1529 1660 1569 ἐν
1687 1528 1799 1582 ugho

317 1596 422 1651 πρὸς
448 1599 623 1645 ἐκείνους
655 1599 831 1654 πολέμῳ,
859 1596 1085 1652 νοσήσαντα
1114 1598 1160 1638 δὲ
1187 1597 1428 1649 τελευτῆσαι
1452 1593 1520 1636 τὸν
1546 1593 1650 1646 βίον..
1692 1586 1744 1633 οὗ

319 1661 370 1715 δή
394 1660 472 1716 τήν
490 1660 683 1716 γαμετήν,
713 1665 785 1703 καί
798 1664 906 1715 γένει
921 1662 993 1702 καί
1008 1660 1223 1718 περιουσίᾳ
1245 1661 1566 1712 διαπρέπουσαν,
1583 1655 1744 1699 ἔπεισεν

319 1725 340 1768 ὃ
369 1725 567 1781 βασιλεὺς
593 1729 649 1783 τῷ
676 1729 955 1784 Κωνσταντίῳ
982 1726 1213 1780 γήμασθαι.
1270 1721 1377 1765 οὕτω
1415 1722 1488 1764 καὶ
1521 1723 1605 1764 τῶν
1641 1719 1743 1776 πρὸς

406 1847 441 1882 9,
463 1825 663 1877 Σκυθικήν
685 1834 763 1868 Val.
779 1859 789 1875 ,
814 1833 1003 1876 συνθήκην
1025 1834 1120 1878 vulg,
1215 1844 1264 1877 ¹7·
1290 1830 1476 1877 Ἀρμάτου
1500 1829 1592 1863 coni.
1617 1827 1661 1861 H.

318 1926 536 1970 tigarentur‚
562 1935 641 1957 cum
666 1925 740 1957 illis
761 1924 936 1958 convenit.
963 1924 1074 1958 [nitio
1098 1922 1244 1968 quidem
1270 1922 1383 1955 multa
1408 1919 1561 1964 superbe
1585 1923 1622 1952 et
1643 1918 1742 1959 inso-

318 1972 434 2004 lenter
458 1970 634 2004 disserens
650 1996 660 2011 ‚
694 1970 837 2004 tandem
853 1970 1111 2015 vmagnitudine
1134 1979 1322 2001 munerum
1348 1968 1498 2013 aequior
1521 1966 1634 1998 sactus
1661 1970 1741 2005 est,

321 2022 358 2049 et
380 2017 512 2050 blanda
538 2017 735 2062 legatorum
760 2018 924 2050 oratione
944 2017 1134 2056 delinitus,
1159 2025 1194 2048 se
1220 2025 1342 2058 pacem
1370 2018 1591 2047 servaturum
1613 2022 1741 2044 secun-

322 2064 404 2096 dum
430 2066 707 2103 conventiones,
733 2064 885 2103 iuravit3
910 2073 947 2095 se
974 2073 1117 2107 quoque
1152 2062 1248 2094 omni
1281 2060 1426 2103 regione
1459 2064 1554 2091 trans
1589 2058 1740 2096 Istrum,

319 2115 488 2155 tanquam
502 2111 736 2142 Romanorum
757 2109 843 2142 iuris
870 2109 1092 2153 ditionisque
1121 2106 1258 2145 cedere,
1277 2115 1395 2151 neque
1410 2114 1516 2149 porro
1527 2104 1739 2147 Imperatori

320 2156 364 2188 de
390 2157 550 2200 profugis
575 2155 766 2189 reddendis
792 2156 980 2188 molestum
999 2155 1182 2191 futurum,
1208 2151 1312 2185 modo
1324 2151 1472 2184 Romani
1494 2150 1532 2181 in
1556 2155 1737 2194 posterum

320 2212 340 2233 a
366 2203 556 2246 transfugis
581 2201 812 2234 admittendis
835 2205 1085 2245 temperarent.
1133 2198 1315 2231 Liberavit
1342 2203 1377 2230 et
1407 2196 1581 2241 Bigilam,
1611 2207 1737 2229 nume·

320 2248 406 2278 ratis
431 2248 694 2292 quinquaginta
716 2247 794 2280 auri
815 2248 944 2285 libris,
972 2258 1060 2291 quas
1087 2245 1222 2289 Bigilae
1241 2245 1335 2277 filius
1354 2253 1432 2275 cum
1456 2241 1580 2286 legatis
1605 2241 1738 2285 inScy-

320 2292 434 2325 thiam
475 2293 623 2326 veniens
667 2294 848 2327 attulerat.
897 2293 989 2325 ‘l‘um
1016 2298 1052 2325 et
1089 2291 1256 2323 Anatolio
1291 2295 1328 2323 et
1363 2289 1477 2322 Nomo
1516 2288 1739 2331 gratificans,

321 2350 427 2383 quam
463 2339 635 2382 plurimos
665 2340 820 2384 captivos
856 2339 929 2371 illis
968 2339 1044 2371 sine
1076 2337 1151 2370 ullo
1186 2336 1301 2381 pretio
1327 2335 1509 2368 concessit.
1557 2334 1739 2368 Postremo

321 2384 472 2417 donatos
511 2386 612 2428 equis
646 2390 684 2417 et
718 2385 873 2418 ferarum
901 2384 1084 2428 pellibus,
1116 2384 1247 2428 quibus
1280 2381 1427 2425 Scythae
1452 2380 1540 2423 regii
1565 2379 1610 2412 ad
1634 2391 1739 2413 orna-

319 2436 396 2462 tum
423 2436 597 2472 utuntur,
624 2431 770 2464 dimisit.
821 2431 995 2464 Comitem
1021 2429 1093 2462 inis
1117 2428 1258 2463 addidit
1282 2427 1548 2466 Constantium,
1571 2427 1738 2471 utImpe-

321 2481 415 2517 rator
440 2476 509 2520 ipsi
538 2487 574 2509 re
602 2478 846 2518 confirmaret,
882 2488 973 2523 quae
996 2475 1114 2508 verbis
1145 2476 1366 2520 promiserat.
1415 2474 1460 2504 Ut
1484 2473 1592 2516 legati
1615 2472 1738 2506 redie-

322 2528 407 2556 runt
422 2547 430 2562 ‚
457 2527 493 2555 et
515 2533 593 2554 cum
617 2522 729 2554 Attila
768 2523 862 2556 ultro
897 2522 1060 2567 citroque
1085 2528 1162 2554 acta
1187 2520 1409 2559 retulerunt,
1433 2518 1644 2552 Constantio
1667 2529 1737 2551 nu-

321 2569 402 2613 ptui
426 2568 530 2601 datur
554 2568 730 2613 quondam
754 2580 844 2602 uxor
867 2568 1024 2608 Armatii‚
1051 2568 1117 2599 filii
1139 2567 1322 2607 Plinthae,
1350 2566 1414 2610 qui
1443 2563 1539 2608 apud
1563 2564 1737 2597 Romanos

320 2614 539 2648 exercituum
565 2614 637 2647 dux
675 2615 793 2647 fuerat
824 2621 861 2647 et
885 2614 1108 2648 consulatum
1132 2614 1272 2647 inierat.
1321 2611 1387 2644 Ille
1410 2611 1450 2643 in
1475 2610 1623 2653 Lybiam
1651 2620 1737 2654 pro-

317 2661 436 2694 fectus
464 2661 539 2693 acie
565 2670 642 2692 cum
667 2660 876 2693 Ausorianis
900 2660 1142 2693 decertaverat
1165 2665 1202 2692 et
1224 2667 1394 2703 prospere
1421 2661 1613 2700 pugnarat:
1653 2665 1737 2688 mox

319 2706 446 2746 morbo
471 2711 652 2751 correptus
679 2706 787 2738 vitam
811 2705 963 2738 finierat.
1013 2705 1097 2739 Eius
1122 2705 1242 2744 uxori,
1275 2713 1401 2748 genere
1426 2707 1463 2736 et
1487 2701 1625 2735 divitiis
1649 2711 1736 2741 con-

321 2752 485 2798 spicuae,
515 2757 597 2798 post
619 2751 739 2786 mariti
763 2751 902 2787 obitum
927 2753 1121 2796 Imperator
1155 2750 1291 2786 nubere
1315 2748 1527 2783 Constantio
1548 2756 1735 2793 persuase-
