1924 3164
642 195 675 235 E
716 190 893 236 musci
933 186 1206 235 ms‘roluA.
1529 189 1596 245 ¹9
1609 191 1627 226 1

182 285 336 351 τρίψαι
369 294 548 350 χρόνον,
592 298 668 338 καί
701 299 880 351 γυναῖκα
915 293 1138 350 γήμασθαι
1177 292 1416 346 ζάπλουτον.
1469 290 1547 347 τὴν
1586 293 1635 334 δὲ
1647 303 1822 349 Α.Ο.448

182 362 377 404 ἐντεῦθεν
399 353 635 417 εὐπραγίαν
662 363 942 414 ἐκδύσασθαι,
970 360 1056 402 ὕπὸ
1084 365 1171 410 τοῖς
1198 358 1430 415 βαρβάροις
1453 360 1530 413 τῆς
1556 350 1725 432 nti-{ffl-
1743 362 1780 432 :L

184 429 288 476 λεως
315 429 562 484 γενομένης,
591 429 666 470 καὶ
693 425 766 469 διὰ
795 424 870 468 τὸν
895 424 1143 483 ὑπάρξαντα
1169 426 1350 468 πλοῦτον
1377 423 1496 481 αύτῷ
1515 419 1637 479 Ὀνη-
1698 409 1743 433 ⁸⁰
1783 397 1824 444 4¹

181 492 311 550 γησίῳ
353 494 399 534 ἐν
435 494 487 550 τῇ
527 495 610 535 ταῖν
647 492 853 549 λαφύρων
880 494 1163 549 προκριθῆναι
1192 491 1390 547 διανομῇ·
1427 487 1527 540 τούς
1551 488 1634 546 γάρ

159 555 367 609 5ἇλόντας
412 557 496 600 α’πὸ
535 560 618 602 τῶν
646 558 840 615 εὐπόρων
866 557 971 612 μετά
997 556 1070 600 τὸν
1097 555 1298 612 Ἀττήλαν
1327 557 1538 613 ἐκκρίτους
1575 553 1637 598 εἶ-

179 639 262 677 χον
307 623 348 667 οἱ
381 628 466 667 τῶν
503 626 683 668 ,Σκυθῶν
718 624 893 680 λογάδες
938 621 1010 666 διά
1038 624 1086 665 τὸ
1117 622 1190 665 ἐπὶ
1212 624 1418 671 πλείστοις
1446 623 1637 663 διατιθεα-

181 693 302 732 σθαι.
343 690 656 747 ἀριστεύσαντα
685 692 732 733 δὲ
761 693 806 733 ἐν
833 694 926 739 ταῖς
952 687 1133 744 ὕστερον
1158 688 1266 744 πρὸς
1285 688 1523 741 Ῥωμαίους
1548 686 1636 742 μά·

178 772 281 810 χαις
308 754 383 798 καί
405 756 455 798 τὸ
483 758 565 799 τῶν
585 757 847 812 Ἀκατζίρων
858 755 994 810 ἔθνος,
1020 754 1144 798 δόντα
1160 756 1219 813 τῷ
1239 753 1445 813 βαρβάρῳ
1479 750 1632 796 deend-

180 838 231 878 τῃ
263 820 366 864 κατὰ
396 820 470 864 τὸν
490 821 608 878 παρὰ
636 821 825 873 Σκύθαις
846 820 975 876 νόμον
997 819 1048 864 τά
1077 819 1186 863 κατὰ
1212 819 1285 863 τὸν
1311 819 1494 874 πόλεμον
1522 820 1734 878 αύτιέΡ,6ο

131 889 386 943 Ϊοκτηθέντα
402 920 414 942 ,
453 890 700 944 ἐλευθερίας
735 895 891 943 τυχεῖν.
936 892 1114 943 γυναῖκα
1143 889 1190 929 δὲ
1218 885 1440 943 γήμασθαι
1467 884 1633 942 βάρβα-

180 968 256 1008 ρον
276 985 290 1007 ,
322 949 440 996 εἶναί
458 969 502 996 τε
531 957 649 1012 αὐτῷ
676 956 830 1004 παῖδας
847 971 859 982 ·
900 953 975 996 καί
994 955 1218 1010 Ὀνηγησίῳ
1250 954 1459 1009 τραπέζης
1484 967 1632 995 κοινω-

147 1022 153 1028 “
178 1021 332 1061 νοῦντα
348 1051 361 1073 ,
391 1018 590 1073 α’μείνονα
617 1022 697 1062 τοῦ
727 1023 933 1076 προτέρου
961 1018 1033 1062 τὸν
1056 1017 1243 1074 παρόντα
1271 1019 1484 1075 ἡγεῖσθαι.
1531 1016 1633 1069 τούς

104 1080 107 1085 ’
183 1086 263 1137 μὲν
288 1083 371 1141 γάρ
411 1085 526 1141 παρά
555 1086 744 1137 Σκύθαις
781 1086 887 1140 μετὰ
929 1085 1004 1129 τὸν
1044 1084 1226 1139 πόλεμον
1250 1086 1296 1127 ἐν
1323 1083 1629 1142 α’πραγμοσύνῃ

180 1152 417 1205 διατελεῖν,
444 1149 623 1194 ἑκάστου
651 1155 735 1195 τῶν
761 1153 978 1208 παρόντων
1005 1151 1300 1200 α’πολαύοντας
1334 1150 1408 1192 καὶ
1432 1151 1633 1202 ου’δαμῶς

131 1212 213 1271 ιὸἢ
239 1217 357 1270 ὀλίγα
384 1218 742 1272 ἐνοχλουμένους,
783 1217 886 1268 τούς
910 1220 1051 1272 μέντοι
1082 1215 1198 1274 παρά
1222 1216 1456 1270 ἷΡωμαίοις
1478 1217 1525 1257 ἐν
1549 1217 1630 1269 μὲν

176 1284 342 1340 πολέμῳ
373 1280 526 1340 ῥᾳδίως
553 1284 883 1338 α’ναλίσκεσθαι,
925 1286 984 1333 εἷς
1020 1281 1189 1339 ἑτέρους
1215 1280 1293 1332 τὰς
1315 1284 1391 1337 τῆς
1417 1283 1627 1338 σωτηρίας

175 1350 348 1399 ἐλπίδας
386 1348 584 1403 ἔχοντας,
639 1349 698 1401 ὥς
736 1348 900 1392 πάντων
928 1348 998 1392 διά
1023 1349 1122 1400 τοὺς
1147 1345 1377 1405 τυράννους
1403 1345 1464 1403 μὴ
1508 1364 1625 1402 χρω-

119 1426 148 1467 †
173 1415 312 1468 μένων
356 1411 510 1465 ὅπλοις.
560 1415 636 1459 καί
672 1419 758 1459 τῶν
797 1418 1030 1473 χρωμένων
1064 1417 1112 1457 δὲ
1139 1416 1447 1473 σφαλερωτέρα
1483 1413 1510 1470 ἦ
1538 1415 1655 1457 rafim

176 1482 418 1536 στρατηγῶν
455 1483 608 1535 κακία,
663 1481 722 1537 μή
771 1482 1073 1540 ὑφισταμένων
1114 1480 1190 1524 τὸν
1231 1481 1429 1535 πόλεμον.
1483 1482 1529 1523 ἐν
1575 1481 1626 1523 δὲ

118 1544 315 1602 ἐοεῖρήνῃ
355 1545 642 1604 ὄδυνηρότερα
691 1547 902 1604 ὑπάρχειν
928 1547 983 1591 τά
1021 1550 1308 1602 συμβαίνοντα
1329 1549 1415 1590 τῶν
1451 1548 1498 1590 ἓν
1534 1553 1625 1597 τοῖς

170 1612 370 1664 πολέμοις
409 1615 548 1655 κακῶν
591 1611 662 1656 διά
699 1630 744 1657 τε
771 1612 848 1669 τήν
881 1612 1126 1671 βαρυτάτην
1162 1613 1382 1670 εἴσπραξιν
1418 1614 1503 1656 τῶν
1544 1615 1621 1655 δα·-

169 1676 290 1731 σμαῖν
316 1676 390 1720 καί
413 1677 491 1728 τάς
525 1680 571 1722 ἐκ
606 1683 689 1723 τῶν
716 1682 909 1738 πονηρῶν
934 1678 1099 1736 βλάβας
1116 1713 1129 1735 ,
1171 1681 1259 1722 τῶν
1296 1679 1438 1733 νόμων
1465 1679 1518 1721 ού
1542 1696 1620 1722 κα-
1633 1687 1720 1732 V.4r

267 1769 320 1792 ια.
357 1758 560 1803 ἡγεῖσθαι]
593 1761 678 1804 βίον
707 1760 790 1795 add.
823 1762 861 1794 B.
960 1760 1015 1804 14.
1038 1758 1304 1797 ἀπολαύοντας
1329 1765 1367 1795 et
1391 1759 1621 1806 ἐνοχλουμέ-

263 1814 354 1842 νους
375 1806 435 1846 Β.,
457 1805 719 1844 ἀπολαύοντος
741 1813 779 1841 et
796 1807 1074 1854 ἐνοχλουμένου
1090 1808 1186 1853 vulg.

173 1873 291 1914 cium,
324 1872 510 1917 Mysorum
543 1873 590 1907 ad
620 1875 752 1907 Istrum
783 1875 942 1916 urbem,
987 1875 1202 1914 accessisse,
1241 1875 1283 1907 in
1315 1883 1358 1907 ea
1391 1873 1620 1907 domicilium

171 1919 281 1963 longo
310 1925 479 1964 tempore
518 1919 711 1961 habuisse,
749 1932 899 1955 uxorem
941 1932 1091 1967 quoque
1126 1921 1279 1954 divitem
1311 1920 1480 1960 duxisse3
1516 1926 1620 1965 parta

172 1965 252 1999 illic
286 1965 466 1999 felicitate
508 1972 611 2012 capta
636 1967 727 2001 urbe
753 1973 902 2001 exutum
927 1968 1060 2007 fuisse,
1093 1971 1132 1999 et
1161 1971 1356 2012 propterea
1392 1966 1493 2012 quod
1516 1967 1618 2000 dives

172 2017 273 2053 erat,
319 2023 359 2046 se
404 2024 543 2059 suaque
578 2014 700 2047 omnia
750 2015 790 2047 in
831 2013 988 2058 praedae
1027 2013 1208 2047 divisione
1241 2013 1422 2057 onegesio
1455 2013 1617 2046 cessisse.

171 2059 319 2092 Etenim
359 2070 436 2094 esse
468 2061 565 2106 apud
600 2071 661 2094 eos
697 2060 736 2094 in
771 2072 871 2094 more
902 2061 1083 2105 positum,
1126 2065 1168 2093 ut
1198 2059 1386 2104 praecipui
1421 2058 1466 2092 ab
1502 2060 1618 2094 Attila

172 2105 340 2149 Scythiae
378 2108 563 2152 principes
596 2107 757 2152 captivos
782 2107 932 2141 ditiores
957 2106 1030 2139 sibi
1053 2112 1252 2151 seponant‚
1288 2106 1463 2152 quoniam
1495 2107 1617 2150 pluri-

169 2163 269 2186 mum
295 2155 512 2188 auctoritate
545 2154 678 2188 valent.
726 2154 852 2187 Postea
874 2153 940 2187 ubi
965 2153 1135 2187 adversus
1160 2155 1339 2187 Romanos
1368 2157 1406 2187 et
1428 2153 1615 2186 Acatziro-

169 2210 257 2232 rum·
272 2205 414 2244 gentem
441 2201 637 2234 fortissime
663 2201 890 2242 dimicasset,
915 2199 1124 2234 libertatem
1149 2211 1187 2234 se
1214 2211 1259 2233 ex
1275 2210 1376 2233 more
1390 2199 1616 2243 Scytharum,

169 2245 361 2286 omnibus,
393 2259 486 2293 quae
515 2248 615 2282 bello
644 2249 883 2293 acquisierat,
909 2246 1063 2280 barbaro
1091 2247 1240 2281 domino
1265 2247 1432 2287 traditis,
1461 2257 1615 2291 recupe-

169 2304 278 2326 rasse.
325 2293 481 2328 Uxorem
514 2306 662 2341 quoque
694 2295 882 2327 barbaram
917 2295 1085 2335 duxisse,
1118 2298 1156 2327 et
1187 2305 1233 2328 ex
1261 2304 1304 2326 ea
1327 2293 1463 2327 liberos
1488 2300 1615 2327 sustu-

167 2339 274 2380 lisse,
304 2345 342 2373 et
369 2342 540 2387 Ouegesii
565 2352 710 2374 mensae
732 2342 962 2386 participem,
987 2341 1056 2374 hoc
1088 2341 1185 2374 vitae
1210 2350 1323 2384 genus
1353 2340 1460 2386 longe
1487 2341 1612 2384 potius

168 2386 292 2430 priore
328 2387 470 2421 ducere.
518 2387 617 2432 „Qui
647 2389 745 2422 euim
778 2388 876 2433 apud
914 2387 1063 2432 Scythas
1088 2388 1246 2432 degunt,
1275 2387 1427 2433 iuquit,
1450 2387 1610 2422 tolerato

169 2432 352 2466 bellorum
376 2433 524 2476 labore,
549 2436 629 2469 siue
654 2435 1007 2469 ulla'sollicitudine
1047 2435 1160 2468 vitam
1189 2438 1378 2479 peragunt.
1429 2434 1523 2467 Tum
1563 2446 1610 2467 u·-

168 2481 395 2525 nusquisque
422 2480 549 2523 bonis,
575 2493 668 2528 quae
694 2482 764 2515 sihi
790 2482 934 2515 fortuna
961 2480 1141 2522 indulsit,
1174 2480 1331 2522 fruitur,
1358 2491 1480 2527 neque
1505 2482 1611 2526 quis-

168 2536 279 2570 quam
303 2526 360 2558 ini
395 2528 470 2561 ulla
504 2530 543 2562 in
574 2540 613 2562 re
636 2529 809 2562 molestus
836 2534 899 2562 est.
949 2528 1026 2574 Qui
1058 2539 1142 2562 vero
1166 2528 1233 2561 sub
1258 2527 1427 2561 Romanis
1453 2533 1610 2561 aetatem

168 2577 301 2617 agunt,
334 2571 442 2607 facile
474 2576 513 2608 in
544 2575 644 2609 hello
678 2582 842 2620 pereunt.
892 2575 965 2608 Hos
997 2575 1094 2608 enim
1119 2576 1159 2608 in
1182 2575 1264 2608 aliis
1291 2575 1348 2607 sui
1372 2575 1610 2608 conservandi

167 2629 268 2662 spem
296 2619 472 2655 collocare
495 2633 642 2656 necesse
666 2627 740 2663 est,
778 2621 1076 2667 quandoquidem
1101 2633 1167 2668 per
1189 2627 1362 2665 tyrannos
1384 2621 1535 2655 minime
1562 2621 1610 2654 li-

171 2669 232 2697 cet
276 2677 395 2706 arma,
447 2668 580 2713 quibus
615 2669 867 2715 unusquisque
901 2679 939 2701 se
969 2675 1134 2710 tueatur,
1166 2674 1316 2714 gestare.
1364 2669 1482 2712 Atque
1516 2667 1608 2701 adeo

169 2711 249 2750 his,
275 2713 410 2757 quibus
435 2714 472 2747 id
499 2715 578 2750 iure
598 2716 706 2756 licet,
743 2715 847 2749 valde
879 2721 935 2749 est
965 2716 1167 2761 perniciosa
1190 2716 1321 2750 dueum
1345 2715 1508 2759 ignavia,
1543 2714 1610 2760 qui

168 2757 307 2792 bellum
332 2761 481 2795 minime
504 2763 667 2806 guaviter
692 2767 830 2807 gerunt.
879 2761 927 2796 At
949 2762 987 2796 in
1019 2773 1108 2808 pace
1132 2763 1240 2807 longe
1275 2762 1462 2796 acerbiora
1498 2767 1608 2803 sunt,
