1924 3164
550 175 617 214 Ex
656 174 871 216 EUNAPH
915 173 1184 215 HISTORIA.
1499 173 1568 228 77

237 274 313 334 λη’.
358 271 451 318 Ὅτι
475 274 520 317 τὸ
548 276 620 317 ἐπὶ
647 275 902 318 Μουσῶνιον
941 277 1186 332 ἐπίγραμμα
1220 272 1265 317 τὸ
1306 274 1423 331 παρὰ
1463 275 1569 318 Θεο-

126 338 273 397 δώρου
303 339 495 383 τοιοῦτόν
522 343 634 384 ἐστιν
653 358 665 370 ·

349 405 453 450 ἔνθα
478 409 556 461 μὲν
586 405 701 456 Αἴας
727 412 860 449 κεῖται
888 409 1052 463 ἀρήϊος,
1083 406 1188 451 ἔνθα
1217 409 1252 451 δ’
1277 404 1515 461 Ἀχιλλεύς,

348 472 453 516 ἔνθα
482 474 529 515 δὲ
554 472 805 528 Πάτροκλος
832 471 982 530 θεόφιν
1007 473 1179 530 μήστωρ
1207 471 1450 522 ἀτάλαντος·

98 545 127 586 5
346 538 451 581 ἔνθα
479 540 515 580 δ’
543 538 615 580 ἐπὶ
640 544 849 593 τρισσοῖσι
876 541 1115 590 πανείκελος
1138 537 1322 595 ἡρώεσσι

346 602 493 658 ψυχὴν
519 603 591 645 καὶ
615 601 771 657 βιότοιο
802 606 922 654 τέλος
949 605 1205 656 Μουσώνιος
1234 602 1358 660 ἥρως.

235 669 313 713 λθ’.
358 667 450 712 ’Ότι
479 668 518 711 οἱ
540 669 741 723 Ῥωμαῖοι
769 669 1054 726 κατεκόπησαν
1081 670 1197 727 παρὰ
1230 670 1457 728 Ἰσαύρων,
1498 670 1574 714 καί

125 737 257 795 τούτῳ
300 732 437 791 ῶσπερ
468 735 654 791 δράματι
690 737 858 794 μεγάλῳ
895 735 969 778 καί
1003 741 1158 792 τραχεῖ
1176 735 1221 779 τὸ
1250 735 1355 779 κατὰ
1382 734 1571 779 Μουσῶ-

125 818 213 845 νιον
242 799 477 844 ἐπεισόδιον
512 796 586 843 οὖκ
614 799 783 844 ἔλαττον
829 802 854 843 ὁ
892 803 1053 856 δαίμων
1083 801 1330 857 ἐπήνεγκεν.
1384 799 1571 844 ἐνταῦθά

66 883 205 912 Ιοπου
234 870 309 923 τῆς
349 868 596 923 συγγραφῆς
625 864 868 924 ἀφώρισται
902 866 948 910 τό
991 869 1214 923 πραχθὲν,
1264 863 1328 909 ὅτι
1355 874 1442 917 τοῖς
1465 865 1574 923 χρόα

124 949 211 982 νοις
237 936 451 988 παρέτεινε
491 936 562 976 καί
584 936 947 989 συγκατέστρεψεν
972 933 1044 976 ε’πί
1062 932 1114 977 τοὶ
1141 936 1435 990 προειρημένα,
1464 930 1571 976 ῶστε

115 1005 208 1053 Χτοῖς
235 1005 396 1054 καιροῖς
422 999 482 1055 μὴ
513 998 619 1041 πολὺ
645 999 1017 1054 παραλλάττειν-ἒς
1042 999 1088 1043 τό
1105 1002 1233 1049 ,τέλος
1256 997 1334 1054 τὴν
1362 998 1544 1055 γραφήν.

231 1065 290 1119 μ’.
335 1063 429 1108 (Ότι
471 1065 494 1106 ὃ
537 1065 738 1119 βασιλεὺς
769 1065 935 1120 Οὐάλης
964 1064 1070 1108 κατὰ
1107 1065 1176 1108 τὸν
1203 1064 1352 1120 καιρὸν
1379 1062 1500 1119 ἦνίκα
1530 1059 1744 1112 οἱᾹ·6·378

122 1131 288 1174 Σκύθαι
335 1131 411 1186 τήν
434 1131 706 1173 Μακεδονάκν
733 1131 980 1186 ἐπέτρεχον,
1006 1130 1232 1188 παρελθών
1261 1132 1322 1179 εἷς
1347 1128 1423 1185 τὴν
1449 1113 1692 1192 admisti?
1708 1162 1747 1195 ¹5

57 1197 200 1247 ,ἰ5τὰς
238 1195 509 1251 πανταχόθεν
538 1193 738 1249 δυνάμεις
781 1196 1024 1252 συνήγειρεν
1068 1196 1126 1247 ὥς
1162 1196 1270 1251 μέγα
1303 1212 1345 1238 τι
1377 1196 1451 1237 καὶ
1488 1207 1694 1253 na-R.272

124 1261 301 1319 ράδοξον
336 1262 639 1318 ἐργασόμενος.
721 1257 819 1303 ὅσον
882 1263 930 1303 δὲ
993 1263 1167 1304 παιδειῖκ
1223 1261 1491 1315 α’ναγνώσεως
1531 1264 1571 1305 ι’.

121 1329 247 1383 σχύει
283 1327 402 1384 πρὸς·
423 1327 523 1377 τούς
559 1327 766 1381 πολέμους
804 1328 877 1368 καί
902 1323 930 1381 ἦ
960 1325 1031 1369 διὰ
1073 1329 1149 1383 τῆς
1168 1326 1353 1383 ἱστορίας
1392 1326 1570 1384 οἷκριβὴς

121 1396 282 1452 θεωρία
311 1393 416 1451 πρὸς
443 1389 611 1449 ἄμαχον
637 1409 732 1435 τινα
759 1392 834 1435 καὶ
865 1391 1106 1449 γραμμικὴν
1133 1391 1305 1447 ἔκβασιν
1346 1395 1568 1436 τελευτῶσι

119 1463 195 1503 καί
219 1461 624 1516 συνηναγκασμένην,
657 1459 730 1500 καί
755 1457 846 1500 τότε
875 1456 897 1499 ὃ
924 1457 1079 1515 χρόνος
1106 1460 1334 1508 ἀπέδειξεν.
1406 1459 1570 1501 πολλῶν

65 1525 199 1583 αογάρ
247 1527 318 1568 ἐπὶ
349 1529 516 1576 πολλοῖς
541 1522 894 1581 μαρτυρούντων,
940 1527 1013 1566 καί
1039 1526 1116 1579 τῆς
1151 1526 1302 1580 πείρας
1339 1520 1566 1581 πόρ’ῥωθεν

118 1594 303 1649 βοώσης,
354 1589 414 1635 ὅτι
455 1586 547 1634 οὔτε
581 1595 748 1641 πολλοῖς
787 1584 882 1633 οὔτε
925 1587 1082 1645 ὄλίγοις
1111 1591 1332 1645 μάχεσθαι
1358 1593 1564 1653 προσῆκεν

119 1658 398 1715 ἀπεγνωκόσιν
435 1654 594 1700 ἑαυτῶν
648 1655 724 1699 καὶ
775 1655 879 1713 πρὸς
925 1657 1117 1699 κίνδυνον
1164 1652 1341 1710 ἓτοιζιιως
1380 1655 1563 1711 ἔχουσιν,

208 1760 241 1793 8.
265 1760 376 1793 τοῦτο
401 1759 457 1794 ed.
509 1761 560 1795 16.
573 1761 629 1795 Ita
646 1759 800 1802 corr.N.‚
815 1757 1070 1806 ἐργαζόμενος
1088 1764 1126 1794 et
1147 1769 1232 1793 mox
1247 1757 1423 1797 παιδείας
1447 1759 1503 1794 ed.

210 1849 265 1885 38.
314 1850 355 1883 In
371 1849 580 1883 Musonium
610 1850 829 1894 epigramma
858 1848 1045 1883 Theodori
1075 1849 1147 1883 hoc
1176 1855 1250 1884 est:

379 1896 450 1928 Ubi
481 1897 576 1929 iacet
603 1895 695 1929 Aiax
725 1896 924 1928 Mavortius
941 1920 951 1936 ‚
984 1895 1050 1928 ubi
1076 1895 1256 1938 Achilles,

379 1942 449 1975 Ubi
476 1943 656 1975 Patroclus
689 1941 760 1974 diis
796 1942 949 1975 consilio
986 1951 1072 1986 pai-3

377 1988 436 2021 Ibi
462 1988 579 2022 tribus
610 1988 783 2021 heroibus
809 1988 929 2020 animo
954 1987 1124 2032 vitaeque
1157 1986 1231 2021 fine

379 2035 574 2069 Per-similis
611 2034 801 2068 Musonius
823 2032 929 2067 heros
959 2033 1065 2067 iacet.

212 2081 266 2126 39.
313 2081 465 2115 Romani
494 2082 539 2114 ab
572 2081 705 2115 Isauris
745 2080 935 2114 occidione
976 2081 1071 2114 caesi
1110 2080 1271 2113 suerunt·
1316 2079 1436 2125 Atque
1470 2079 1558 2115 huic

115 2132 299 2173 tamquam
327 2126 479 2161 dramati
507 2139 636 2173 magno
670 2132 707 2162 et
743 2127 856 2160 atroci
894 2126 1054 2160 Musonii
1082 2126 1286 2172 episodium
1310 2137 1385 2160 non
1405 2127 1556 2162 minoris

116 2175 291 2209 momenti
317 2175 392 2208 fata
416 2174 671 2209 adiunxerant.
720 2175 762 2207 In
786 2173 855 2207 hoc
879 2179 1000 2207 autem
1027 2172 1202 2207 historiae
1226 2173 1306 2206 loco
1333 2172 1373 2206 id
1395 2175 1556 2217 positum

117 2226 189 2263 est,
221 2221 306 2267 quia
325 2226 467 2265 tempus
496 2222 574 2255 eius
597 2231 715 2275 usque
739 2220 786 2254 ad
810 2219 1011 2265 praedictas
1034 2230 1090 2253 res
1112 2219 1345 2265 protenditur
1367 2220 1481 2266 fitque
1508 2221 1555 2254 iis

115 2272 361 2302 coaetaneum.
411 2267 532 2313 Quare
567 2274 604 2303 et
628 2279 706 2302 elus
741 2267 935 2312 descriptio
971 2277 1085 2312 prope
1116 2277 1232 2312 usque
1264 2267 1311 2300 ad
1339 2267 1450 2301 finem
1473 2268 1555 2312 pari

115 2318 278 2360 tempore
309 2316 435 2359 pergit.
1582 2349 1583 2353 ,

208 2362 264 2406 4ο.
310 2361 443 2395 Valens
468 2361 618 2403 Caesar,
652 2372 726 2407 quo
749 2365 911 2404 tempore
938 2357 1091 2403 Scythae
1113 2358 1364 2392 Macedoniam
1387 2360 1556 2393 incursa-

114 2406 222 2450 bant,
245 2407 427 2452 profectus
454 2409 501 2442 ad
523 2409 657 2454 regiam
682 2407 807 2441 urbem
830 2406 1006 2440 militares
1029 2405 1192 2452 undique
1216 2405 1338 2451 copias
1362 2405 1555 2440 contrahe-

114 2453 200 2493 bat,
232 2454 399 2499 magnum
436 2455 525 2501 quid
556 2456 710 2488 moliens
751 2460 788 2488 et
813 2454 1016 2497 inopinum.
1062 2453 1138 2485 Iam
1170 2457 1345 2499 quantum
1367 2454 1486 2487 valeat
1507 2453 1555 2487 ad

114 2500 207 2535 belli
232 2511 336 2534 usum
362 2501 564 2535 litterarum
589 2502 747 2547 cognitio
763 2526 772 2541 ‚
800 2505 1047 2546 quantumque
1071 2498 1243 2534 historiae
1267 2505 1428 2533 accurata
1453 2501 1554 2534 noti-

115 2549 169 2581 tia
192 2547 308 2593 prosit
332 2547 391 2587 iis‚
419 2549 482 2593 qui
507 2554 644 2583 certum
674 2549 833 2594 aliquem
858 2551 894 2579 et
921 2545 1110 2580 definitum
1132 2546 1446 2592 necessariumque
1472 2547 1553 2580 exi-

114 2599 192 2627 tum
230 2594 351 2627 sortiri
381 2594 530 2636 volunt,
565 2596 630 2629 illo
663 2606 809 2641 quoque
845 2598 1007 2637 tempore
1042 2592 1261 2637 patefactum
1286 2598 1350 2627 est.
1398 2593 1489 2627 Nam
1515 2599 1552 2627 et

114 2640 220 2674 multi
254 2638 488 2674 multifariam
521 2647 721 2682 testantur,
767 2645 875 2686 atque
911 2641 990 2685 ipsa
1024 2639 1247 2685 experientia
1278 2650 1402 2674 vocem
1437 2640 1551 2673 veluti

112 2687 239 2733 procul
263 2687 410 2720 mittens
444 2687 571 2731 docet,
607 2699 727 2734 neque
750 2698 901 2733 magno,
921 2697 1040 2733 neque
1069 2697 1177 2732 parvo
1210 2686 1371 2720 militum
1400 2697 1550 2721 numero

113 2734 279 2772 adversus
304 2731 534 2781 desperantes
561 2740 676 2782 atque.
697 2733 743 2770 ad
774 2733 975 2781 periculum
1007 2732 1160 2780 quodvis
1180 2738 1324 2780 paratos
1370 2742 1446 2768 esse
1478 2743 1552 2779 pu·—
