1924 3164
306 154 418 223 554
687 171 906 212 1112N1uc1
955 170 1160 212 VALsssn
1199 172 1380 215 NOTAE

294 276 362 315 hic
391 274 611 315 Menander
641 281 778 313 narrat
805 273 1014 313 historiam
1034 304 1045 324 ‚
1076 288 1231 313 summa
1261 274 1454 315 duntaxat
1480 279 1609 330 capita
1637 277 1737 317 deli-

292 327 406 371 bans.
465 331 604 382 Itaque
631 329 738 381 quod
767 330 987 368 Menander
1014 329 1166 368 dixerat
1194 327 1409 380 ἑκτραπείς
1439 327 1520 370 dm)
1554 333 1629 371 τοῦ
1656 334 1739 371 Κι-

297 383 514 439 θαρίζων,
542 386 626 437 ipse
653 384 750 422 dicit
781 379 890 431 τό,τε
921 380 1173 436 Κιθαρίζων
1198 379 1244 422 τὸ
1273 381 1500 433 ςΡωμαίων
1533 382 1738 439 φρούριον

296 438 583 490 παραμείψας.
637 438 791 477 Eadem
822 438 951 478 forma
979 439 1125 478 dicitur
1155 435 1431 492 Χλωμάρων,
1465 439 1672 487 castellum
1697 443 1739 480 in

300 495 539 542 Arzanene,
571 493 684 531 cuius
724 494 905 533 meminit
942 494 1165 533 Menander
1202 493 1306 532 infra
1346 495 1386 532 in
1422 495 1496 533 hac
1523 496 1667 548 pagiua
1702 504 1742 535 et

297 547 627 602 Theophylactus
654 549 709 586 ‘in
739 547 844 587 libro
870 545 1056 590 seeundo.
1121 548 1312 587 Similiter
1342 545 1387 586 τὸ
1416 547 1645 601 Ἀφουμῶν
1676 564 1745 589 su-

299 619 374 657 pra
403 618 491 656 pag.
525 602 611 656 167.
643 603 707 653 B.,
734 606 846 642 cuius
872 605 1021 643 mentio
1051 603 1095 642 fit
1125 605 1244 642 etiam
1266 618 1290 642 a
1317 603 1516 657 Procopio
1546 612 1584 643 et
1607 605 1743 645 Theo-

298 658 500 713 pliylacto.

410 713 515 766 Pag.
540 713 629 753 126.
649 714 694 752 B.
715 713 831 767 [531‚
856 712 935 767 13]
965 713 1039 765 τῆς
1057 711 1298 766 πολιορκίας
1319 709 1358 752 οἶ
1386 710 1609 762 Ῥωμαῖοι.
1647 713 1747 752 Post

298 769 397 808 haec
427 768 661 807 collocanda
691 776 785 807 sunt
811 783 857 807 ea
876 798 886 818 ‚
928 783 1030 822 quae
1060 768 1184 813 habes
1221 783 1311 821 pag.
1355 767 1444 808 166.
1476 768 1528 805 D.
1554 783 1565 806 :
1617 763 1683 806 ὅτι
1717 766 1742 806 ὁ

307 821 497 876 Τιβέριος
525 830 599 862 etc.
631 823 850 877 deinceps3
892 839 995 877 quae
1022 823 1184 876 quidem
1212 823 1263 861 ad
1291 822 1385 862 libr.
1417 837 1455 876 7.
1485 818 1747 862 historiarum

302 878 518 924 Menandri
546 878 736 917 videntur
765 880 975 932 pertinere.

413 933 515 985 Pag.
543 933 634 974 168.
652 935 698 972 B.
720 933 833 988 [41η
859 933 916 987 1.]
948 928 1022 972 ἅτε
1043 928 1255 985 Χοσρόου.
1287 932 1551 972 scribendum
1563 933 1747 973 videtur:

301 985 496 1040 ἐκυρώθη
535 983 587 1026 ἄν
617 984 697 1027 εἴτε
724 984 920 1041 Χοσρόου
952 988 1193 1038 συνέβαινεν
1232 984 1295 1027 ἔτι
1333 987 1573 1040 περιόντος,
1606 1003 1747 1042 quem-

301 1043 520 1082 admodum
560 1042 700 1095 legisse
741 1044 904 1082 videtur
948 1045 1162 1096 interpres.
1229 1044 1416 1082 Ceterum
1462 1057 1506 1080 ex
1545 1043 1621 1081 hoe
1660 1043 1752 1082 loco

303 1098 512 1137 manifeste
537 1097 755 1151 colligitur,
792 1098 997 1137 Chosroe'n
1024 1099 1221 1137 seniorem
1250 1112 1376 1151 usque
1405 1098 1455 1136 ad
1484 1097 1635 1136 Tiberii
1662 1097 1751 1136 Au-

304 1154 409 1206 gusti
437 1154 707 1206 principatum
735 1154 963 1206 regnavisse
979 1182 991 1203 ,
1021 1154 1131 1206 quod
1162 1154 1282 1193 etiam
1311 1153 1520 1192 confirmat
1534 1152 1754 1206 Theophy-

302 1208 433 1249 lactus
462 1209 503 1246 in
547 1207 651 1247 libro
687 1209 726 1247 3.
756 1223 841 1261 cap.
878 1209 972 1258 16.;
1019 1208 1112 1247 licet
1149 1208 1265 1247 aliter
1310 1209 1483 1247 sentiant
1523 1208 1757 1260 Euagrius,

305 1263 525 1311 Cedrenus,
560 1262 720 1317 aliique.
776 1263 970 1302 Baronius
999 1264 1188 1302 Chosro'is
1216 1271 1388 1302 mortem
1408 1264 1557 1315 optime
1578 1276 1623 1301 ex
1643 1262 1754 1315 Aga-

304 1319 391 1357 thia
418 1318 632 1358 collocavit
660 1332 767 1357 anno
798 1319 945 1357 Christi
975 1333 1086 1373 ³797
1116 1319 1184 1372 qui
1215 1326 1274 1358 est
1301 1318 1456 1357 Tiberii
1482 1317 1652 1370 Augusti
1683 1331 1756 1356 an·

305 1388 381 1414 nus
410 1374 564 1426 primus
583 1404 592 1421 ,
623 1380 670 1411 ut
699 1374 793 1412 satis
820 1381 987 1414 constat.
1751 1406 1754 1410 Α

416 1428 516 1480 Pag.
539 1427 625 1471 168.
644 1427 690 1468 C.
704 1427 817 1481 [412,
844 1427 922 1481 10.]
952 1426 1287 1480 προσημῆναιτες
1304 1428 1440 1467 τοίνυν
1470 1423 1507 1466 οἶ
1528 1425 1757 1476 “Ρωμαι’ων

305 1481 512 1534 πρέσβεις.
568 1483 658 1521 Non
686 1482 879 1521 intellexit
906 1483 1015 1521 hune
1049 1483 1183 1521 locum
1214 1484 1424 1535 Interpres.
1468 1483 1558 1520 Mos
1589 1488 1674 1520 erat
1701 1481 1758 1520 le-

304 1544 516 1590 gatorum,
561 1551 644 1576 non
672 1536 948 1576 Romanorum
976 1538 1121 1585 modo,
1153 1538 1222 1576 sed
1261 1540 1381 1576 etiam
1410 1537 1652 1585 Persarum,
1693 1544 1757 1585 ut,

305 1606 399 1631 cum
430 1592 481 1631 ad
512 1592 668 1645 imperii
697 1590 865 1631 limitem
895 1594 1149 1631 accessissent
1172 1622 1184 1642 ⁷
1217 1592 1438 1631 adventum
1465 1605 1583 1630 suum
1610 1591 1758 1643 signifi-

308 1654 446 1686 carent
477 1647 548 1694 iis,
581 1647 632 1685 ad
660 1661 760 1699 quos
793 1648 1034 1695 veniebant,
1078 1647 1186 1699 quod
1213 1646 1511 1698 προσημαίνειν
1544 1646 1643 1684 dicit
1673 1647 1759 1684 Me-

310 1701 489 1751 nander,
519 1703 633 1740 euius
662 1702 962 1740 consuetudinis
989 1702 1214 1754 exemplum
1242 1701 1366 1740 habes
1395 1701 1437 1739 in
1466 1700 1535 1738 lib.
1572 1715 1605 1738 1.
1637 1700 1760 1739 histo-

307 1758 459 1796 riarum
489 1757 703 1795 Menandri
730 1770 822 1809 pag.
865 1757 955 1796 153.
986 1757 1032 1794 C.
1062 1761 1101 1795 e't
1130 1756 1236 1810 apud
1268 1757 1484 1795 Libanium
1511 1756 1554 1794 in
1582 1755 1761 1794 oratione

311 1810 513 1851 consulari
544 1812 595 1850 ad
626 1811 828 1850 Iulianum
856 1813 1144 1864 Imperatorem
1171 1826 1210 1864 p.
1241 1810 1335 1862 244.

420 1866 521 1918 Pag.
544 1865 822 1920 174.(].[425,
854 1866 942 1920 22.]
978 1866 1020 1913 ἐς
1051 1863 1103 1905 τά
1141 1865 1240 1918 περὶ
1274 1863 1607 1917 Κωνσταντίνην.
1663 1864 1764 1903 Post

309 1921 406 1961 haec
437 1921 561 1962 verba
590 1921 822 1960 collocanda
852 1929 945 1960 sunt
972 1922 1171 1974 Excerpta
1200 1935 1245 1959 ex
1277 1920 1347 1959 lib.
1359 1920 1417 1972 8.,
1445 1934 1548 1973 quae
1574 1919 1763 1972 leguntur

310 1991 399 2030 pag.
429 1975 608 2016 161.A.:
642 1970 706 2014 ὅτι
734 1975 832 2027 περί
860 1972 906 2015 τὸ
941 1973 1133 2028 δεύτερον
1164 1971 1266 2021 ἔτος.

419 2031 520 2084 Pag,
548 2031 639 2070 161.
671 2031 716 2069 Β.
739 2031 850 2085 [398‚
871 2029 932 2084 9.]
958 2027 1236 2082 Ἀναγκάστης
1272 2029 1474 2069 ἐνταῦθα.
1530 2029 1756 2083 Anagastus

310 2086 511 2125 Patricius
540 2093 788 2125 memoratur
816 2088 858 2125 in
890 2086 1092 2124 Chronico
1122 2085 1293 2124 Abbatis
1319 2084 1584 2123 Biclariensis.

419 2141 520 2193 Pag.
540 2141 627 2180 161.
648 2142 700 2179 D.
722 2141 834 2196 [599‚
864 2139 946 2194 11.]
978 2140 1022 2179 ἐν
1052 2136 1160 2179 ’ὀκτώ
1182 2136 1262 2192 γὰρ
1284 2139 1468 2191 μοίραις.
1524 2139 1650 2191 Atqui
1675 2138 1763 2177 Me-

311 2196 465 2235 nander
502 2210 622 2249 supra
666 2197 706 2235 in
744 2210 836 2249 pag.
872 2195 960 2235 108.
991 2196 1038 2233 B.
1074 2202 1247 2247 quatuor
1283 2195 1475 2233 duntaxat
1515 2194 1761 2247 principatus

311 2265 397 2289 esse
424 2252 651 2290 Turcorum
680 2251 834 2290 dixerat
855 2280 866 2300 ‚
912 2258 958 2289 ut
995 2250 1188 2288 alterutro
1219 2250 1260 2288 in
1299 2248 1388 2287 loco
1416 2248 1608 2287 mendum
1639 2248 1764 2286 latere

309 2319 468 2344 necesse
497 2308 572 2356 sit3
617 2306 723 2358 apud
752 2305 1099 2358 Theophylactum
1138 2306 1180 2342 in
1205 2304 1277 2343 lib.
1310 2319 1349 2357 7.
1369 2318 1455 2357 cap.
1481 2317 1518 2356 7.
1549 2302 1763 2356 Chaganus

314 2359 544 2399 Turcorum
562 2368 714 2412 septem
741 2375 782 2399 se
809 2361 987 2414 gentium
1015 2360 1225 2398 dominum
1257 2365 1387 2398 vocat.

426 2414 529 2466 Pag.
557 2415 647 2454 162.
671 2416 716 2454 C.
740 2415 855 2469 [4οι,
877 2414 931 2467 3.]
961 2411 1131 2453 ἱππείαν
1158 2412 1470 2466 ἕσαθ’ροίσουσι.
1500 2410 1639 2449 Scribe
1667 2409 1766 2450 ἕσα-

315 2466 542 2522 θρήσουσι,
573 2477 619 2507 ut
646 2471 806 2509 videtur
835 2470 973 2523 legisse
991 2468 1280 2519 Cantoclarus;
1309 2467 1378 2506 sed
1405 2466 1471 2504 hic
1499 2465 1610 2504 locus
1637 2479 1763 2517 prava

312 2524 633 2577 interpunctione
664 2532 876 2578 corruptus
895 2532 953 2563 est
974 2553 986 2573 ‚
1017 2524 1126 2576 quod
1146 2523 1308 2576 q'uidem
1323 2522 1448 2560 miror
1474 2520 1524 2558 ab
1542 2521 1768 2572 interprete

313 2593 396 2618 non
438 2579 761 2617 animadversum
806 2580 940 2618 fuisse.
1000 2580 1100 2628 Quis
1130 2579 1235 2616 enim
1266 2591 1345 2615 non
1375 2575 1518 2623 videt,
1550 2574 1763 2627 legendum

314 2649 397 2681 esse
425 2631 639 2673 continue:
672 2631 754 2684 εἴγε
783 2631 859 2686 τὴν
893 2635 985 2672 κατ’
1027 2633 1102 2683 ἐμὲ
1136 2630 1304 2671 ἱππείαν
1351 2627 1639 2681 ἐσαθρήσουσι
1677 2623 1762 2678 μοί-

315 2703 450 2739 onya.
507 2689 629 2728 Verte
659 2689 779 2740 igitur
802 2703 811 2726 :
844 2698 879 2726 ec
914 2689 960 2726 V
954 2689 1181 2726 armonicae
1206 2686 1359 2741 quidem
1393 2693 1520 2738 utpote
1550 2684 1766 2722 Turcorum

301 2745 482 2796 famuli,
518 2758 603 2783 cam
634 2743 812 2792 voluero,
856 2744 912 2781 ad
937 2758 994 2782 mc
1019 2743 1218 2790 redibunt,
1248 2750 1284 2779 et
1306 2740 1531 2792 simulalqtoe
1552 2737 1767 2792 flagellum
