1924 3164
345 162 454 221 352
916 180 1203 223 ExcEnPTA
1242 219 1246 223 .
1279 186 1284 191 ’

159 283 421 339 Δ.Ο.569τη’ν
447 281 666 337 Λαζικήν·
705 279 883 338 στεῤῥοῖς
922 297 966 324 τε
1009 278 1116 324 εἶναι
1144 281 1216 324 καί
1241 278 1484 339 ἕῤῥωμένας
1520 283 1600 335 τὰς
1625 286 1784 342 avr-‘3724
1822 315 1825 317 ,

144 332 450 416 Ῑυεῐέὲὲὲκας,
490 348 563 391 καί
602 353 766 402 κρατεῖν
821 343 1106 402 ἑκασταχόσε,
1145 350 1271 390 τοῦτο
1314 350 1392 400 μὲν
1434 348 1557 392 κατὰ.
1580 350 1656 407 τὴν
1699 354 1786 404 ἕω,

312 419 466 459 (Ξτοῧτο
496 416 541 456 δὲ
567 415 641 455 καί
668 411 788 470 [κατὰ
817 411 908 469 τήν]
939 412 983 455 ἐν
1006 414 1230 472 Ἀρμενίᾳ,
1260 412 1366 456 ἀλλὰ
1394 413 1475 471 γὰρ
1504 418 1580 458 καί
1602 416 1648 459 ἐν
1675 418 1782 474 αὕτη

342 482 475 538 δήπου
525 482 578 537 τῇ
627 480 821 536 Λαζικῇ,
878 477 984 523 οὕτω
1029 481 1175 533 μέντοι
1217 477 1274 528 ὥς
1319 478 1542 534 τριάκοντα
1581 483 1781 536 χιλιάδας

341 548 509 603 ἐτησίας
535 546 717 601 χρυσίου
747 546 999 598 νομίσματος
1026 545 1319 601 ἀποφέρεσθαι
1358 547 1536 602 Πέρσας
1563 549 1638 603 τῆς
1666 546 1809 603 εἰρή-5

230 615 411 668 Ἶ.92νης
447 613 564 653 ἕνεκα
600 608 683 652 ἀπὸ
715 609 949 664 Ῥωμαίων.
1003 609 1241 667 ἐβεβαιώθη
1287 613 1334 653 δὲ
1362 613 1507 665 τοῦτο,
1541 609 1648 655 ὥστε
1671 612 1788 656 ‘Pm-

339 680 493 733 μαίους
531 675 576 718 έν
618 675 747 730 ὃμάδι
784 677 997 727 δεκαετίας
1042 676 1255 732 ποσότητα
1293 670 1614 733 προπαρασχεῖν
1641 675 1790 732 οὕτω,

340 744 603 800 παραχρῆμα
641 744 718 796 μὲν
755 742 958 784 ἐνιαυτῶν
985 738 1116 795 ἑπτὰ,
1162 743 1235 784 καί
1272 742 1379 796 μετὰ
1409 742 1484 799 τήν
1511 746 1596 786 τῶν
1625 742 1656 796 ζ’
1686 744 1789 786 ἐτῶν
1839 765 1841 767 ·

339 807 619 865 παραδρομὴν
628 843 642 863 ,
698 807 774 850 οὐκ
824 810 867 857 ἐς
916 806 1128 864 ἀναβολήν
1147 841 1159 862 ,
1201 811 1468 851 κατατιθέναι
1495 812 1588 851 ’τῶν
1633 810 1790 853 λοιπῶν

345 876 472 932 τριῶν
520 876 623 916 ἐτῶν
659 871 735 928 τήν
774 875 1041 916 συντέλειαν·
1081 869 1160 915 εἷθ’
1200 871 1307 916 οὕτω
1350 877 1445 918 καθ’
1485 876 1661 918 ἕκαστον
1697 873 1845 924 ἔτοςιο
1890 900 1898 911 1

343 939 598 997 πορίζεσθαι
625 939 804 996 Πέρσας
831 937 883 981 τὰ
910 936 1141 993 ὡρισμένον
1169 939 1438 983 ἐνιαυσιαῖον.
1494 939 1612 993 ἔδοξε
1639 942 1686 983 δὲ
1719 942 1794 984 καί

343 1007 444 1063 περὶ
469 1008 547 1049 τοῦ
573 1006 897 1062 κατασκαφῆναι
930 1003 1003 1047 τὸν
1029 1002 1306 1062 μοναστήριον
1334 1002 1444 1048 οἷκον
1472 1005 1546 1048 τὸν
1573 1006 1792 1060 λεγόμενον

345 1071 531 1127 Σεβανὸν
572 1074 645 1114 καί
682 1071 903 1128 ἱδρυμένον
931 1073 975 1113 ἐν
1002 1076 1089 1120 τοῖς
1115 1072 1332 1127 μεθορίοις
1349 1105 1362 1125 ,
1393 1070 1466 1114 καὶ
1493 1071 1793 1127 ἀπολήψεσθαι

308 1140 591 1192 ΒςΡωμαιόυς
617 1136 692 1180 τὸν
720 1135 867 1189 τόπον,
900 1134 1127 1189 “.Ρωμαίων
1153 1138 1232 1190 μὲν
1259 1141 1502 1188 καθεστῶτα
1530 1138 1599 1179 ἀπ’
1632 1138 1792 1193 ἀρχῆς,

345 1207 534 1260 Περσῶν
574 1205 619 1245 δὲ
658 1199 1099 1259 παρασπονδησάντων
1146 1201 1219 1244 καί
1259 1203 1305 1245 ἐν
1346 1205 1506 1261 κατοχῇ
1532 1203 1680 1246 τούτου
1709 1199 1846 1259 ἦδηιὸ

345 1271 589 1326 γενομένων,
621 1270 752 1323 τείχει
778 1284 821 1310 τε
851 1271 1256 1325 κατησφαλισμένων
1282 1267 1328 1311 τὸ
1359 1266 1614 1325 ἱλαστήριον.
1671 1267 1710 1311 οἱ
1733 1269 1796 1311 -δὲ

347 1334 453 1377 ἀλλὰ
481 1334 558 1391 γὰρ
590 1330 687 1376 οὔτε
715 1335 758 1384 ές
784 1335 921 1376 τέλεον
948 1336 1248 1387 κατέσκαψαν,
1278 1329 1374 1376 οὔτε
1401 1333 1487 1390 μὴν
1536 1333 1796 1390 ἐνεχείρισαν

343 1401 589 1453 “Ρωμαιὀις.
616 1397 751 1442 ταῦτά
769 1416 833 1441 τοι
855 1400 955 1442 οὐδὲ
975 1398 1019 1441 ἒν
1038 1406 1130 1449 ταῖς
1148 1401 1348 1449 σπονδαῖς
1375 1398 1618 1457 ἐμφέρεται,
1650 1402 1796 1457 ἐστέρ-

346 1471 437 1523 χθη
477 1469 522 1509 δὲ
560 1464 667 1508 ὥστε
704 1464 777 1515 τοὶς
814 1467 1038 1520 λεγομένας
1073 1467 1127 1521 τῇ
1154 1467 1354 1508 Λατίνων
1396 1468 1595 1524 διαλέκτῳ
1634 1467 1797 1522 σάκρας

350 1536 394 1584 ἐξ
422 1530 583 1588 οἷμφοῖν
611 1536 700 1574 τοῖν
728 1533 941 1585 βασιλέοιν
969 1526 1105 1572 αὐτοῦ
1142 1529 1491 1586 ἐπικομισθῆναι,
1528 1528 1851 1586 ἐπιβεβαιοῦ-ῃο

350 1615 429 1648 σας
460 1596 637 1651 ἅπαντα,
664 1593 742 1645 ὅσα
770 1594 873 1651 πρὸς
900 1598 984 1639 τῶν
1011 1597 1227 1653 πρέσβεων
1255 1595 1552 1650 έμπεδωθέντα
1582 1595 1800 1651 ἐτύγχανε.

351 1664 425 1707 καὶ
459 1665 602 1707 τοίνυν
642 1661 694 1706 τὰ
729 1660 870 1706 τοιάδε
907 1663 1058 1718 ἐστάλη
1099 1660 1266 1706 αὐτόθι.
1324 1664 1554 1718 ξυνέβησαν
1581 1664 1628 1704 δὲ
1655 1665 1728 1705 καὶ
1754 1663 1799 1712 ἐς
1846 1706 1854 1710 ,

445 1758 477 1792 3.
505 1752 600 1789 κατὰ
625 1745 694 1796 τῆν
713 1755 816 1787 uncis
843 1752 992 1787 inclusit
1014 1754 1052 1786 B.
1132 1779 1134 1781 .
1171 1753 1203 1787 5.
1229 1753 1386 1794 Πέρσας
1411 1753 1469 1794 Η;,
1497 1753 1671 1799 Πέρσαις
1701 1752 1796 1798 vulg.

447 1815 478 1848 7.
503 1803 545 1836 ἐν
575 1800 692 1848 ὄμοὶδι
717 1801 820 1841 Vah,
844 1799 1005 1846 ἐνομάδι
1027 1800 1122 1845 vulg.
1217 1801 1249 1833 8.
1275 1801 1458 1835 ἐνιαυτῶν
1483 1800 1583 1841 val„
1615 1800 1698 1834 ἔνια
1723 1801 1799 1835 τῶν

446 1851 542 1896 vulg.
641 1860 692 1883 ιι.
717 1846 962 1894 πορίζεσθαι]
993 1848 1222 1893 κομίζεσθαι
1246 1847 1339 1880 coni.
1366 1847 1404 1880 B.
1505 1849 1677 1894 Πέρσαις
1703 1846 1798 1881 coni.

448 1897 492 1930 N.
592 1907 644 1942 ¹7·
671 1895 910 1941 ἐνεχείρισαν
935 1895 998 1935 Η.,
1025 1894 1239 1939 ἐνεχείρησε
1261 1894 1355 1940 vulg.

355 1982 438 2014 rent
465 1982 503 2010 et
535 1975 674 2021 ubique
713 1974 1011 2014 observarentur,
1045 1977 1082 2006 et
1105 1984 1171 2018 per
1196 1972 1406 2015 Orientem,
1443 1978 1480 2008 et
1503 1984 1569 2019 per
1593 1973 1801 2008 Armeniam

357 2032 396 2060 et
406 2036 471 2070 per
494 2025 610 2069 ipsam
635 2033 781 2068 quoque
802 2022 985 2054 Lazicam:
1012 2021 1064 2053 sic
1087 2025 1209 2054 tamen
1234 2026 1276 2054 ut
1298 2020 1448 2066 triginta
1472 2031 1664 2055 aureorum
1682 2020 1801 2062 millia

357 2072 508 2116 singulis
541 2070 645 2102 annis
682 2078 747 2112 pro
786 2078 875 2113 pace
900 2068 1052 2100 Romani
1077 2067 1192 2100 Persis
1215 2073 1459 2111 praestarent:
1495 2067 1540 2100 de
1575 2077 1618 2100 eo
1651 2076 1801 2113 quoque

359 2122 625 2156 convenerunt,
668 2120 710 2148 ut
735 2114 858 2148 decem
879 2124 1055 2148 annorum
1081 2113 1258 2147 tributum
1282 2126 1354 2148 una
1377 2116 1478 2159 prius
1503 2114 1723 2154 solveretur,
1747 2113 1802 2147 ita

359 2171 403 2199 ut
440 2169 578 2209 septem
611 2173 789 2196 annorum
824 2171 962 2194 summa
1002 2161 1186 2205 praesenti
1231 2162 1408 2205 pecunia,
1439 2162 1550 2194 trium
1575 2161 1802 2205 reliquorum

359 2223 551 2250 annorum,
577 2211 641 2256 qui
667 2209 854 2242 restabant
871 2219 915 2242 ex
942 2207 1079 2248 decem,
1105 2207 1228 2241 statim
1252 2213 1335 2252 post
1358 2213 1545 2252 peractum
1570 2208 1822 2254 septenniumx

361 2258 601 2303 penderetur3
637 2254 771 2288 deinde
799 2266 864 2300 per
900 2255 1060 2300 reliquos
1085 2255 1245 2299 singulos
1270 2265 1383 2288 annos
1410 2264 1454 2287 ex
1478 2254 1718 2288 conventione
1742 2264 1803 2287 so-

360 2306 454 2338 lutio
481 2304 592 2337 fieret.
640 2303 770 2337 Actum
795 2312 941 2347 quoque
966 2306 1021 2334 est
1046 2300 1091 2334 de
1117 2301 1296 2335 diruenda
1329 2302 1528 2335 monastica
1554 2301 1681 2339 domo,
1706 2310 1802 2345 quae

361 2350 527 2385 Sebanus
567 2355 741 2389 vocatur,
785 2348 973 2381 aedificata
1016 2348 1055 2379 in
1094 2348 1318 2388 confinibus,
1358 2348 1459 2380 cuius
1498 2358 1617 2380 aream
1651 2346 1804 2380 Romani

361 2399 578 2441 acciperent.
627 2395 771 2430 Etenim
810 2395 855 2429 ab
887 2394 996 2428 initio
1021 2396 1265 2428 Romanorum
1299 2395 1436 2428 fuerat:
1474 2394 1631 2428 sedeam
1663 2393 1804 2434 Persae,

363 2455 442 2478 cum
469 2453 594 2487 pacem
618 2445 820 2487 rupissent,
846 2447 1130 2485 occupaverant,
1156 2446 1194 2474 et
1218 2453 1298 2476 cum
1322 2441 1361 2474 in
1385 2441 1462 2474 eius
1486 2441 1714 2485 possessione
1738 2439 1803 2474 diu

362 2491 543 2530 fuissent,
578 2488 670 2522 hanc
710 2489 837 2522 aedem
880 2488 1072 2522 moenibus
1111 2492 1308 2533 sepserant.
1362 2486 1444 2521 Non
1472 2493 1595 2521 tamen
1631 2487 1687 2520 illi
1724 2497 1805 2520 eam

362 2537 529 2570 funditus
553 2535 718 2569 demoliti
743 2540 846 2576 sunt,
879 2546 998 2580 neque
1023 2535 1192 2576 Romanis
1227 2533 1466 2568 tradiderunt.
1515 2534 1678 2568 Foedera
1705 2531 1804 2567 enim

364 2584 411 2618 de
451 2594 493 2616 ea
526 2592 563 2614 re
601 2581 696 2614 nihil
729 2584 922 2626 quicquam
955 2581 1200 2615 continebant.
1251 2581 1476 2617 conventum
1516 2582 1622 2615 etiam
1648 2579 1737 2620 fuit,
1762 2585 1805 2618 ut

365 2632 532 2669 litterae,
557 2639 646 2674 quas
677 2638 792 2661 sacras
810 2629 938 2661 Latina
963 2628 1088 2672 lingua
1111 2631 1242 2662 vocant
1257 2652 1266 2668 ,
1292 2627 1338 2659 ab
1363 2628 1541 2673 utrisque,
1563 2635 1600 2662 et
1623 2626 1668 2661 ab
1683 2626 1804 2669 lmpe-

366 2683 497 2717 ratore,
522 2680 560 2709 et
582 2684 712 2719 arege,
736 2675 981 2715 adferrentur,
1007 2674 1141 2720 quibus
1172 2678 1265 2707 ratas
1280 2673 1460 2707 haberent
1489 2680 1525 2708 et
1551 2674 1805 2708 confirmarent

365 2725 463 2769 pacis
487 2721 736 2762 conditiones,
773 2720 817 2753 de
843 2721 976 2765 quibus
1001 2722 1109 2766 legati
1135 2725 1398 2754 consenserant.
1447 2722 1493 2754 Et
1516 2720 1586 2756 hae
1611 2719 1804 2754 confestim

367 2772 458 2806 illue
473 2774 558 2804 sunt
573 2768 712 2803 missae.
740 2766 1023 2802 conditionibus
1041 2779 1187 2814 quoque
1205 2766 1424 2813 adscriptum
1444 2773 1533 2810 erat,
1558 2773 1599 2803 ut
1611 2765 1805 2814 separatim
