1924 3164
291 187 404 244 326
870 200 1147 243 Excfflr‘m

109 304 335 361 A.C.577a1
363 308 580 347 πολιτεῖαι.
636 302 709 345 καί
733 300 947 358 Μεβιόδης
973 303 1052 356 μὲν
1081 298 1341 359 ἰσχυρότατοί
1368 317 1457 352 πως
1481 298 1724 354 οἷπομνύμε-ζ

143 362 219 395 lud.
239 375 277 397 ιο

95 405 225 442 Iustini
238 411 275 445 13

289 386 355 420 νος
382 367 457 426 ἧν,
487 369 542 418 ὦς
565 368 763 422 βούλεται
790 370 849 425 τῷ
861 370 1054 423 Καίσαρι
1078 364 1383 424 χρησιμώτατα
1410 368 1585 417 ἐξειπεῖν
1602 369 1625 391 ⁴*
1656 366 1725 407 αι’-

286 437 529 492 τήσασθαι,
567 433 639 476 καί
669 435 748 488 μὲν
784 433 837 489 δὴ
879 432 1212 489 ἐπιτηδειότατος
1259 429 1371 475 εἶναί
1393 430 1458 474 οἱ·
1501 433 1726 487 Ζαχαρίας

288 504 358 554 δὲ,
397 502 437 542 εἰ
473 496 600 543 οἷόντε
647 499 711 555 εἴη
763 497 1048 556 λαθραιότατα
1092 501 1166 543 καί
1216 495 1364 556 ἥκιστα
1402 499 1723 551 ἐξεπισταμένου

286 566 396 616 τινος
449 565 556 621 ὑπὲρ
613 567 687 621 τῆς
724 563 882 617 πόλεως
918 567 996 607 τοῦ
1023 563 1171 622 Δάρας
1208 565 1334 622 ῥητόν
1359 580 1400 607 τι
1427 564 1751 619 παρασχέσθαι5

283 631 474 686 χρυσίονᾼ
530 632 752 688 Ζαχαρίας
789 633 835 674 δὲ
879 630 1037 689 ἔφασκε
1074 630 1125 674 τοὶ
1173 630 1336 684 τοιοίδε,
1379 629 1726 685 ἐπιτετραμμένον

246 697 404 756 Βαύτῷ
442 695 548 753 πρὸς
584 699 660 740 τοῦ
695 698 939 752 Καίσαρος,
981 697 1057 739 ov'x
1099 699 1143 747 ἐς
1183 695 1231 740 τὸ
1261 697 1470 753 ἐμφανὲς,
1513 695 1614 736 ου’δὲ
1639 691 1726 749 μὴν

283 760 430 818 ἑτέρου
458 765 775 818 ἐξεπισταμὲνου
805 762 930 816 τινὸς,
965 758 994 818 ἢ
1028 764 1276 820 Μαυρικίου
1315 764 1391 804 τοῦ
1422 761 1606 804 Παύλου
1623 793 1638 814 ,
1668 757 1724 802 τὰ

281 826 468 882 μάλιστα
503 827 758 872 εὔνούστατα
812 829 870 878 οὖς
910 827 985 871 τὸν
1026 829 1232 885 Καίσαρα
1269 825 1551 883 ἐχοντος,“ὃς
1594 828 1640 870 ἐν
1666 827 1728 885 τῷ

283 892 378 937 τότε
405 892 479 936 τὸν
514 896 726 949 βασίλειον
764 895 930 938 ἰθύνειν
958 892 1225 950 ἐκληρώσατο
1253 892 1398 948 λόγον·
1438 890 1548 936 ὥστε
1577 893 1781 946 α’μέλειιο

282 961 393 1015 μηδὲ
418 958 526 1016 πρὸς
552 963 637 1002 ταῖν
662 962 888 1015 βασιλείων
923 962 1124 1017 γραφέων
1160 959 1213 1003 τὰ
1241 961 1339 1015 περὶ
1363 962 1442 1002 τοῦ
1466 961 1631 1002 τοιοῦδε
1657 974 1727 1013 γε-

280 1023 503 1082 γράφθαι,
543 1028 603 1084 τῷ
640 1024 757 1079 μάλα
794 1028 840 1068 ἐν
885 1025 1142 1084 παραβύστῳ
1186 1022 1296 1068 εἶναι
1324 1024 1378 1067 τὰ
1416 1027 1726 1079 βεβουλευμένα

280 1094 340 1147 τῷ
368 1089 572 1147 Καίσαρι.
627 1090 781 1149 γράφει
823 1094 861 1134 δ’
892 1089 967 1135 οὖν
996 1093 1246 1148 Ζαχαρίας,
1297 1090 1353 1141 ὥς
1379 1090 1511 1140 εἴποις
1551 1088 1605 1132 σὺ
1629 1092 1728 1132 Με-

279 1154 420 1211 βώδης
447 1155 581 1212 λύτρα
610 1158 737 1213 δῆθεν
765 1160 844 1200 τοῦ
867 1159 1013 1213 Δάρας
1033 1157 1107 1200 τὸν
1132 1160 1312 1212 βασιλέα
1332 1155 1590 1210 κομίσασθαι
1605 1158 1727 1212 Περ-

282 1223 396 1275 σῶν,
438 1223 552 1281 αὐτῷ
577 1222 848 1280 πεισθήσεται
879 1223 901 1265 ὅ
929 1227 1105 1279 Καῖσαρ
1137 1221 1191 1266 τοὶ
1218 1223 1421 1279 χρήματα
1449 1218 1781 1276 καταθήσειν,15

280 1287 356 1329 καί
382 1285 433 1342 δὴ
465 1289 542 1329 οὐκ
569 1289 613 1338 ἐς
640 1287 864 1345 οἷναβολήν.
904 1291 1039 1332 ταῦτα
1067 1292 1209 1332 τοίνυν
1235 1288 1481 1344 Ζαχαρίου,
1510 1288 1550 1329 εἰ
1567 1288 1641 1328 καί
1665 1285 1727 1342 μὴ

281 1348 559 1409 ἇναφανδόν,
588 1354 937 1409 ὖπαινιττομένου
966 1356 1012 1397 δὲ
1041 1352 1157 1409 ὅμως
1183 1357 1240 1412 τῷ
1260 1352 1480 1410 Μεβώδῃ,
1508 1348 1632 1394 οῦδὲν
1659 1348 1729 1406 ὅγε

280 1415 442 1473 ἔφασκε
471 1418 571 1475 περὶ
594 1417 744 1462 τούτου
789 1419 1102 1476 ἐπιτετράφθαι
1143 1419 1245 1476 πρὸς
1270 1422 1345 1463 τοῦ
1370 1420 1580 1472 βασιλέως
1607 1421 1728 1473 Περ-

282 1483 392 1537 σῶν,
434 1484 535 1526 ου’δὲ
571 1484 657 1540 μήν
691 1485 917 1536 ἀ’νὲξεσθαι
945 1481 1049 1534 ὅλως
1077 1486 1150 1527 ἐπὶ
1175 1484 1367 1541 χρήμασι
1403 1486 1650 1537 μεταθεῖναι
1676 1481 1726 1525 τὰ

284 1546 447 1604 Δάρας.
503 1551 791 1605 διεβεβαιοῦτο
836 1550 992 1606 ἐζιιπης,
1028 1553 1102 1593 καί
1139 1547 1278 1606 ὅρκοις
1321 1549 1433 1593 τισίν
1469 1550 1654 1591 ἐπετίθει
1680 1546 1785 1593 τόαο,

159 1612 460 1668 Ρ-124πιστόν,
490 1613 546 1664 ὥς
573 1618 647 1659 νῦν
680 1617 720 1659 εἰ
744 1619 988 1672 προέλθοιεν
1015 1616 1060 1658 αἱ
1081 1618 1310 1673 ξυνθῆκαι,
1340 1612 1514 1671 ὕστερον
1542 1616 1730 1657 αἰτοῦντι

278 1682 339 1737 ’τῷ
370 1683 562 1737 Καίσαρι
587 1679 739 1725 δώσειν
766 1679 903 1738 ὥσπερ
945 1679 1154 1738 ἐξαίρετόν
1194 1699 1237 1724 τι
1276 1683 1413 1736 δῶρον
1449 1679 1518 1723 τὸν
1550 1681 1730 1735 βασιλέα

380 1772 410 1794 ι.
433 1757 569 1806 ἔπομν.
598 1759 670 1794 Val.
742 1763 774 1796 3.
803 1761 842 1795 οἱ
871 1759 970 1814 εἶναι
998 1760 1042 1794 Η.
1071 1772 1139 1808 mg.
1211 1761 1244 1806 4.
1271 1759 1355 1794 Post
1386 1758 1427 1794 δὲ
1456 1759 1524 1793 ins.
1550 1758 1659 1806 ἤρετο
1682 1760 1728 1793 Ν.

376 1807 433 1847 εἴη
457 1806 521 1847 N„
544 1808 580 1839 εἰ
603 1807 696 1850 vulg.
791 1819 822 1853 7.
836 1819 916 1853 μην
939 1806 1038 1848 val„
1062 1809 1195 1853 μεῖναι
1226 1806 1322 1850 vulg.
1414 1819 1447 1853 9.
1470 1805 1520 1844 ὥς
1542 1808 1636 1852 vulg.
1662 1818 1728 1852 pro

377 1851 498 1941 {ti-nnc
524 1854 602 1934 igi.
616 1854 818 1933 ἐαχαρίᾳ,
844 1855 914 1895 ὥς,
939 1855 973 1887 εἰ
1001 1854 1106 1899 λέγοι
1132 1861 1196 1888 σοι
1218 1856 1310 1898 Μεβ.
1336 1852 1377 1887 Ν.
1495 1866 1554 1890 20.
1577 1854 1618 1890 δὲ
1643 1859 1729 1888 ante

284 1983 461 2018 Mebodes
485 1988 731 2019 asseveranter
755 1985 972 2027 affirmavit,
1004 1986 1076 2021 sibi
1106 1988 1146 2021 in
1174 1987 1295 2022 animo
1321 1997 1419 2030 esse,
1457 1997 1549 2033 quae
1572 1985 1728 2019 maxime

288 2031 436 2064 Caesari
469 2031 684 2076 expedirent
707 2043 933 2076 proponere,
968 2038 1005 2066 et
1029 2033 1086 2066 illi
1113 2046 1222 2080 quam
1242 2035 1401 2068 maxime
1423 2044 1559 2067 morem
1617 2042 1727 2066 erere.

287 2077 474 2111 Zacharias
511 2083 631 2111 autem
665 2080 822 2123 rogavit,
861 2090 908 2113 an
933 2079 1011 2112 fieri
1034 2085 1176 2124 posset,
1200 2085 1242 2114 ut
1268 2091 1416 2122 aurum,
1454 2081 1486 2114 si
1509 2089 1580 2125 quo
1632 2083 1730 2111 esset

290 2127 508 2164 conventum
533 2135 599 2168 pro
628 2124 772 2158 civitate
793 2125 903 2158 Daras
918 2151 928 2167 ,
961 2126 1052 2159 clam
1073 2126 1241 2161 omnibus
1275 2132 1313 2161 et
1341 2128 1487 2161 nemine
1507 2125 1547 2159 id
1567 2126 1728 2158 rescien-

288 2174 326 2203 te
358 2171 569 2203 solveretur.
618 2171 802 2204 Zacharias
834 2171 928 2205 dixit
950 2171 1039 2212 hoc,
1084 2173 1170 2218 quia
1194 2185 1215 2207 a
1243 2173 1391 2207 Caesare
1418 2173 1489 2206 hoc
1519 2171 1728 2205 mandatum

289 2216 530 2250 occultissime
555 2216 627 2250 sibi
653 2217 829 2251 creditum
857 2222 956 2259 erat,
975 2229 1095 2264 neque
1120 2220 1196 2253 ullo
1220 2220 1293 2254 alio
1319 2220 1475 2260 conscio,
1499 2229 1606 2265 quam
1621 2218 1728 2251 Mau-

289 2263 399 2302 ricio,
425 2263 525 2295 Pauli
554 2263 642 2303 filio,
668 2265 732 2310 qui
745 2265 890 2298 Caesari
915 2264 1010 2299 bene
1035 2276 1081 2298 ex
1105 2265 1225 2299 animo
1250 2266 1439 2312 cupiebat,
1464 2270 1501 2300 et
1524 2271 1611 2298 tunc
1633 2269 1728 2296 tem-

287 2308 387 2354 poris
420 2309 595 2353 principis
627 2311 782 2344 rationes
815 2311 982 2352 curabat,
1023 2316 1065 2344 ut
1096 2323 1144 2345 ne
1183 2313 1278 2346 ullus
1311 2313 1461 2358 quidem
1495 2310 1726 2356 Imperatoris

276 2354 485 2387 “scribarum
511 2357 706 2401 quicquam
731 2357 843 2391 devea
868 2368 906 2390 re
931 2357 1104 2402 scriptum
1129 2357 1300 2399 haberet,
1325 2369 1397 2404 quo
1424 2358 1582 2391 Caesaris
1608 2357 1728 2390 consi-

289 2401 339 2434 lia
365 2400 558 2434 secretiora
593 2409 723 2436 essent.
771 2405 899 2450 Itaque
929 2404 1073 2448 scripsit
1096 2405 1143 2438 ad
1167 2404 1395 2445 Zachariam,
1430 2405 1462 2437 si
1491 2404 1562 2449 ipsi
1592 2403 1728 2437 Mebo-

291 2447 353 2480 des
387 2447 638 2491 polliceretur,
684 2461 803 2494 regern
827 2451 1009 2484 Persarum
1035 2456 1264 2496 accepturum
1291 2451 1462 2495 pecunias
1486 2462 1551 2495 pro
1579 2449 1728 2484 redem-

292 2494 419 2539 ptione
445 2491 545 2527 urbis
571 2494 703 2535 Daras,
740 2496 927 2529 Caesarem
951 2497 1052 2530 nulla
1076 2507 1176 2531 mora
1198 2497 1414 2541 interposita
1437 2498 1628 2541 pecuniam
1652 2507 1725 2529 nu—

288 2545 506 2575 meraturum
532 2550 619 2573 esse.
672 2542 768 2575 Haec
792 2554 869 2575 cum
893 2555 965 2576 non
997 2549 1121 2588 aperte
1153 2542 1320 2588 quidem,
1354 2542 1418 2576 sed
1454 2541 1725 2576 obscurioribus

287 2586 407 2620 verbis
430 2586 614 2619 Zacharias
638 2587 786 2621 Mebodi
812 2589 1014 2630 indicaret,
1046 2588 1233 2634 respondit
1255 2588 1452 2630 Mebodes,
1485 2589 1580 2622 nihil
1606 2588 1678 2622 sibi
1703 2597 1725 2620 a

288 2644 371 2678 rege
397 2633 580 2665 Persarum
597 2630 650 2678 'de
675 2645 716 2666 ea
739 2646 776 2667 re
802 2636 1030 2676 mandatum,
1063 2646 1182 2680 neque
1207 2635 1354 2669 omnino
1379 2646 1498 2679 regem
1521 2636 1634 2669 Daras
1659 2644 1724 2680 pro

289 2680 455 2724 pecuniis
491 2678 636 2714 restitui
670 2691 857 2724 passurum
894 2694 981 2715 esse.
1029 2682 1275 2715 Nihilominus
1311 2687 1434 2715 tamen
1461 2686 1636 2714 conventa
1664 2681 1724 2713 'res

291 2731 345 2760 est
371 2730 406 2759 et
432 2725 650 2773 quibusdam
672 2726 883 2762 iuramentis
910 2728 998 2763 fides
1020 2728 1213 2774 praestita:
1237 2729 1269 2762 si
1285 2728 1557 2770 conventiones,
1581 2733 1622 2762 ut
1638 2731 1725 2760 tune
