1924 3164
336 189 356 225 1
368 190 402 244 9
410 191 442 226 o
913 186 1191 243 EXCERPTA

153 298 324 344 A.C.448
336 293 612 345 κλειομένων,
649 284 777 345 ἄχρις
817 284 914 331 ὅτου
953 305 1015 338 τις
1043 286 1283 341 ὖπεξελθών
1311 287 1388 345 τὴν
1414 290 1619 348 ἡμετέραν
1645 284 1777 347 μηνῦα

133 346 290 426 Theffid·
306 359 318 381 ¹
334 372 444 400 σειεν
472 350 629 413 ἄφιξιν,

265 394 316 440 '4¹
454 421 727 475 Διατρίβοντι
769 421 817 462 δέ
862 436 936 474 μοι
989 419 1065 462 καί
1112 419 1366 476 περιπάτους
1411 422 1646 480 ποιουμένῳ
1694 421 1775 476 πρὸ

326 489 401 530 τοῦ
428 485 656 542 περιβόλου
684 486 766 528 τῶν
796 485 1060 541 οἰκημάτων,
1087 483 1334 543 προσελθών
1360 501 1424 536 τις
1441 519 1455 539 ,
1485 482 1534 528 ὃν
1556 484 1775 544 ’βάρβαρον

321 555 372 594 ’ἐκ
408 553 480 606 τῆς
518 552 728 607 Σκυθικῆς
768 545 912 609 ᾠήθην
941 549 1049 594 εἶναι
1076 554 1252 607 στολῆς,
1286 552 1500 610 Ἑλληνικῇ
1538 548 1800 605 ἆσπάζεταίὸ

324 633 379 670 με
409 618 552 673 φωνῇ,
582 618 758 672 ,,χαῑ’ρε”
779 615 1039 671 προσειπών,
1070 615 1179 660 ὥστε
1202 634 1256 669 με
1277 616 1530 672 θαυμάζειν,
1560 614 1624 660 ὅτι
1648 634 1694 672 γε
1719 616 1773 674 δὴ

323 679 528 738 ἑλληνίζει
542 680 711 738 Σκύθης
738 678 856 739 ἀνήρ.
883 681 1107 737 ξύγκλυδες
1132 681 1214 739 γάρ
1243 678 1354 733 ὄντες
1381 682 1487 739 πρὸς
1513 685 1567 741 τῇ
1591 685 1775 741 σφετέρᾳ

324 744 528 805 βαρβάρῳ
573 747 739 805 γλώσσῃ
781 749 978 803 ζηλοῦσιν
1014 744 1042 803 ἢ
1080 746 1156 804 τὴν
1199 743 1370 791 Οῧννων
1412 745 1544 804 ἢτὴν
1571 751 1614 791 Γ
1611 747 1775 803 dromas,

283 807 352 868 (Ζῆ
378 812 452 854 καί
474 811 550 868 τὴν
577 813 827 867 Αὕσονάον,
858 810 972 863 ὅσοις
1001 815 1139 856 αὐτῶν
1165 812 1268 870 πρὸς
1290 815 1526 869 Ῥωμαίους
1555 816 1772 868 ἐπιμιξία·

320 879 397 920 καί
422 877 474 919 οὗ
507 876 663 937 ῥᾳδίως
690 895 754 927 τις
781 880 902 935 σφῶν
930 875 1133 934 ἓλληνίζει
1159 882 1208 936 τῇ
1238 882 1388 937 φωνῇ’,
1425 879 1532 936 πλὴν
1572 875 1630 922 ὧν
1658 877 1823 936 ἀπή-ιο

322 958 451 999 γαγον
479 942 760 1001 αἰχμαλώτων
790 942 873 986 οἷπὸ
897 946 970 999 τῆς
991 944 1179 1002 Θρᾳκίας
1204 946 1279 987 καί
1304 946 1529 1001 Ἰλλυρίδος
1547 944 1775 1002 παραλίου.

319 1010 410 1052 ἀλλ’
453 1011 604 1052 ἐκεῖνοι
641 1011 721 1064 μὲν
760 1008 963 1067 γνώριμοι
1001 1015 1086 1060 τοῖς
1113 1012 1437 1065 ἐντυγχάνουσιν
1463 1011 1693 1065 ἐτύγχανον
1725 1009 1773 1053 ἔκ

316 1091 360 1118 τε
386 1077 469 1118 τῶν
497 1073 792 1131 διερῥωγότων
820 1074 1065 1129 ἐνδυμάτων
1091 1075 1164 1118 καί
1189 1078 1266 1118 τοῦ
1287 1078 1458 1130 αὐχμοῦ
1484 1078 1556 1131 τῆς
1574 1076 1771 1132 κεφαλῆς,

315 1142 377 1191 εἷς
403 1140 483 1198 τὴν
509 1143 685 1198 χείρονα
713 1139 1022 1196 μεταπεσόντες
1049 1142 1202 1197 τύχην·
1227 1137 1348 1192 οὗτος
1375 1144 1422 1184 δὲ
1449 1144 1666 1198 τρυφῶντι
1692 1142 1770 1200 εἰρ-

314 1223 376 1249 κει
419 1205 566 1265 ,Σκύθῃ
604 1207 787 1260 εὕειζιιων
827 1223 874 1249 τε
919 1203 978 1249 ὦν
1014 1209 1087 1249 καί
1122 1207 1452 1263 οἷποκειράμενος
1478 1207 1554 1263 τὴν
1581 1205 1822 1264 κεφαλὴνιὸ

315 1270 624 1329 περιτρόχαλα.
675 1269 1052 1326 οἷντασπασάμενος
1081 1274 1127 1315 δὲ
1156 1273 1385 1328 οἷνηρώτων
1411 1274 1475 1322 τίς
1503 1269 1562 1315 ’ὧν
1589 1275 1663 1316 καί
1687 1270 1767 1314 πό-

312 1341 392 1381 θεν
419 1340 463 1387 ἐς
490 1336 564 1393 τὴν
589 1339 809 1393 βάρβαρον
835 1341 1028 1394 παρῆλθε
1056 1341 1131 1394 γῆν
1174 1339 1248 1381 καί
1273 1339 1366 1395 βίον
1394 1339 1628 1394 ἀναιρεῖται
1656 1342 1766 1382 Eam-

276 1411 278 1413 ’
312 1402 444 1447 θικόν.
474 1404 498 1445 ὅ
529 1404 576 1445 δὲ
604 1404 855 1459 οἷπεκρίνατο
881 1402 961 1458 δ’,τι
984 1404 1237 1459 βουλόμενος
1264 1407 1401 1447 ταῦτα
1427 1406 1584 1459 γνῶναι
1610 1402 1765 1446 ἐσπού-

270 1471 449 1523 Βὸακα,
506 1467 586 1524 ἐγώ
619 1471 667 1511 δὲ
703 1468 810 1526 ἔφην
850 1471 991 1512 αἰτίαν
1018 1467 1428 1526 πολυπραγμοσύνης
1452 1466 1568 1512 εἶναί
1587 1485 1662 1523 μοι
1686 1468 1764 1525 τὴν

306 1534 513 1591 Ἑλλήνων
558 1533 714 1592 φωνήν.
769 1534 862 1578 τότε
902 1534 954 1590 δὴ
997 1534 1178 1590 γελάσας
1219 1534 1302 1592 ἔφη
1330 1534 1514 1592 Γραικὸς
1550 1538 1628 1589 μὲν
1655 1532 1817 1578 εἶναιαο

311 1601 357 1643 τὸ
385 1603 516 1656 γένος,
544 1602 637 1643 κατ’
662 1602 870 1655 ἐμπορίαν
898 1602 946 1643 δὲ
973 1602 1018 1650 ἐς
1045 1598 1091 1642 τὸ
1122 1598 1371 1654 Βιμινάκιον
1394 1604 1645 1657 ἐληλυθέναι
1682 1599 1761 1657 τήν

309 1666 418 1724 πρὸς
445 1669 504 1726 τῷ
539 1661 688 1725 Ἴστρῳ
726 1669 897 1709 Μυσῶν
928 1666 1062 1710 πόλιν.
1119 1671 1313 1710 πλεῖστον
1358 1668 1405 1709 δὲ
1443 1668 1489 1709 ἐν
1528 1667 1639 1724 αὐτῇ
1667 1668 1763 1709 δια-ο

401 1771 433 1813 4.
471 1766 697 1814 προσελθών
724 1778 782 1804 τις
811 1767 877 1807 H.,
913 1766 1194 1812 προσελθόντες
1219 1768 1314 1813 vulg.
1390 1808 1392 1811 Ι
1452 1769 1484 1802 8.
1519 1764 1541 1810 ἢ
1571 1768 1676 1811 Val.,
1714 1770 1763 1805 οὐ

401 1815 496 1860 vulg.
558 1815 612 1859 ¹4·
636 1815 690 1851 εἰς
709 1815 761 1854 Β.,
788 1813 838 1850 ὥς
860 1813 956 1858 vulg.
1009 1826 1059 1859 ¹9·
1084 1811 1154 1856 τήν
1178 1816 1234 1856 Β.,
1261 1814 1337 1849 τῶν
1357 1814 1452 1861 vulg.
1479 1859 1483 1863 .

309 1906 528 1951 exspectavi,
553 1905 671 1939 donec
697 1906 938 1950 aperirentur,
962 1909 1001 1940 et
1019 1905 1152 1952 aliquis
1169 1907 1305 1948 exiret,
1330 1907 1395 1953 qui
1417 1917 1499 1941 eum
1521 1907 1594 1941 mei
1619 1905 1756 1941 adven·-

310 1959 371 1987 tus
394 1952 589 1986 certiorem
612 1952 759 1986 faceret.

399 2000 528 2044 Itaque
563 2004 705 2044 tempus
731 1997 821 2043 mihi
864 1999 998 2032 terenti
1045 2003 1082 2031 et
1125 1998 1218 2032 circa
1258 2011 1443 2034 murorum
1484 1999 1661 2034 ambitum
1685 1998 1755 2032 do-v

309 2057 390 2080 mus
432 2045 604 2090 Onegesii
640 2044 862 2087 ambulanti,
899 2054 1106 2090 progressus
1140 2045 1264 2080 nescio
1290 2048 1394 2092 quis,
1428 2057 1536 2091 quem
1559 2045 1754 2079 barbarum

311 2103 358 2126 ex
388 2091 556 2137 Scythico
589 2092 723 2126 vestitu
767 2102 846 2125 esse
879 2091 1003 2131 rebar,
1042 2092 1180 2126 Graeca
1211 2103 1299 2127 voce
1326 2104 1384 2126 me
1420 2093 1591 2127 salutavit
1629 2093 1754 2126 dicens

312 2139 495 2185 ,,Χαῖρε.”
542 2138 670 2172 Mirari
695 2148 772 2184 ege,
826 2138 865 2171 ui
895 2138 1018 2178 fieret,
1044 2143 1086 2172 ut
1110 2137 1246 2172 Graece
1277 2140 1488 2184 loqueretur
1521 2139 1577 2173 vir
1601 2139 1753 2182 Scytha:

311 2187 450 2220 etenim
485 2196 530 2219 ex
561 2187 670 2219 variis
704 2151 876 2229 gentiffius
913 2185 1122 2226 commixti,
1158 2184 1382 2219 barbaricam
1416 2187 1576 2230 linguam
1607 2186 1753 2229 colunt,

311 2232 387 2265 sive
414 2233 647 2273 Hunnorum,
688 2233 766 2265 sive
793 2231 1014 2271 Gothorum,
1048 2237 1112 2264 aut
1139 2232 1250 2264 etiam
1281 2232 1492 2272 Romanam,
1526 2231 1566 2264 hi
1592 2232 1751 2274 scilicet,

312 2278 447 2324 quibus
473 2290 552 2311 cum
576 2279 745 2312 Romanis
769 2277 998 2324 frequentius
1025 2283 1079 2311 est
1102 2279 1363 2312 commercium.
1405 2279 1535 2325 Neque
1559 2280 1751 2326 quisquam

310 2336 435 2358 eorum
452 2326 559 2358 facile
580 2325 743 2371 loquitur
763 2325 898 2359 Graece
912 2350 921 2366 ,
943 2325 1016 2358 nisi
1042 2325 1157 2371 siqui
1179 2326 1253 2358 sint
1276 2326 1407 2370 captivi
1433 2337 1452 2359 e
1494 2325 1649 2359 Thracia
1685 2330 1751 2361 aut

308 2371 451 2415 Illyrico
473 2373 666 2408 maritimo,
693 2370 765 2405 Sed
781 2371 838 2405 illi
858 2371 903 2404 ab
922 2371 1030 2404 obvio
1053 2382 1199 2416 quoque
1218 2371 1379 2417 dignosci
1402 2378 1555 2416 possunt
1578 2378 1615 2406 et
1637 2383 1658 2405 a
1681 2383 1751 2407 ves

308 2417 426 2452 stibus
449 2418 577 2452 laceris
611 2424 647 2452 et
675 2418 804 2464 capitis
825 2418 1001 2464 squalore,
1028 2422 1197 2464 tanquam
1217 2420 1282 2463 qui
1301 2420 1339 2451 in
1358 2420 1524 2452 miseram
1551 2419 1750 2454 inciderint

308 2464 498 2498 fortunam.
547 2464 614 2497 Hic
638 2477 724 2498 vero
762 2464 928 2508 opulenti
952 2463 1105 2508 Scythae
1133 2466 1289 2510 speciem
1319 2476 1407 2509 prae
1429 2477 1465 2498 se
1487 2465 1646 2499 ferebat:
1669 2471 1749 2501 erat

309 2512 405 2544 enim
416 2511 510 2544 bene
525 2515 562 2544 et
581 2511 765 2555 eleganter
787 2511 958 2552 vestitus,
977 2512 1095 2556 capite
1120 2511 1159 2544 in
1183 2510 1376 2545 rotundum
1402 2523 1490 2545 raso.
1516 2513 1622 2547 Hunc
1645 2523 1747 2547 resa·

306 2558 428 2591 lutans
453 2558 687 2601 interrogavi,
717 2559 797 2604 quis
824 2563 935 2598 esset,
961 2563 998 2591 et
1023 2557 1120 2591 unde
1144 2558 1182 2591 in
1205 2563 1335 2591 terram
1359 2558 1547 2592 barbaram
1571 2561 1744 2600 veniens,

308 2605 404 2638 vitae
439 2603 625 2648 Scythicae
662 2604 869 2637 institutum
899 2604 1003 2650 sequi
1036 2604 1236 2648 delegisset.
1285 2604 1351 2637 Ille
1387 2617 1494 2650 quam
1525 2604 1574 2639 ob
1600 2616 1743 2639 causam

307 2650 391 2684 hoc'
414 2663 457 2685 ex
494 2652 572 2695 ipso
614 2661 843 2696 quaererem,
877 2651 1024 2696 rogavit.
1073 2649 1184 2689 „Mihi
1210 2661 1316 2692 vero,
1348 2652 1520 2698 inquam,
1546 2651 1636 2685 haec
1658 2663 1679 2683 a
1706 2658 1745 2686 te

307 2703 349 2734 ut
384 2697 604 2738 sciscitarer,
645 2707 752 2730 causa
788 2697 879 2737 fuit,
918 2697 1018 2742 quod
1043 2697 1175 2731 Graece
1202 2698 1342 2731 locutus
1380 2706 1451 2736 cs,“
1499 2699 1593 2731 Tum
1621 2699 1743 2732 ridens

308 2745 383 2786 ait,
415 2755 452 2778 se
478 2746 655 2780 Graecum
690 2750 767 2777 esse
803 2753 960 2786 genere,
995 2743 1041 2777 ad
1067 2750 1306 2778 mercaturam
1335 2745 1538 2780 faciendam
1575 2745 1742 2779 Vimina-
