1838 3210
695 205 768 244 DE
813 200 1059 244 DEXIPPO.
1521 199 1595 239 XV

160 304 254 359 Aug
294 319 400 348 anno
441 305 671 357 desinebat3
711 305 965 345 Athenarum
1003 311 1138 345 autem
1173 302 1328 344 cladem
1356 301 1563 357 Syncellus
1578 333 1593 356 ,

160 373 232 424 qui
264 371 340 411 hoc
360 373 528 426 Dexippi
553 387 652 427 opus
678 371 834 425 legebat
851 402 861 420 ‚
896 372 972 411 sub
1002 371 1184 410 Gallieno
1204 370 1413 423 contigisse
1439 369 1560 409 refert
1575 383 1590 408 ε

159 451 290 490 neque
312 439 344 477 si
377 453 466 477 eam
498 452 588 478 cum
617 439 892 477 continuatore
917 438 1056 476 Dionis
1071 438 1128 490 ⁵),
1155 450 1275 490 quem
1314 437 1490 474 Zonaras
1526 449 1591 474 se-

161 504 323 556 quitur,
345 505 506 543 biennio
522 507 647 543 serius
675 503 861 543 accidisse
890 511 1133 554 statuamus,
1162 500 1296 541 utillo
1318 503 1405 554 ipso
1433 501 1595 540 Claudii

160 584 267 609 anno
291 571 423 623 primo
437 601 448 618 ‚
490 569 569 624 269
585 600 597 621 ,
628 570 815 608 acciderit
828 599 841 620 ,
872 568 1082 608 difficultas
1110 568 1376 621 expediretur.
1430 567 1491 606 Ita
1518 574 1590 606 aut

158 635 389 689 fingendum
402 638 478 675 erit
506 638 681 690 priorem
698 637 888 677 exstitisse
909 636 1122 675 editionem
1136 665 1146 682 ‚
1171 635 1221 673 de
1241 649 1320 688 qua
1341 647 1459 673 nemo
1476 635 1590 687 quic-

158 716 279 755 quam
302 702 483 753 tradidit,
502 709 572 740 aut
586 701 897 750 concedendum,
918 701 1073 740 laevam
1091 701 1302 739 hominum
1316 701 1357 739 in
1371 700 1592 739 honoribus

159 767 412 807 aestImandis
440 777 613 808 mentem
631 783 722 808 eum
741 797 752 820 ,
782 782 862 822 quo
893 768 944 806 ad
968 769 1166 806 maiorum
1186 766 1354 820 gloriam
1371 765 1497 805 elatus
1516 773 1590 816 est',

158 841 370 887 propterea
386 835 613 888 neglexisse,
630 835 740 889 quia,
759 833 1020 873 tumultuarie
1039 849 1062 872 a
1077 840 1315 887 congregata
1335 832 1590 871 multitudine

156 898 324 939 collatus
341 930 351 948 ‚
386 900 543 940 nullum
579 902 622 940 in
664 901 773 940 fastis
814 901 978 940 urbanis
1006 900 1139 940 locum
1171 900 1360 938 haberet:
1394 898 1590 938 librorum

156 965 305 1004 famam
340 966 523 1006 extulisse
542 997 553 1018 ,
582 981 645 1006 res
674 967 831 1006 fortiter
859 974 986 1020 gestas
1023 965 1179 1005 silentio
1209 966 1503 1009 transmisisse:
1536 987 1609 1018 -μ

156 1044 268 1083 rem,
296 1039 460 1085 propter
480 1034 564 1072 eius
590 1034 677 1072 aevi
702 1034 953 1085 pravitatem,
970 1031 1087 1085 plane
1113 1046 1196 1070 non
1222 1031 1511 1071 incredibilem.

266 1097 403 1136 Vitam
441 1112 567 1152 usque
598 1099 649 1138 ad
676 1099 801 1138 Probi
828 1099 1096 1152 principatum
1116 1098 1326 1151 perduxit,
1357 1111 1482 1151 quum
1507 1098 1589 1135 iam

156 1161 232 1200 sub
245 1161 461 1202 Valeriano
501 1163 706 1205 claruisset
722 1163 768 1218 ⁶).

265 1228 433 1281 Dexippi
460 1243 604 1283 opera,
636 1245 737 1284 quae
760 1231 811 1270 ad
838 1230 1046 1270 historiam
1075 1229 1328 1284 pertinebant
1349 1259 1362 1281 ,
1388 1229 1466 1268 tria
1494 1228 1591 1282 legit

153 1292 324 1332 Photius
337 1294 393 1345 ⁷):
425 1294 475 1334 de
503 1296 648 1348 quibus
668 1296 831 1350 singulis
850 1297 1048 1351 agendum
1073 1304 1144 1336 est.

265 1358 300 1397 Ι.
361 1354 420 1398 Τὰ
447 1357 552 1410 μετὰ
585 1359 872 1415 Ἀλέξανδρον,
918 1362 1032 1401 libris
1065 1369 1238 1415 quatuor
1274 1359 1588 1414 comprehensa3

154 1436 200 1463 ex
224 1425 369 1478 quibus
397 1427 645 1466 notissimam
667 1429 933 1482 satrapiarum
963 1428 1200 1467 divisionem
1221 1430 1362 1468 recitat
1384 1427 1556 1467 Photius
1575 1440 1588 1476 3

152 1492 462 1546 scriptoremque
480 1494 522 1532 in
546 1494 778 1534 universum
803 1509 895 1535 cum
918 1494 1091 1534 Arriano
1115 1496 1337 1534 consentire
1365 1494 1492 1536 docet.
1522 1492 1591 1531 Ad

152 1557 256 1596 hanc
292 1558 590 1599 Macedonicam
623 1560 831 1600 historiam
879 1561 1085 1600 referenda
1122 1574 1207 1600 esse
1237 1574 1340 1614 quae
1369 1558 1425 1600 ill.
1456 1559 1590 1597 Maius

151 1623 316 1671 inventa
336 1626 378 1663 in
406 1626 551 1665 codicis
578 1612 822 1680 palinipsesti
843 1629 999 1681 paginis
1019 1626 1086 1666 81.
1103 1626 1173 1666 82.
1200 1640 1284 1666 100.
1319 1639 1406 1669 101.
1435 1625 1559 1664 edidit
1575 1654 1587 1673 ,

151 1701 234 1728 uno
272 1691 398 1730 verbo
428 1695 628 1732 monuisse
665 1694 716 1733 ad
752 1693 1006 1747 probandum
1031 1692 1199 1732 sufficit:
1230 1692 1426 1745 siquidem
1460 1695 1588 1731 oratio

151 1754 391 1808 Hyperidis,
433 1759 518 1797 sive
556 1759 769 1812 adsumpta
798 1761 884 1799 sive
922 1759 1037 1809 ficta,
1083 1757 1180 1797 belli
1212 1758 1390 1797 Lamiaci
1429 1764 1588 1810 tempus

150 1828 313 1872 spectat.
370 1823 486 1862 Dicet
504 1823 668 1863 fortasse
691 1824 858 1878 aliquis,
887 1839 911 1865 a
934 1825 1139 1875 Romana,
1167 1837 1248 1863 non
1274 1824 1404 1862 dicam
1435 1823 1590 1876 Byzan-

149 1885 235 1923 tina
254 1885 436 1937 historia,
457 1888 586 1928 aliena
598 1904 679 1929 non
697 1891 879 1930 debuisse
897 1890 1120 1930 collectioni
1134 1897 1292 1929 nostrae
1310 1891 1430 1927 inseri
1446 1904 1456 1928 :
1478 1888 1588 1941 quod

150 1951 313 2003 quidem
344 1952 494 1992 factum
516 1955 691 2007 primum
713 1955 818 1994 mole
843 1958 980 2009 exigua
1002 1954 1150 1996 horum
1175 1955 1491 2008 fragmentorum
1516 1954 1587 1992 de-

149 2016 335 2069 sendam⁰
376 2033 480 2072 quae
508 2033 751 2073 perparvum
786 2020 862 2060 sibi
900 2020 1034 2060 locum
1058 2020 1285 2074 postulant3
1308 2035 1433 2074 quum
1449 2027 1590 2059 tamen

150 2082 215 2122 vel
240 2083 329 2122 ideo
353 2083 462 2137 quod
504 2085 718 2139 Hyperidis
753 2101 900 2126 nomen
935 2100 1031 2139 prae
1062 2100 1105 2125 se
1127 2086 1260 2126 ferunt
1289 2085 1586 2139 philologorum

149 2149 333 2188 notitiam
352 2158 578 2202 merentur3
605 2152 778 2205 denique
794 2182 805 2202 ,
835 2154 867 2191 si
893 2151 1007 2191 aliter
1030 2152 1199 2191 facerem
1234 2151 1585 2204 reprehensionem

149 2227 231 2253 non
266 2215 522 2270 effugissem3
553 2232 682 2271 quum>
719 2219 762 2257 in
799 2218 973 2257 editione
1010 2217 1190 2257 Romana
1232 2219 1372 2256 ceteris
1412 2232 1516 2271 quae
1562 2231 1585 2257 e

148 2280 328 2334 Dexippo
348 2291 563 2335 supersunt
594 2284 822 2323 adhaerent.
881 2284 973 2334 Quo
1007 2284 1115 2322 enim
1142 2283 1262 2323 modo
1298 2284 1369 2334 iis,
1401 2284 1472 2337 qui
1493 2297 1582 2323 eam

149 2360 231 2385 non
257 2348 450 2387 vidissent
467 2379 477 2396 ‚
505 2357 687 2389 constare
711 2357 843 2404 posset
868 2364 932 2389 me
956 2364 1037 2388 non
1061 2356 1209 2389 temere
1227 2349 1453 2389 iudicasse?

204 2413 261 2454 ΙΙ.
315 2410 526 2467 Χρονικῆν
563 2411 770 2468 ἱστορίαν,
822 2418 906 2455 sive
947 2415 1109 2455 annales
1135 2417 1167 2465 ⁸)
1194 2446 1205 2464 ‚
1246 2430 1368 2469 quam
1408 2415 1582 2455 Photius

148 2473 354 2529 σύντομον
400 2475 606 2533 ἱστὸρικὸν
641 2489 785 2531 vocat,
829 2496 902 2534 per
936 2481 1198 2536 Olympiadas
1217 2512 1229 2533 ‚
1261 2482 1579 2535 archontumque

149 2549 189 2583 ct
222 2543 431 2585 consulum
466 2546 586 2590 fastos
627 2547 678 2587 ab
709 2547 900 2587 historiae
929 2549 1051 2588 initiis
1066 2578 1078 2600 ,
1117 2549 1270 2589 omissis
1300 2555 1435 2588 tamen
1467 2548 1583 2589 fabu-

180 2674 217 2721 5)
242 2675 283 2709 In
307 2676 438 2723 eclogis
474 2690 562 2724 quas
587 2680 639 2713 iu.
660 2681 783 2716 Maius
820 2679 952 2715 edidit:
984 2682 1067 2716 coll.
1100 2682 1181 2716 Vat.
1215 2681 1262 2716 11.
1299 2693 1332 2725 p.
1363 2682 1441 2724 ²4⁰·
1543 2680 1584 2724 6)

237 2721 422 2768 Eunapius
445 2725 518 2758 vita
544 2727 730 2772 Porphyrii
758 2729 795 2760 in
820 2727 845 2762 f.
919 2731 955 2773 7)
979 2727 1068 2763 cod.
1100 2729 1155 2762 82.
1226 2730 1263 2774 8)
1278 2729 1461 2774 Eunapius
1474 2739 1509 2774 p.
1524 2728 1579 2765 58.

237 2767 260 2801 l.
288 2770 319 2803 5.
366 2770 490 2814 Idem,
517 2774 589 2807 vita
613 2773 739 2820 Porph.
764 2775 787 2808 l.
813 2774 835 2807 l.
