1838 3210
587 197 660 238 DE
696 196 873 263 nnius
911 191 1205 236 summm.
1567 169 1632 225 13

183 317 279 355 μοις
304 297 548 357 περιουσίας
575 296 765 354 πλήθους
792 299 928 340 εἵνεκα
952 298 1026 339 καί
1050 293 1224 350 ἰσχύος,
1253 289 1359 336 ὥστε
1386 292 1506 346 μέρει
1534 291 1808 344 ἓλα-Δ.0.α7ο

180 367 314 425 χίστῳ
359 365 438 415 τὰς
473 363 579 421 πρὸς
606 359 758 422 Ἴστρῳ
796 363 938 413 πόλεις
965 361 1210 411 ἐπελθόντες
1254 359 1433 402 Ἰταλίαν
1474 346 1795 429 μικροῦἙἯΘῙᾸ·
1814 357 1826 380 ¹

182 435 324 475 πᾶσαν
352 428 677 487 κατειλήφαμεν,
707 429 863 488 ἱππικῷ
892 430 970 482 μὲν
997 425 1323 485 στρατεύσαντες
1350 426 1395 474 ἒς
1418 422 1636 480 μυριάδας

184 497 235 551 δ’,
264 496 338 539 καὶ
361 494 522 539 τούτων
550 496 598 538 οὖ
627 495 818 551 μιγάδων
845 495 945 537 οὐδὲ
973 495 1187 548 ἀσθενῶν,
1229 489 1338 535 ἇλλοὶ
1359 487 1641 544 Ἰουθούγγων

161 565 402 620 ὄκαθαρῶς,
433 557 491 605 ὧν
518 561 649 612 πολύς
676 560 1006 620 ἐφ’γὶππομαχίᾳ
1033 559 1164 615 λόγος.
1220 559 1380 602 α’σπίδα
1410 558 1457 599 δὲ
1486 551 1640 611 ἄγομεν

186 628 412 671 διπλασίαν
439 628 656 682 δυνάμεως
683 628 757 683 τῆς
784 626 982 682 ἱππικῆς,
1031 623 1122 668 οὔδ’
1151 627 1196 668 ἒν
1231 624 1392 674 τούτοις
1431 628 1525 673 ταῖς
1552 620 1641 664 ἑτέ-

183 711 269 750 ρων
295 695 526 748 ἐπιμιξίαις
570 691 883 747 ἐπισκιάζοντες
925 693 1003 734 τοῦ
1044 694 1252 749 σφετέρου
1293 690 1474 746 στρατοῦ
1500 686 1547 730 τὸ
1589 687 1641 728 οἰκ

181 757 537 816 νανταγώνιστον.
594 758 760 814 ἔχοντες
789 760 836 801 δὲ
863 760 940 801 καί
980 755 1093 800 οὕτω
1120 759 1390 813 παρασκευῆς
1430 752 1640 811 διακρίνε-

180 829 307 879 σθαι,
353 827 408 867 ου’
435 823 759 881 διαγινώσκομεν
798 827 842 874 ἐς
870 822 1105 880 ἀντιλογίαν
1147 820 1263 878 ῆκειν
1309 824 1386 877 τῆς
1413 821 1640 877 συμφορᾶς

132 895 294 948 ιοπέρι.
349 892 398 933 οὗ
428 890 500 933 διὰ
527 891 573 934 τὸ
603 891 663 947 μή
693 889 802 933 κατὰ
840 889 994 947 κράτος
1033 892 1309 945 νενικῆσθαι,
1352 886 1462 930 κατὰ
1502 888 1549 929 δὲ
1584 884 1633 927 τὸ

180 953 335 1013 ἄδηλον
360 960 436 1000 τοῦ
477 952 757 1013 ἕκβησομένου
796 954 964 1013 εἰρήνην
1000 957 1186 1012 πολέμου
1230 956 1531 1012 προτιμῶμεν,
1573 952 1674 993 εἶ-Ι)

179 1024 369 1075 κάζοντες
397 1026 470 1066 καί
495 1023 598 1078 ὑμῖν
625 1023 682 1072 ὥς
707 1024 853 1078 γένοιτ’
887 1018 939 1065 ἂν
970 1021 1042 1064 διὰ
1069 1018 1235 1077 γνώμης
1273 1019 1381 1078 πρὸς
1420 1016 1636 1072 Ἰουθούγ-

178 1105 280 1144 γους
308 1084 358 1130 εὖ
389 1086 616 1144 παρασχὸν
643 1090 719 1144 τῆς
746 1087 933 1144 πρόσθεν
963 1088 1177 1144 διαφορᾶς
1207 1089 1446 1142 συμβῆναι,
1481 1081 1551 1127 οἷα
1582 1081 1635 1138 δὴ

182 1154 369 1210 ὖπούσης
406 1154 480 1196 καὶ
505 1156 691 1203 παλαιᾶς
728 1154 892 1210 οἷμφοῖν
926 1159 1016 1195 τοῖν
1053 1158 1191 1208 γενοῖν
1234 1150 1340 1208 πρὸς
1377 1146 1537 1206 ἄλληλα
1566 1148 1637 1191 πί-

131 1223 310 1270 ιὸστεως
337 1222 381 1271 ἐς
408 1219 454 1262 τὸ
481 1219 739 1275 ἡσυχάζειν,
771 1222 824 1261 δι’
853 1220 905 1275 ἢν
928 1218 1017 1275 χρὴ
1044 1217 1120 1274 τὴν
1146 1220 1218 1261 ἐπὶ
1247 1218 1398 1274 καιροῦ
1427 1213 1637 1273 διαφορὰν

179 1287 477 1342 ἀπερίσκεπτον
504 1287 550 1327 ἐν
577 1286 638 1343 τῷ
665 1282 842 1340 παρόντι
881 1282 1193 1333 καταλύσαντας
1232 1281 1338 1339 πρὸς
1365 1282 1413 1324 τὸ
1443 1281 1637 1324 παλαίτε-

179 1369 255 1409 ρον
283 1354 356 1394 καί
378 1353 620 1394 λυσιτελοῦν
645 1350 954 1405 μετατίθεσθαι
980 1347 1218 1406 ἑκατέροις.
1274 1349 1324 1392 ἔν
1350 1365 1396 1391 τε
1430 1349 1487 1404 τῷ
1512 1351 1637 1392 πολέ-

176 1435 243 1477 μῳ
275 1414 352 1460 οὐκ
378 1419 451 1459 ἐπὶ
477 1420 666 1460 πλεῖστον
693 1423 785 1467 ταῖς
813 1417 1103 1473 καταδρομαῖς
1130 1416 1384 1472 ληϊζόμενοι,
1413 1410 1502 1456 ἄλλ’
1535 1410 1633 1457 ὅσον

179 1485 223 1533 ἐς
251 1482 452 1540 ἀφορμήν
478 1483 562 1525 τῶν
590 1481 836 1538 ἐπιτηδείων
865 1482 1109 1537 ἀγαπῶντες
1135 1479 1211 1537 τὴν
1237 1477 1434 1537 ἄθροισιν
1450 1513 1462 1535 ,
1503 1485 1634 1536 μέχρι

124 1551 252 1605 αοτῆς
279 1547 498 1604 γενομένης
523 1547 666 1604 μάχης
692 1548 852 1605 ἡσυχίᾳ
878 1546 954 1590 τὸν
981 1546 1129 1604 καιρὸν
1157 1547 1432 1604 διετρίβομεν,
1463 1546 1521 1596 ὥς
1545 1552 1713 1604 retgas,

178 1613 496 1678 §neofio'wsipd'v
526 1612 605 1656 σύν
632 1615 684 1671 τῇ
711 1611 894 1673 ὑμετέρᾳ
932 1610 1116 1667 δυνάμει
1153 1611 1201 1655 to*
1243 1615 1343 1654 καθ’
1372 1611 1533 1661 αύτούς
1560 1611 1635 1653 ἆν-

175 1680 433 1732 τιτάξαντες.
489 1677 512 1722 ὃ
541 1678 590 1735 δὴ
633 1681 708 1722 καί
733 1681 808 1722 νῦν
845 1685 978 1722 ποιεῖν
1006 1677 1414 1736 παρεσκευάσμεθα·
1472 1676 1548 1720 καί
1571 1675 1637 1731 τό,

274 1779 302 1801 ι.
325 1767 498 1809 πλήθους
517 1768 560 1801 Η.
588 1777 670 1812 mg„
691 1767 828 1809 πλείθη
856 1766 940 1803 edd.
1035 1767 1068 1803 5.
1097 1766 1321 1813 ἱππομαχίῳ
1345 1766 1428 1800 Vat.
1524 1778 1555 1811 7.
1590 1763 1636 1798 οἴ-

267 1814 594 1860 νανταγιόνιστον]
619 1813 910 1859 οἶνταγιόνιστον
932 1813 1027 1860 vulg.
1124 1825 1180 1848 αι.
1207 1814 1246 1848 F.
1274 1812 1545 1853 ἀντιτάξαντες.
1569 1812 1613 1845 Ν.

175 1896 311 1930 multae
328 1894 435 1930 nobis
457 1894 576 1929 adhuc
587 1894 840 1940 suppetuntad
857 1894 996 1929 bellum
1010 1893 1205 1939 gerendum
1222 1893 1426 1933 facultates,
1450 1892 1525 1926 sive
1538 1890 1635 1924 mul-

176 1943 337 1977 titudine
358 1942 520 1976 militum
534 1967 544 1983 ‚
568 1942 642 1976 sive
659 1940 800 1974 viribus
821 1951 911 1985 opus
937 1946 1001 1973 est.
1049 1940 1142 1973 Nam
1160 1946 1198 1974 et
1216 1941 1369 1974 minima
1389 1939 1507 1972 nostri
1530 1942 1636 1982 parte

178 1988 287 2023 urbes
311 1987 358 2021 ad
384 1990 515 2023 Istrum
534 1988 620 2022 sitas
638 1987 852 2022 invadentes
865 2012 876 2028 ,
899 1997 1027 2031 parum
1043 1986 1186 2027 abfuit,
1212 1988 1302 2032 quin
1322 1996 1467 2020 omnem
1489 1983 1635 2018 Italiam

175 2035 386 2081 ceperimus.
449 2034 697 2081 Quadraginta
716 2034 884 2080 equitum
904 2033 1023 2067 millia
1043 2033 1083 2065 in
1112 2044 1272 2078 pugnam
1299 2031 1509 2072 educimus,
1538 2041 1634 2076 quae

175 2093 251 2116 non
271 2094 315 2116 ex
344 2083 515 2116 convenis
545 2087 610 2116 aut
637 2080 911 2121 imbecillibus,
938 2078 1002 2113 sed
1036 2090 1081 2112 ex
1109 2079 1301 2124 Iuthungis
1327 2089 1418 2124 pure
1451 2081 1633 2119 constant,

176 2139 331 2175 quorum
353 2128 393 2162 in
421 2130 582 2174 equestri
604 2127 747 2172 proelio
768 2138 895 2171 magna
919 2126 1016 2159 fama
1045 2130 1108 2159 est.
1158 2125 1325 2160 Peditum
1357 2129 1479 2159 autem
1504 2123 1631 2168 dupli-

176 2187 252 2209 cem
277 2177 462 2221 equitatus
486 2186 675 2211 numerum
693 2173 949 2218 producimus,
974 2172 1014 2205 in
1034 2171 1092 2205 his
1114 2182 1262 2218 quoque
1285 2171 1388 2206 nulla
1417 2171 1632 2217 peregrino-

178 2234 258 2255 rum
277 2222 501 2256 admixtione
522 2221 696 2255 invictum
716 2219 868 2264 agminis
893 2230 1018 2253 eorum
1041 2217 1152 2253 robur
1174 2218 1440 2253 deminuentes.
1497 2218 1629 2263 Itaque

175 2279 394 2315 quamquam
418 2267 630 2302 huiusmodi
650 2272 826 2312 apparatu
845 2266 892 2300 ad
907 2264 1154 2299 dimicandum
1177 2266 1367 2307 instructi,
1390 2264 1542 2299 minime
1568 2269 1628 2297 ta-

174 2326 259 2349 men
280 2315 325 2348 ‹le
348 2321 479 2348 eventu
497 2313 756 2349 decertandum
777 2323 855 2347 esse
877 2312 1055 2346 duximus.
1103 2311 1187 2346 Non
1203 2316 1325 2346 autem
1345 2312 1434 2358 quia
1455 2310 1543 2344 victi
1566 2322 1630 2344 su·

173 2373 273 2400 mus,
296 2362 360 2395 sed
377 2368 526 2407 propter
545 2366 740 2396 eventuum
764 2358 1074 2400 incertitudinem,
1098 2369 1223 2404 pacem
1237 2358 1338 2393 bello
1353 2357 1626 2404 praeponimus,

172 2408 384 2453 praesertim
403 2420 516 2454 quum
532 2419 595 2443 vos
620 2409 765 2454 quoq'ue
776 2432 786 2448 ,
813 2407 897 2441 data
911 2406 1120 2447 occasione,
1148 2405 1194 2439 ad
1211 2404 1479 2451 componendas
1494 2403 1628 2437 simul-

173 2460 265 2489 tates
304 2466 383 2488 cum
423 2455 614 2501 Iuthungis
652 2465 852 2500 propensos
887 2464 963 2486 esse
996 2453 1242 2497 suspicemur,
1286 2452 1460 2498 quoniam
1499 2451 1626 2497 aliqua

174 2503 271 2535 inter
294 2507 487 2547 utramque
512 2507 656 2546 gentem
691 2501 841 2546 antiqua
877 2504 914 2533 et
937 2500 1139 2533 inveterata
1168 2499 1214 2533 ad
1233 2500 1395 2546 quietem
1412 2503 1538 2532 mutuo
1561 2508 1626 2531 co-

174 2549 317 2582 lendam
354 2548 443 2582 fides
482 2553 610 2582 exstat.
659 2546 908 2591 Quamobrem
943 2551 1090 2591 oportet
1123 2545 1391 2580 inconsiderate
1419 2548 1625 2589 susceptum

174 2594 245 2629 hoc
267 2600 429 2639 tempore
457 2595 647 2629 dissidium
675 2593 877 2638 deponere,
906 2597 945 2626 ct
976 2592 1022 2626 ad
1046 2592 1232 2638 antiquam
1260 2590 1501 2632 concordiam,
1526 2601 1622 2635 quae

175 2647 231 2676 est
264 2642 429 2687 utrisque
460 2642 607 2683 utilior,
648 2641 777 2675 redire.
835 2639 881 2673 Et
904 2639 944 2672 in
970 2639 1050 2683 ipso
1074 2639 1174 2673 bello
1199 2639 1347 2686 quidem
1388 2649 1463 2671 non
1496 2636 1623 2670 admo-

173 2688 262 2721 dum
286 2687 425 2723 crebras
450 2688 676 2722 incursiones
705 2688 880 2721 facientes
926 2685 1077 2731 praedas
1121 2686 1279 2731 egimus,
1315 2684 1536 2719 necessarias
1564 2694 1620 2716 res

173 2745 381 2778 comparare
426 2746 498 2781 qua
547 2735 686 2769 occasio
721 2733 811 2767 tulit
849 2731 1057 2774 studentes,
1104 2732 1292 2778 ceteroqui
1316 2742 1431 2778 usque
1457 2730 1503 2764 ad
1528 2728 1623 2762 hanc

172 2782 375 2826 proximam
400 2792 556 2828 pugnam
583 2782 621 2817 in
646 2781 722 2815 otio
749 2786 786 2815 et
808 2780 934 2827 quiete
957 2784 1099 2827 tempus
1129 2779 1386 2821 contrivimus,
1412 2782 1450 2812 et
1472 2774 1618 2825 quando
