1924 3164
0 2021 7 2077 Μ...-
0 1907 3 2008 -..wv-
0 1863 1 1882 e„

567 200 601 239 E
636 200 918 242 MENANDm
967 199 1237 255 ms‘roma.
1278 184 1288 194 “
1503 200 1604 255 291

177 302 301 356 τέρας
327 300 520 355 οἷτραποῦ
547 301 590 350 ἒς
616 300 691 355 τήν
719 301 892 356 Νίσιβιν
932 298 1208 358 ἀφικομένου,
1246 303 1339 344 ἐκεῖ
1365 316 1410 342 τε
1451 302 1611 356 διατρί-
1623 312 1662 346 A.
1676 311 1714 345 C.
1727 313 1797 348 566

175 378 332 420 ψαντος
366 366 422 423 τῷ
459 368 702 421 διατεθῆναι
741 365 787 408 τὸ
817 369 940 420 σῶμα
972 364 1227 424 ἆρ’ῥώστως,
1255 368 1300 410 ἐν
1327 366 1508 425 τοσούτῳ
1541 370 1612 409 Τι-
1624 359 1759 438 {nd-14

174 428 330 484 μόθεος
356 429 461 486 πρὸς
488 434 572 473 τῶν
600 434 783 488 Περσῶν
810 434 1019 486 βασιλέως·
1046 426 1248 489 οἶφεθεῖς,
1293 433 1384 476 ἒπεί
1409 412 1788 487 κατέλαβεΒιιειωη

174 493 247 537 τὸν
277 495 364 550 Ζίχ
390 494 719 551 ἐπανερχόμενος
747 496 854 539 κατὰ
883 496 935 552 δη
965 497 1039 553 τὴν
1068 497 1242 552 Νίσιβιν
1268 495 1330 540 ἔτι
1356 498 1531 554 νοσώδη,
1560 499 1614 540 τά

147 562 220 604 ὅτε
256 562 469 617 γραφέντα
497 561 537 603 οἱ
563 560 669 617 πρὸς
691 560 881 605 Ἰωάννου
908 564 1173 618 ἐνεχείρισεν.
1227 563 1249 606 ὃ
1277 565 1323 607 δὲ
1350 562 1654 617 καταμαθών,τ

176 625 234 675 ὥς
262 626 305 675 ἐς
333 627 574 669 τούναντίον
601 623 714 684 αὐτῷ
758 628 842 669 τῶν
880 629 1160 671 ἐλπισθέντων
1187 627 1212 684 ἢ
1242 628 1338 679 ὁδὸς
1362 629 1519 684 γίνεται
1545 630 1622 672 καὶ

176 691 234 741 οὖς
262 688 339 733 οὐκ
362 693 510 741 αἰσίως
549 691 588 734 οἱ
626 690 880 748 προβήσεται
917 692 970 735 τὰ
1009 696 1082 749 τῆς
1120 697 1367 750 πρεσβείας,
1401 697 1620 755 δυσθυμία

174 756 411 813 περιπεσών
437 759 511 799 καί
533 760 582 815 τῇ
609 757 715 817 νόσῳ
745 761 921 813 κάτοχος
948 755 1008 801 ὢν
1035 762 1291 816 κατέστρεψε
1308 760 1382 804 τὸν
1400 763 1506 814 βίον.
1548 764 1623 803 καὶ

174 825 253 875 μὲν
282 821 333 879 δὴ
375 825 448 866 καί
483 823 676 880 Ἰωάννην
714 825 865 867 αὐτίκα
893 825 1047 880 συνέβη
1075 825 1291 868 τεθνάναι.
1345 826 1452 880 μετὰ
1481 829 1620 869 ταῦτα

125 888 413 943 ιοοῖγγέλλεται
441 891 486 932 ἐν
499 892 736 949 Βυζαντίῳ,
765 891 822 939 ὥς
849 893 986 946 ἕτερος
1011 889 1102 946 ἥξει
1129 891 1386 947 πρεσβευτής
1414 891 1436 933 ὅ
1464 909 1621 948 προσα-

171 952 447 1008 γορευόμενος
462 953 695 1010 Μεβώδης.
722 951 844 1005 οὗτος
871 955 914 1006 ἐς
942 955 1015 1011 τήν
1032 958 1232 1009 βασιλίδα
1260 958 1478 1013 ἐπορεύετο
1506 959 1622 1011 &goy-⁴

172 1018 372 1072 κούμενος
398 1023 472 1062 καί
493 1021 609 1074 μάλα
635 1019 944 1077 βρενθυόμενος
961 1053 972 1074 ,
1002 1021 1076 1062 καὶ
1099 1021 1248 1064 ἐλπίδα
1275 1021 1397 1077 ἔχων,
1440 1023 1498 1071 ὦς
1525 1021 1625 1078 περὶ

173 1086 382 1132 Σουανίας
409 1081 525 1141 αὐτῷ
552 1085 848 1139 κινηθήσονται
873 1085 987 1137 λόγοι
1017 1085 1091 1127 καί
1116 1083 1181 1129 ὅτι
1216 1090 1391 1142 Πέρσας
1429 1086 1658 1141 οἷρέσκου-(Ῐι

173 1165 248 1190 σαι
273 1145 513 1203 γενήσονται
541 1151 763 1203 ξυνθῆκαι.
817 1147 990 1205 τοιαύτῃ
1021 1151 1181 1207 διανοίᾳ
1211 1151 1439 1205 ἐπηρμένος
1461 1153 1505 1192 ἐν
1531 1156 1623 1195 Βυ-

125 1215 324 1270 ιόζαντίῳ
354 1209 448 1270 ᾔει,
480 1214 798 1268 αὐθαδέστερον
826 1209 855 1267 ἢ
894 1211 1001 1254 κατὰ
1040 1213 1301 1270 πρεσβευτὴν
1335 1217 1512 1268 θέμενος
1538 1222 1624 1266 τοῖς

173 1277 274 1321 κατὰ
305 1277 382 1333 τὴν
410 1277 668 1334 ὁδοιπορίαν.
722 1280 1056 1333 παραγενομένου
1087 1279 1146 1331 δὲ,
1178 1277 1395 1335 (βασιλεύς
1421 1278 1499 1335 γὰρ
1541 1275 1623 1335 ἤδη

173 1346 381 1387 ἐπέπυστο
411 1343 627 1396 Μεβώδου
654 1345 727 1398 τῆς
756 1345 1004 1393 α’λαζονείας
1031 1344 1140 1398 πέρι,
1169 1343 1242 1385 καί
1267 1343 1391 1385 ὁποῖα
1421 1340 1523 1386 ἄττα
1555 1347 1624 1387 1}st-

172 1409 304 1461 πίζων
337 1407 414 1464 τήν
453 1404 598 1464 ἄφιξιν
638 1408 895 1465 ἐποιησατο,)
926 1406 1003 1456 τοὶς
1030 1410 1108 1462 μὲν
1135 1409 1181 1449 ἐκ
1206 1411 1413 1462 βασιλέως
1441 1412 1624 1466 Περσῶν

173 1472 290 1522 ἔδοξε
318 1477 521 1528 δέχεσθαι
559 1471 808 1530 προσρήσεις
836 1472 942 1515 κατὰ
970 1473 1042 1516 τὸν
1072 1472 1252 1516 εἰωθότα
1279 1473 1462 1528 θεσμὸν,
1506 1491 1625 1530 περι-ι

123 1538 388 1596 αοεφρόνησε
427 1542 474 1582 δὲ
513 1536 628 1593 ὅμως
665 1538 736 1582 τὸν
774 1537 966 1595 Μεβώδη
995 1540 1069 1582 καὶ
1096 1539 1389 1596 ἇπεφλαύριζε
1412 1543 1521 1596 μηδὲ
1547 1539 1624 1596 τὴν

175 1605 342 1649 οἷανοῦν
360 1608 585 1649 συνουσίαν
611 1605 670 1655 ὥς
699 1604 827 1648 αὐτὸν
854 1604 1110 1659 ποιούμενος.
1139 1606 1195 1655 ὥς
1224 1608 1271 1649 δὲ
1299 1608 1343 1656 ἐς
1370 1603 1623 1662 τούναντίον,

172 1666 278 1727 ἥπερ
307 1669 516 1725 ἐβούλετο,
544 1670 597 1713 τοὶ
626 1675 702 1727 τῆς
717 1674 943 1726 πρεσβείας
971 1671 1011 1712 οἱ
1038 1671 1192 1727 ἐχώρει
1206 1706 1219 1725 ,
1245 1673 1320 1713 καί
1343 1671 1390 1713 τὸ
1418 1672 1626 1727 παράπαν

174 1737 297 1779 ου’δὲν
323 1737 436 1794 αὐτῷ
464 1735 575 1786 ἔλεξε
601 1739 700 1793 περὶ
724 1735 933 1785 Σουανίας
961 1735 987 1778 ὅ
1012 1735 1235 1790 βασιλεὺς,
1259 1735 1400 1779 ἔπειτα
1431 1739 1659 1789 ἐξελιπάη)

269 1826 302 1871 4.
329 1824 499 1905 νοιῖώδης
522 1826 615 1870 vulg.
669 1838 718 1861 ιι.
748 1825 1014 1871 ἐξογκώμενος
1037 1826 1133 1873 vulg.
1195 1826 1246 1870 ¹4·
1270 1826 1424 1873 τοιαύτῃ
1450 1828 1509 1869 B.,
1531 1827 1623 1861 ταύ-
1664 1850 1666 1852 »

270 1885 314 1919 τῃ
338 1883 384 1906 vu
402 1884 432 1917 g.

175 1960 273 1994 enim
300 1958 517 2003 contigerat,
546 1962 589 1991 ut
611 1957 738 1991 Zichus
762 1958 833 1991 alia
857 1957 915 1990 via
939 1955 1096 1989 Nisibim
1120 1954 1336 1996 diverteret,
1360 1955 1488 2002 ibique
1510 1958 1615 1991 vale-

173 2006 312 2040 tudinis
350 2016 456 2039 causa
489 2004 725 2038 detineretur.
785 2005 925 2036 Interea
958 2002 1172 2034 Timotheus
1197 2012 1218 2034 a
1243 2001 1426 2035 Persarum
1451 2014 1534 2048 rege
1560 2004 1623 2037 di-

173 2054 303 2086 missus
328 2051 472 2086 rediens
497 2051 619 2084 Nisibi
647 2050 791 2083 Zichum
815 2048 933 2082 adhuc
957 2052 1203 2091 aegrotantem
1226 2053 1421 2084 assecutus.
1447 2049 1481 2082 ei
1509 2051 1618 2084 loan-

173 2100 231 2133 nis
255 2099 395 2133 litteras
426 2098 589 2132 tradidit-
644 2099 677 2130 Is
696 2108 777 2130 cum
804 2094 1069 2134 intellexisset,
1095 2095 1165 2127 iter
1196 2104 1302 2127 suum
1326 2093 1424 2128 haud
1449 2107 1620 2141 prospere

174 2145 313 2187 cedere,
337 2156 458 2191 neque
483 2155 527 2178 ex
550 2149 634 2177 voto
659 2142 876 2187 legationem
902 2146 1085 2185 peractum
1109 2140 1168 2179 iri,
1194 2140 1315 2173 animo
1341 2140 1484 2182 cecidit,
1510 2148 1547 2176 et
1573 2155 1624 2178 en

173 2191 313 2233 morbo,
327 2203 399 2237 quo
417 2190 660 2230 detinebatur,
678 2191 789 2223 vitam
813 2193 928 2220 morte
949 2188 1188 2220 commutavit.
1214 2186 1290 2220 Nec
1312 2188 1428 2221 multo
1451 2194 1535 2231 post
1558 2190 1618 2223 Io-

175 2249 286 2271 annes
313 2249 460 2284 quoque
484 2244 648 2272 mortuus
676 2241 740 2269 est.
787 2236 869 2268 Post
892 2233 982 2267 haec
995 2234 1206 2277 Byzantium
1218 2234 1421 2274 nuntiatur,
1443 2235 1614 2270 advenire

173 2285 285 2318 alium
317 2286 498 2331 legatum,
530 2283 726 2318 Mebodem
759 2281 916 2315 nomine.
977 2282 1010 2313 Is
1034 2291 1124 2313 vana
1162 2279 1382 2313 confidentia
1406 2281 1550 2314 inflatus
1575 2284 1616 2316 in

174 2331 309 2376 regiam
330 2332 498 2378 pervenit
521 2341 683 2375 magnam
708 2340 807 2374 spem
833 2327 992 2367 habens,
1016 2337 1219 2359 sermonem
1242 2330 1380 2359 motum
1404 2326 1450 2360 iri
1475 2328 1520 2361 de
1547 2328 1615 2361 Su-

175 2380 281 2419 ania,
302 2389 339 2411 se
369 2389 413 2412 ue
438 2377 564 2412 foedus
590 2388 635 2410 ex
657 2377 838 2409 Persarum
865 2374 1045 2407 sententia
1069 2374 1258 2406 facturum.
1306 2372 1381 2406 Hac
1395 2374 1614 2419 cogitatione

177 2425 314 2465 elatus,
338 2391 424 2458 alum
447 2424 657 2468 Byzantium
682 2423 752 2456 iter
775 2420 900 2460 habet,
926 2420 1169 2463 arrogantius,
1199 2431 1307 2465 quam
1327 2420 1482 2465 legatum
1507 2421 1614 2454 dece-

175 2470 264 2513 hat,
288 2481 370 2515 erga
392 2482 536 2511 omnes,
561 2470 776 2517 quibuscum
801 2467 986 2506 convenit,
1003 2478 1041 2499 se
1066 2466 1184 2510 gessit.
1234 2467 1280 2499 Ut
1301 2468 1424 2507 venit,
1450 2468 1615 2512 Impera-

175 2522 256 2558 tor,
288 2519 352 2564 qui
397 2518 555 2552 hominis
590 2515 826 2560 arrogantiam
852 2518 888 2546 et
918 2513 1249 2556 importunitatem,
1274 2517 1312 2546 et
1334 2524 1487 2557 quorum
1514 2515 1614 2547 obti-

174 2563 377 2598 nendorum
399 2575 463 2609 spe
487 2565 557 2597 iter
583 2562 822 2599 instituisset,
846 2561 918 2592 iam
945 2560 1137 2599 didicerat,
1163 2559 1418 2604 gratulationes
1443 2570 1463 2591 a
1491 2561 1613 2593 Persa-

176 2621 256 2643 rum
279 2621 360 2655 rege
386 2610 565 2656 benigne,
587 2615 629 2643 ut
660 2619 738 2642 mos
771 2611 870 2647 erat,
896 2607 1046 2650 excepit.
1093 2604 1164 2639 Sed
1194 2605 1388 2639 Mebodem
1413 2606 1613 2650 Imperator

178 2659 402 2702 contemptui
425 2657 576 2697 habuit,
602 2666 723 2700 neque
756 2654 814 2687 illi
837 2652 951 2686 ullum
985 2651 1238 2685 familiaritatIs
1264 2653 1405 2696 signum
1429 2652 1612 2688 exhibuit.

178 2702 239 2736 Sic
269 2701 327 2735 illi
361 2709 502 2748 praeter
533 2713 633 2747 spem
661 2702 796 2746 legatio
829 2699 959 2740 cessit,
995 2709 1114 2743 neque
1139 2698 1255 2732 ullum
1282 2699 1431 2732 omnino
1461 2698 1611 2732 verbum

178 2749 377 2795 Imperator
408 2750 453 2784 de
484 2750 618 2785 Suania
653 2749 752 2786 fecit.
806 2745 949 2779 Deinde
980 2744 1152 2779 Mebodes
1177 2755 1391 2790 magnopere
1414 2745 1543 2790 petiit,
1569 2750 1611 2778 ut
