1924 3164
436 198 493 241 1N
533 197 776 247 EcLoGAs
814 197 1035 239 CANmm
1079 194 1276 238 1sAmz1.
1468 175 1580 233 585

147 298 322 340 eiusdem
342 303 516 342 nominis
543 302 749 342 Praefecto
773 301 981 339 Praetorio
1005 300 1242 351 Galliarum,
1273 299 1324 338 ad
1342 313 1461 354 quem
1475 314 1585 339 anno

148 354 242 405 425.
279 355 582 396 Valentinianus
615 357 688 396 111.
728 356 955 408 rescripsit,
990 363 1036 395 ut
1065 356 1189 395 habes
1223 362 1322 395 tom.
1390 356 1580 395 ‚Conci-

147 408 296 448 liorum
328 410 518 450 Galliae..

256 464 359 517 Pag.
380 480 442 520 19.
457 467 502 504 Β.
525 465 642 519 [475‚
660 463 744 518 18.]
799 464 1011 503 Basiliscus
1034 480 1088 504 ex
1117 465 1282 504 Caesare
1307 466 1410 504 inter
1425 465 1582 503 lectores

147 518 191 557 in
217 519 450 559 Blachernis
467 535 545 575 pro
575 521 651 558 teri
666 520 804 573 coepit.
863 518 994 558 Aliter
1021 534 1106 558 rem
1136 527 1274 558 narrat
1286 519 1441 559 Auctor
1451 519 1584 557 Chro-

149 574 231 612 nici
251 575 365 613 Alex.
395 575 560 613 Theoo
537 576 645 613 orico
674 581 713 612 et
740 575 938 613 Venantio
968 575 1072 613 Coss
1089 605 1099 622 ,
1140 575 1216 613 hoc
1242 581 1334 625 est,
1364 588 1468 615 anno
1495 574 1585 612 Do-

149 628 286 668 minici
316 629 470 668 Natalis
498 628 621 695 4²84st
651 642 718 666 και
747 624 852 678 μετα
880 625 924 666 τὸ
953 629 1212 680 φονευθῆναι
1236 604 1462 692 Ἀρμάτον,
1490 623 1582 667 τότε

149 682 223 722 καί
257 679 329 723 τὸν
357 679 450 722 υἱὸν
477 683 609 722 αὐτοῦ
635 681 888 722 Βασιλίσκον
916 681 988 722 τὸν
1018 682 1219 735 Καίσαρα
1259 678 1457 734 νεώτερον
1485 675 1583 722 ὄντα

147 731 368 776 ἐπίσκοπον
409 733 715 805 ἐχειροτόνησεν
743 735 800 783 εἰς
831 733 1016 786 Κύζικον
1046 736 1256 800 μητρόπο)
1260 751 1298 776 ιν
1335 731 1584 789 Ἑλλησπόν-

150 803 255 842 του,
283 788 429 843 ἐπειδὴ
459 786 510 842 ἦν
545 790 726 844 φορέσας
770 789 996 844 πορφύραν
1033 788 1253 843 βασιὶικὴν
1294 789 1350 838 ὦς
1383 793 1579 844 Καῖσαρ,

149 845 227 885 hoc
254 853 313 885 est
331 875 342 895 ,
365 855 456 900 post
472 846 631 886 caedem
648 845 809 884 Armati
817 847 1049 885 Basi'lzscum
1063 846 1227 900 Qfilzam
1254 848 1346 896 eius,
1379 847 1585 885 Caesarem

149 900 278 939 adhuc
296 901 587 949 adolescentem,
612 902 830 955 episcopam
852 902 1018 953 Cyzici,
1044 901 1293 955 Hellesponti
1316 902 1580 955 metropoleos,

151 956 432 1008 inauguravit,
469 965 680 1012 propterca
718 955 826 1010 qnod
865 971 1087 1012 purpuram
1123 965 1292 1008 gestaret
1321 971 1468 1008 regiam
1503 970 1585 994 non

151 1023 255 1048 cecus
282 1024 331 1049 ac
357 1011 515 1050 Caesar.
574 1010 683 1051 Audi
711 1011 1021 1051 Constantinum
1050 1012 1275 1050 Manassem
1301 1025 1392 1064 pag.
1410 1010 1480 1051 61.
1500 1009 1588 1051 edi*

151 1065 271 1105 tionis
300 1066 457 1128 regiae·

323 1115 406 1159 Τὸν
431 1118 508 1170 μὲν
529 1115 759 1170 Ἁρμάτιον
787 1118 936 1175 οικτρῶ
963 1116 1132 1174 θανάτω
1160 1119 1431 1184 παραπέμπει

315 1172 541 1227 Προὸότην
569 1172 854 1238 δολομήχανον
881 1174 1076 1241 φανέντα
1093 1175 1151 1213 τιῦ
1179 1170 1370 1242 δεσπότῃ.

315 1229 491 1281 Πληροῖ
512 1229 558 1268 δὲ
581 1242 671 1291 τηνΜ
685 1224 908 1279 ὑπόσχεσιν
935 1243 1005 1268 και
1037 1224 1106 1267 τὸν
1126 1216 1290 1268 ἐκείνου
1319 1215 1451 1268 παῖδα

314 1283 597 1334 Κατακοσμεῖ
614 1282 671 1336 τῷ
698 1282 916 1349 Καίσαρος
943 1277 1181 1350 ὄλβιωτάτῳ
1211 1283 1368 1350 στέφει.

315 1337 427 1376 Μετ’
455 1337 508 1376 ου’
535 1334 641 1376 πολυ
673 1334 862 1376 κάκείνου
892 1337 938 1377 δὲ
963 1335 1041 1384 τὰς
1068 1333 1214 1389 τρίχας
1242 1337 1468 1392 ἀποκείρας

308 1389 524 1444 Ἐφιστησι
551 1391 804 1443 Κυζικηνοῖς
831 1391 1031 1443 α’ρχιερέα
1062 1393 1149 1447 βία.

153 1446 376 1502 Euagrium
405 1446 526 1499 paulo
558 1454 647 1499 post
675 1446 900 1485 citabimus.
955 1448 1018 1486 De
1055 1448 1312 1487 celeberrimo
1349 1447 1593 1489 Blacherna-

153 1518 246 1542 rum
271 1500 420 1554 templo
447 1501 591 1554 plura,
623 1502 711 1540 Deo
742 1501 885 1548 dante,
930 1501 1107 1541 dicemus
1134 1505 1176 1542 in
1203 1505 1350 1543 nostris
1375 1503 1592 1543 Annotati-

157 1558 302 1598 onibus
331 1556 382 1596 ad
409 1556 713 1609 topographiam
744 1556 824 1594 CP.
856 1557 968 1595 Petri
1000 1557 1137 1610 Gyllii.

264 1613 369 1665 Pag.
393 1625 455 1664 19.
468 1612 513 1649 B.
537 1610 653 1665 [475,
679 1609 764 1665 19.]
795 1612 1009 1650 Baszliscns
1049 1613 1231 1651 Marcum
1261 1611 1404 1668 fillum
1445 1613 1589 1652 Caesa-

154 1681 240 1706 mm
277 1676 361 1706 tum
404 1666 692 1719 Imperatorem
716 1667 841 1716 facit.
897 1666 1094 1719 Euagrius
1122 1667 1195 1706 lib.
1228 1667 1267 1705 3.
1298 1681 1386 1720 cap.
1418 1667 1460 1717 4.
1489 1669 1594 1707 reci-

154 1728 216 1760 tat
242 1720 403 1759 illorum
429 1720 580 1759 litteras
623 1720 674 1758 ad
702 1720 959 1758 Timotheum
986 1720 1182 1759 Aelurum
1209 1719 1287 1760 hoc
1313 1721 1461 1760 titulo:
1493 1720 1592 1762 Αυ-

155 1772 364 1828 τοκράτωρ
385 1774 556 1825 Καῖσαρ
586 1773 839 1820 Βασιλίσκος
864 1772 1054 1826 ευσεβὴς,
1080 1772 1271 1841 νικητῆς,
1300 1775 1594 1841 τροπαιοῦχος,

154 1829 372 1881 μέγιστος,
418 1827 705 1879 αἐισὲβαστος,
735 1841 984 1879 αυγουστος,
1035 1843 1105 1868 και
1133 1828 1316 1895 Μάρκος
1341 1827 1363 1868 ὅ
1391 1828 1594 1893 ἐπιφανέ-

155 1896 308 1929 στατος
336 1884 507 1946 Καῖσαρ
543 1880 733 1945 Τιμοθέῳ
774 1883 832 1936 τῷ
859 1880 1156 1946 ευλαβεστάτῳ
1175 1898 1244 1922 και
1280 1879 1592 1939 θεοφιλεστάτῳ

157 1932 470 1991 α’ρχιεπισκόπῳ
518 1936 593 1988 τῆς
619 1920 921 1988 '.A)e“§avd9e'oev
948 1923 1292 1989 μεγαλοιῖόλεωςε
1321 1946 1408 1978 tum
1435 1953 1520 1990 cap.
1546 1923 1586 1978 5.

157 1993 294 2033 subdit
320 1992 540 2044 Episcopor
542 2005 610 2029 um
640 1990 758 2030 Asiae
774 2021 785 2042 ,
815 1993 886 2056 qui
908 1992 1057 2058 Ephesi
1083 2001 1380 2044 convenerant,
1409 1992 1594 2034 libellum

158 2047 211 2087 ad
241 2048 761 2114 Impp.scriptum-:·c‘017r‚·
789 2042 891 2085 κατὰ
918 2043 1053 2086 πάντα
1081 2023 1392 2113 ευσεβεστάτοις
1418 2045 1491 2086 καί
1518 2061 1597 2100 φι-

157 2100 391 2154 λοχρίστοις
426 2098 641 2146 δεσπόταις
679 2098 796 2152 ἡμῶν
835 2100 1072 2156 Βασιλίσκω
1100 2115 1169 2139 και
1214 2099 1380 2156 Μάρκῳ
1410 2101 1596 2149 αἰωνίοις

156 2159 343 2208 νικηταΐς
380 2151 634 2205 αὖγούστοις.
688 2155 749 2194 Ex
796 2156 941 2207 quibus
969 2141 1134 2209 aliisque
1162 2141 1397 2206 conficitur,
1438 2171 1590 2196 errasse

158 2211 230 2264 qui
255 2217 326 2249 aut
352 2211 535 2248 Marcum
553 2210 758 2248 Caesarem
779 2210 970 2250 duntaxat
996 2218 1200 2259 meatum,
1229 2219 1298 2249 aut
1329 2186 1468 2256 eodem
1496 2226 1591 2252 cum

160 2266 352 2304 Caesarea
378 2271 556 2328 tempore
569 2265 868 2317 Imperatoriam
900 2265 1132 2318 dignitatem
1160 2280 1184 2303 a
1211 2273 1324 2318 patre
1350 2266 1468 2306 fuisse
1495 2281 1592 2306 con-

162 2327 356 2359 secutum.
414 2320 462 2358 In
491 2319 538 2357 iis
565 2327 658 2357 sunt
687 2319 926 2358 Theodmus
959 2322 1125 2366 Lector,
1157 2321 1413 2361 Marcellinus
1442 2328 1481 2360 et
1498 2321 1592 2360 Au·—

161 2381 248 2413 ctor
276 2374 462 2413 Chronici
492 2373 777 2421 Alexandrini,
808 2381 854 2412 ut
882 2382 1032 2413 cetelos
1064 2374 1220 2414 silentio
1241 2390 1442 2429 premam,
1471 2383 1592 2429 atque

161 2429 203 2470 in
247 2431 384 2481 primis
422 2428 707 2479 Theophanem
724 2458 736 2478 ,
783 2442 828 2467 ex
865 2443 944 2481 quo
990 2429 1223 2468 Anastasius
1264 2430 1593 2470 Bibliothecarius

162 2496 254 2536 pag.
298 2482 367 2534 45.
396 2483 578 2522 editionis
605 2484 762 2534 regiae.
800 2484 1031 2522 Basilzscus
1079 2485 1122 2522 in
1167 2499 1307 2538 campo
1350 2486 1595 2525 acclamatur

162 2537 399 2591 Imperator.
420 2539 602 2576 Marcum
618 2538 759 2593 fllium
779 2537 981 2576 Caesarem
1000 2539 1134 2588 feci‚t
1165 2548 1203 2578 et
1227 2540 1457 2588 Zenobiam,
1487 2550 1590 2579 uxo-

163 2606 248 2630 rem
267 2606 390 2638 suam,
410 2591 624 2644 Augustam
643 2594 871 2639 coronavit,
906 2601 944 2631 et
962 2593 1090 2630 statim
1111 2594 1386 2649 contrafidem
1408 2595 1588 2647 praelia-

163 2654 222 2685 tus
243 2655 321 2692 est,
355 2648 531 2686 Zenobia
555 2648 730 2685 maxime
753 2648 935 2685 incitante
963 2647 1074 2685 illum
1100 2647 1158 2686 ad
1176 2650 1291 2695 istud,
1324 2649 1590 2687 Timotheum-

166 2715 239 2754 qtoe
272 2700 466 2741 Helurum
498 2703 699 2741 revocavit
719 2715 797 2756 per
821 2710 984 2754 typam,
1025 2710 1065 2740 et
1095 2702 1255 2743 Petram
1286 2703 1491 2758 Cnaplzea‚
1523 2703 1592 2758 qui

165 2755 355 2796 absenoem
375 2765 462 2795 erat
487 2758 530 2796 in
547 2756 785 2796 ,Μοπαειενίο
803 2755 1138 2816 Acoemetensium.
1188 2758 1295 2798 Tum
1324 2758 1443 2812 paulo
1475 2764 1588 2811 post:
