1838 3210
229 165 264 220 8
381 183 621 230 pnoom.
662 183 736 225 AD
775 183 1055 225 EXCERPTA
1098 185 1170 224 DE
1213 183 1503 228 LEGATION.

230 280 324 329 ἄλλ’
353 286 430 327 οὔκ
458 273 502 336 ἔξ
530 282 709 340 ἇνάγκης
736 282 937 339 πράττειν
965 281 1019 325 τὰ
1047 283 1316 338 κελευόμενα,
1342 285 1465 340 εἶ’μή
1493 302 1535 328 τι
1563 285 1672 341 πρᾶ-

228 352 298 401 ξαι
311 352 416 393 πᾶσι
431 348 604 406 τρόποις
630 347 1035 405 παρεκελεύσθησαν.
1065 345 1150 392 οἷον
1181 347 1393 405 οἷπεστὰλη
1420 365 1484 399 τις
1510 348 1569 400 ὥς
1597 349 1672 406 ‹pl-

148 418 319 464 Ρ.5λοις
346 417 464 472 δῶρα
490 421 576 464 τοῖς
601 416 778 469 γείτοσιν
806 411 1170 467 ἐπικομιζόμενος·
1208 413 1232 455 ὅ
1262 415 1308 456 δὲ
1334 411 1512 464 τούτους
1538 431 1670 456 κατω-

226 477 368 534 λαβιὸν
405 479 457 522 τὰ
496 481 580 522 τῶν
620 478 788 534 ἐχθρῶν
821 477 1075 533 πράττοντας
1111 477 1166 521 τοὶ
1212 480 1290 533 μὲν
1327 480 1446 534 δῶρα
1489 477 1569 522 συν
1610 480 1670 537 τῷ

225 542 440 600 γράμματι
479 544 794 599 παρακατέσχε,
841 541 989 598 λόγους
1017 544 1064 586 δὲ
1091 543 1236 601 φιλίας
1265 543 1360 586 ἄντί
1398 537 1555 600 δώρων
1574 544 1694 590 ἕπε-5

226 611 438 662 κομίσατο.
493 609 586 664 ἐρεῖ
605 607 685 663 γάρ
724 624 789 658 τις
817 605 997 662 εἷκότως,
1026 608 1085 659 ὥς
1111 609 1241 665 ἐχρῆν
1266 611 1427 662 μᾶλλον
1453 609 1670 651 ἐπιδοῦναι

225 673 280 717 τὰ
319 676 459 730 δῶρα,
503 674 823 729 καθημεροῦντα
859 675 944 716 τῶν
976 675 1193 727 πολεμίων
1234 672 1282 715 τὸ
1325 669 1492 730 ἄγριον·
1545 668 1575 729 ἢ
1612 672 1668 716 τὰ

227 741 309 792 μὲν
334 739 561 795 τιμιώτερα
591 744 964 795 παρακατασχεῖν,
991 737 1045 781 τοὶ
1074 741 1122 781 δὲ
1148 733 1254 781 ἅλλα
1281 740 1521 793 ἐπιδοῦναι,
1559 735 1667 780 ἀλλὰ

228 803 288 860 μὴ
317 802 449 846 πάντα
483 809 674 860 κρατεῖν,
727 803 784 853 ὥς
811 801 917 860 μήτε
942 803 1040 855 τούς
1066 802 1247 860 ἐχθροὺς
1274 808 1468 847 πλουτεῖν
1493 805 1669 858 ἐθέλειν,

228 867 302 910 καί
326 866 373 911 τὸ
413 868 518 910 πολύ
555 869 629 924 τῆς
654 867 817 925 ἔχθρας
842 866 1091 923 ’ὖποτέμνειν
1118 871 1202 911 τῶν
1228 870 1448 923 πολεμίων.
1495 867 1723 922 δοκιμά-ιο

230 937 346 986 ζεται
374 934 421 975 δὲ
447 935 631 990 πρέσβυς
657 935 731 975 καί
752 932 833 989 πρὸ
862 935 935 989 τῆς
962 935 1210 989 ἀποστολῆς,
1251 931 1563 987 ὑποτιθεμένων
1589 933 1667 975 αὕ-

225 999 282 1055 τῷ
307 1000 389 1041 τῶν
417 1001 677 1055 κεφαλαίων,
705 999 779 1040 καί
803 997 1079 1054 ἐρωτώμενος,
1119 995 1232 1048 ὅπως
1261 996 1359 1054 περὶ
1382 995 1558 1041 ἑκάστου
1587 999 1668 1040 0:²1²-

224 1065 307 1114 τιὸν
334 1064 653 1119 οἰκονομήσειεν,
706 1059 837 1112 οὕτως
882 1059 910 1120 ἢ
946 1061 1097 1120 ἑτέρως
1133 1063 1246 1119 αὐτῷ
1284 1064 1368 1105 τῶν
1407 1062 1665 1119 πραγμάτων

228 1129 629 1184 ἑπισυμβαινόντων.

226 1245 425 1291 perficere,
449 1245 522 1280 nisi
545 1245 639 1280 forte
666 1244 856 1291 quibusvis
879 1246 997 1281 modis
1022 1246 1069 1280 ad
1094 1247 1203 1281 finem
1237 1248 1428 1292 pervenire
1463 1246 1552 1280 iussi
1581 1245 1665 1280 sint.

228 1293 276 1325 Ut
299 1291 490 1335 videlicet,
522 1298 577 1327 est
600 1292 734 1338 aliquis
759 1293 888 1326 missus
914 1293 960 1326 ad
992 1292 1086 1327 dona
1119 1292 1269 1326 ferenda
1302 1293 1458 1334 vicinis,
1492 1297 1666 1339 tanquam

226 1338 371 1379 amicis,
412 1344 449 1372 et
481 1349 541 1372 eos
574 1337 816 1383 deprehendit
845 1338 994 1373 hostilia
1029 1339 1221 1373 facientes:
1249 1350 1398 1374 munera
1421 1350 1499 1373 cum
1530 1339 1664 1373 litteris

227 1384 402 1425 retinuit,
426 1395 607 1419 sermones
631 1383 827 1418 benevolos
851 1396 917 1430 pro
943 1385 1046 1419 donis
1070 1386 1234 1431 protulit.
1282 1386 1390 1419 Dicet
1412 1385 1567 1432 aliquis,
1597 1395 1666 1418 ne-

227 1441 300 1477 que
324 1431 364 1465 id
401 1432 582 1465 immerito
604 1456 615 1473 ,
642 1432 844 1476 oportuisse
880 1432 1036 1476 legatum
1059 1431 1170 1476 magis
1196 1431 1289 1466 dona
1325 1431 1490 1472 tradere,
1528 1431 1663 1477 quibus

225 1476 457 1512 inimicorum
481 1477 651 1512 hostilem
675 1478 836 1510 animum
849 1479 1010 1523 placaret
1033 1482 1071 1511 et
1093 1478 1247 1512 leniret:
1272 1479 1330 1512 vel
1345 1478 1560 1524 pretiosiora
1579 1478 1663 1523 qui-

227 1522 309 1556 dem
334 1525 491 1558 retinere
506 1549 516 1565 ,
538 1524 609 1557 alia
632 1533 716 1558 vero
742 1523 849 1564 dare,
874 1524 937 1558 sed
958 1535 1033 1559 non
1057 1525 1179 1558 omnia
1202 1525 1241 1559 in
1265 1535 1328 1558 sua
1352 1529 1531 1570 potestate
1549 1535 1662 1568 penes

226 1580 265 1602 se
289 1570 446 1605 retinere
471 1569 652 1611 debuisse,
672 1581 754 1603 cum
780 1569 851 1603 hoc
871 1575 1165 1616 temperamento,
1182 1577 1224 1605 ut
1234 1571 1323 1605 velit
1340 1571 1487 1617 quidem
1500 1570 1663 1605 hostium

225 1616 517 1650 malevolentiam
539 1626 764 1661 compescere
788 1621 826 1650 et
849 1627 1009 1651 resecare
1024 1642 1034 1658 ‚
1066 1617 1130 1651 sed
1152 1629 1227 1651 non
1251 1628 1311 1653 eos
1337 1618 1513 1651 auctiores
1538 1621 1576 1650 et
1597 1627 1661 1649 va-

225 1661 376 1695 lidiores
402 1662 532 1707 opibus
556 1662 720 1700 reddere.
766 1661 941 1697 Probatur
962 1674 1047 1697 vero
1072 1663 1229 1709 legatus,
1253 1668 1446 1709 antequam
1475 1663 1659 1703 mittatur,

225 1708 256 1741 si
281 1707 338 1741 illi
353 1713 602 1754 proponantur
626 1709 743 1754 capita
768 1709 960 1754 legationis
986 1713 1023 1743 et
1044 1709 1296 1755 interrogetur,
1313 1709 1494 1756 quomodo
1517 1709 1659 1755 singula

225 1753 275 1789 sit
296 1759 484 1804 gesturus,
508 1766 554 1791 an
576 1756 650 1798 ita,
674 1766 720 1790 an
744 1755 872 1797 aliter,
895 1760 1006 1802 prout
1028 1766 1084 1793 res
1109 1755 1165 1795 Illi
1189 1755 1397 1794 acciderint.
