1924 3164
344 147 456 217 348
823 111 824 114 Ἴ
936 165 1216 208 EXCERPTA

157 281 328 318 A.C.562
341 269 461 311 πολύ.
515 271 589 312 καὶ
623 268 663 311 εἶ
706 270 785 322 μὲν
822 266 867 309 τὸ
899 266 1028 324 φύσει
1058 269 1219 310 δίκαιον
1246 265 1442 324 ἐκράτει,
1471 263 1569 312 οὗτε
1599 270 1786 328 ῥητόρων

143 372 162 409 1
193 329 324 393 {qd-¹⁰
339 330 436 377 οὔτε
455 333 594 389 νόμων
616 334 833 391 α’κριβείας
862 327 956 376 οὔτε
975 331 1061 390 μὴν
1080 335 1299 390 ἐκκλησίας
1326 336 1400 376 καί
1424 335 1497 390 τῆς
1522 338 1622 393 περὶ
1649 340 1787 380 ταῦτα

169 379 543 450 ιιδωι’“9)6ποικιλ.ιίιις
588 402 671 442 τῶν
714 396 849 453 λόγων
884 397 992 440 ἔδει·
1034 396 1272 456 αὐθαίρετα
1321 399 1402 458 γὰρ
1443 407 1531 450 τοῖς
1556 402 1787 459 βιωφελέσι

334 470 421 509 ταῖν
448 464 704 522 πραγμάτων
731 466 1056 521 προσετέθημεν.
1111 464 1253 522 ἐπειδή
1298 468 1346 508 δὲ
1383 464 1536 516 πάντες
1564 462 1786 525 ἅνθρωποι

335 535 477 574 δίκαια
505 530 757 574 καθεστάναι
785 531 1008 585 νομίζομεν
1025 565 1037 585 ,
1066 534 1245 589 προσδεῖ
1265 531 1340 574 καὶ
1364 531 1444 588 τῆς
1468 534 1513 574 ἐκ
1540 532 1810 589 τῶνλόγωνό

332 599 553 654 τερθρειάς
580 597 695 653 ἡμῖν.
749 600 975 654 τοιγαροῦν
1003 601 1077 640 καί
1103 600 1146 648 ἐς
1174 600 1395 654 ἐκκλησίαν
1421 597 1786 655 ξυνεληλύθαμεν,

304 664 397 713 (ζιὸς
426 659 478 705 ἂν
504 663 719 717 πείσοιμεν
751 662 918 705 ἕκαστοι
946 662 1044 713 τούς
1073 662 1278 720 δεινότητι
1305 662 1435 720 λόγων
1452 666 1645 718 ἐπιεικεῖς
1666 662 1788 708 εἶναι.

336 727 405 772 ὅτι
427 731 506 783 μὲν
544 724 620 772 οὖν
659 728 822 784 α’γαθόν
851 728 996 786 εἰρήνη
1027 729 1101 772 καί
1123 731 1367 773 τούναντίον
1396 731 1580 786 πονηρὸν
1611 728 1632 772 ὅ
1663 731 1787 773 πόλε-

333 812 439 851 μος,
469 796 608 844 ου’δείς
637 795 813 851 ἀντερεῖ.
844 798 885 838 εἰ
917 795 997 853 γὰρ
1048 797 1123 839 καί
1155 797 1270 853 παρὰ
1308 797 1386 852 τὴν
1427 795 1570 853 κοινὴν
1598 799 1683 840 τῶν
1709 793 1786 850 οἷν-

332 860 519 918 θρώπων
546 861 672 911 δόξαν
698 863 871 915 βέβαιον
908 863 1155 918 ἡγησόμεθα
1182 862 1228 904 τὸ
1259 865 1403 919 νικᾷν,
1452 860 1570 916 οἶμαι
1607 861 1681 905 τὸν
1719 879 1839 906 νε-ιο

334 924 529 983 νικηκὸτα
568 925 746 969 κάκιστα
787 929 860 985 ζῇν
901 929 945 978 ἐξ
987 922 1045 970 ὧν
1086 926 1342 984 δακρύουσιν
1370 930 1517 984 ἕτεροι.
1576 924 1684 971 οὕτω
1713 928 1788 984 δή·

331 1010 411 1036 που
440 992 515 1035 καί
538 991 582 1035 τὸ
612 999 781 1049 κρατεῖν
809 992 998 1051 λυπηρὸν
1015 1026 1027 1048 ,
1072 995 1132 1051 μή
1163 996 1209 1037 τί
1230 1010 1276 1050 γε
1303 993 1349 1036 τὸ
1378 998 1623 1051 κρατεῖσθαι
1652 999 1786 1050 λυπη-

331 1058 511 1115 ρότερον.
570 1057 635 1100 διὸ
679 1061 819 1101 τοίνυν
848 1056 870 1101 ὅ
899 1061 996 1101 καθ’
1021 1059 1136 1116 ἡμᾶς
1162 1059 1364 1113 βασιλευς
1403 1062 1639 1118 (ἐπέσταλκε
1666 1076 1786 1114 onep-

329 1126 536 1178 σομένους
574 1125 688 1180 ἡμᾶς
731 1127 804 1167 καί
834 1127 1063 1182 προτέρους
1098 1126 1386 1176 ἱκετεύσοντας
1414 1128 1682 1170 καταθέσθαι
1709 1124 1785 1167 τὸν

328 1189 524 1244 πόλεμον,
555 1192 635 1245 οὐχ
666 1188 723 1240 ὥς
751 1191 900 1241 δεδιώς
926 1194 1005 1246 μὲν
1030 1191 1082 1235 τὰ
1112 1193 1316 1247 πολέμια,
1347 1190 1605 1249 φοβούμενος
1634 1194 1693 1245 δὲ,
1720 1190 1836 1247 μὴίὅ

286 1254 619 1312 Βπροφθάσοιτε
659 1258 944 1312 διαλεγόμενοι
996 1256 1193 1314 πρότεροι
1246 1257 1347 1314 περὶ
1391 1261 1464 1314 τῆς
1502 1255 1677 1314 εἰρήνης
1707 1261 1784 1313 τῆς

293 1323 532 1379 Τφιλτοὶτης
569 1323 685 1378 ἡμῖν.
738 1322 799 1379 μὴ
848 1326 957 1380 δῆτα
987 1319 1091 1378 οὖν,
1139 1325 1197 1376 ὥς
1234 1323 1342 1381 πρὸς
1368 1329 1440 1381 τῆς
1471 1327 1555 1367 τῶν
1582 1325 1782 1381 θορύβων

329 1384 599 1444 ἀπαλλαγῆς,
627 1387 703 1438 τὰς
730 1392 817 1432 κατ’
847 1388 1039 1445 ἀλλήλων
1061 1391 1359 1444 ἐπεκτείνωμεν
1385 1390 1648 1445 δυσμενείας.
1704 1406 1780 1432 πο-

327 1456 486 1502 λιτείας
513 1452 594 1509 γὰρ
625 1450 677 1495 εὖ
704 1458 1028 1510 πολιτευομένης
1065 1454 1284 1512 ἀλλότριον
1325 1458 1489 1512 πέφυκέ
1529 1473 1618 1506 πως
1643 1456 1692 1500 τὸ
1719 1457 1786 1513 μὴ·

326 1518 612 1575 στοχάζεσθαι
639 1522 722 1563 τῶν
750 1524 1083 1577 συμβησομένων
1115 1524 1161 1565 ἐκ
1189 1523 1265 1564 τοῦ
1293 1525 1489 1576 πολέμου.
1546 1524 1834 1579 διαγραφέ-αο

422 1628 457 1672 4.
493 1628 707 1674 προσετέθη
734 1628 807 1674 μὲν
831 1629 927 1674 vulg.
1030 1630 1061 1663 5.
1086 1627 1307 1676 νομίζομεν]
1335 1621 1381 1663 τὰ
1410 1629 1668 1676 κεχαρισμένα
1694 1615 1776 1662 add.

417 1675 462 1709 N.
547 1675 713 1720 προσδεῖ
734 1676 789 1716 Ν.,
814 1673 914 1719 πρὸς
940 1667 982 1718 db}
1015 1676 1110 1720 vulg.
1209 1688 1239 1720 7.
1266 1678 1455 1722 πείσομεν
1479 1676 1535 1711 ed.
1563 1677 1639 1711 Par.
1687 1675 1781 1711 ἔκα-

421 1731 507 1758 στοι
536 1720 639 1770 τοὺς]
675 1721 772 1769 ἡμᾶς
809 1719 948 1760 αὐτούς
972 1723 1066 1756 coni.
1092 1723 1143 1765 B.,
1168 1721 1306 1761 ἄλλους
1330 1723 1412 1758 add.
1443 1723 1487 1757 N.

324 1819 395 1853 hoc
421 1820 509 1855 deus
534 1818 750 1852 felicitatem
774 1818 1038 1860 Romanorum,
1072 1829 1166 1865 quae
1191 1819 1304 1852 nimia
1330 1823 1432 1860 erat,
1458 1819 1623 1865 punivit,
1654 1830 1777 1865 neque

323 1865 513 1901 hominem
539 1865 682 1900 homini
706 1866 860 1898 multum
885 1871 1069 1910 praestare
1095 1865 1229 1900 debere
1259 1866 1445 1900 indicavit.
1502 1866 1644 1912 Quodsi
1677 1865 1777 1912 quod

324 1919 455 1947 natura
479 1914 616 1947 iustum
644 1917 699 1945 est
724 1912 992 1952 dominaretur,
1017 1912 1115 1945 nihil
1139 1924 1229 1958 opus
1266 1918 1361 1946 esset
1399 1924 1520 1959 neque
1563 1912 1778 1952 rhetorum,

325 1971 446 2006 neque
470 1960 591 2006 legum
623 1959 723 1992 cultu
755 1963 793 1991 et
827 1958 1042 2004 diligentia.
1074 1971 1142 1993 nec
1177 1959 1434 2001 concionibus,
1464 1964 1536 1992 »aut
1570 1959 1776 1993 orationum

324 2006 520 2048 ubertate,
557 2017 652 2052 quae
684 2005 723 2037 in
754 2005 811 2038 his
844 2011 1047 2050 usurpatur.
1107 2006 1245 2051 Sponte
1283 2007 1382 2040 enim
1418 2017 1537 2040 rerum
1574 2005 1775 2040 utilitatem

323 2058 570 2099 sequeremur.
621 2051 693 2087 Sed
717 2063 829 2098 quum
856 2063 979 2085 omnes
1005 2053 1187 2095 mortales,
1214 2064 1309 2099 quae
1334 2053 1406 2086 sibi
1422 2054 1587 2098 placent,
1605 2053 1700 2086 iusta
1719 2063 1776 2085 es-

324 2111 363 2133 se
388 2101 528 2135 velint:
562 2101 672 2134 etiam
699 2099 875 2133 orationis
902 2100 1085 2133 illecebris
1111 2100 1218 2134 nobis
1245 2112 1335 2145 opus
1362 2104 1427 2133 est.
1477 2100 1579 2133 Hanc
1607 2098 1654 2132 ob
1688 2110 1775 2132 cau-

324 2157 400 2180 sam
427 2148 684 2187 convenimus,
722 2152 765 2180 ut
795 2146 1047 2193 unusquisque
1082 2152 1247 2180 nostrum
1275 2148 1419 2181 evincat
1450 2145 1624 2179 orationis
1660 2146 1697 2179 vi
1718 2150 1775 2179 *et

326 2194 516 2237 gravitate,
542 2205 580 2228 se
605 2196 742 2228 iustum
770 2204 858 2226 esse.
907 2195 1036 2228 Pacem
1059 2203 1145 2226 vero
1177 2194 1311 2227 bonam
1342 2204 1440 2234 esse,
1475 2192 1614 2226 bellum
1650 2197 1774 2225 autem

325 2250 399 2273 rem
425 2242 577 2283 malam,
602 2252 709 2274 nemo
737 2240 904 2281 dubitat,
931 2241 1097 2281 etiamsi,
1124 2247 1248 2275 contra
1273 2240 1325 2282 id,
1350 2240 1450 2286 quod
1473 2240 1581 2283 vulgo
1604 2239 1772 2275 homines

324 2287 548 2331 opinantur,
584 2294 722 2322 certum
747 2287 1048 2333 exploratumque
1072 2286 1288 2321 haberemus
1317 2297 1381 2320 nos
1405 2286 1593 2320 victoriam
1620 2285 1774 2330 adeptu-

325 2343 383 2366 ros
398 2358 410 2374 ,
434 2335 564 2378 opinor
585 2340 728 2374 tamen,
754 2345 858 2375 eum,
884 2335 949 2379 qui
969 2335 1082 2375 vicit,
1114 2334 1313 2368 infeliciter
1335 2344 1463 2378 agere,
1490 2332 1589 2379 quod
1617 2333 1774 2368 alterum

324 2380 480 2424 graviter
505 2381 676 2415 afflictum
701 2381 813 2415 videt.
862 2381 923 2414 Sic
953 2381 1064 2426 igitur
1097 2382 1243 2415 vincere
1283 2391 1429 2426 quoque
1468 2380 1660 2412 molestum
1695 2383 1775 2420 est,
1809 2384 1818 2393 ⁶

322 2426 392 2459 etsi
417 2426 513 2459 vinci
539 2433 594 2460 est
616 2428 816 2462 molestius.
864 2427 994 2473 Itaque
1019 2432 1142 2461 noster
1167 2429 1366 2473 imperator
1389 2427 1490 2460 misit
1514 2436 1602 2467 nos,
1628 2431 1670 2459 ut
1691 2425 1773 2459 foe-

321 2470 409 2505 dera
432 2473 619 2506 vobiscum
644 2475 819 2507 iniremus
834 2501 843 2516 ‚
868 2480 905 2508 ct
932 2476 1071 2520 priores
1098 2474 1395 2520 deprecaremur,
1424 2477 1464 2505 ut
1488 2473 1627 2506 bellum
1652 2472 1770 2516 depo·

321 2520 438 2553 natis:
469 2530 544 2553 non
570 2520 668 2566 quod
691 2522 820 2555 timeat
843 2521 1027 2554 adversam
1047 2522 1138 2555 belli
1163 2522 1345 2555 fortunam
1363 2545 1374 2562 ,
1396 2519 1459 2552 sed
1484 2531 1529 2552 ne
1553 2531 1634 2552 eum
1659 2530 1770 2563 prae-

321 2566 476 2599 veniatis
499 2566 537 2598 in
563 2577 673 2611 pace,
708 2579 800 2612 quae
826 2568 932 2601 nobis
957 2574 1031 2601 tam
1076 2579 1156 2602 cara
1188 2573 1264 2607 est,
1300 2565 1468 2611 petenda.
1530 2567 1584 2598 Ita
1615 2576 1658 2598 ue
1694 2577 1770 2600 non

321 2613 479 2658 amplius
504 2612 687 2647 foveamus
717 2615 928 2648 inimicitias
954 2621 1104 2656 nostras,
1130 2620 1172 2648 ut
1195 2613 1342 2647 tandem
1370 2612 1570 2658 aliquando
1623 2612 1686 2644 elli
1707 2623 1771 2645 cu-

320 2660 370 2692 ris
396 2664 435 2693 et
458 2659 634 2693 molestiis
658 2659 866 2694 liberemur.
916 2662 1087 2694 Alienum
1122 2666 1177 2695 est
1212 2661 1308 2692 enim
1347 2660 1392 2692 ab
1430 2660 1529 2692 omni
1562 2669 1600 2691 re
1622 2658 1769 2702 publica

319 2705 416 2739 hene
440 2706 636 2740 constituta
651 2732 660 2746 ‚
685 2717 758 2739 non
783 2708 973 2752 providere
1007 2719 1106 2741 casus
1121 2733 1130 2749 ,
1158 2708 1221 2753 qui
1242 2707 1281 2740 in
1302 2706 1400 2739 bello
1421 2706 1584 2739 accidere
1606 2710 1771 2749 possunt,

322 2753 582 2800 Unusquisque
606 2758 765 2792 vestrum
791 2765 926 2800 quaeso
952 2760 1035 2788 aute
1069 2754 1191 2790 oculos
1226 2758 1359 2799 ponat,
1401 2758 1438 2788 et
1475 2751 1573 2799 apud
1606 2753 1769 2786 animum
