1924 3164
664 539 1182 592 ΕΚΛΟΓΑΙ

739 650 1092 692 ΕΚΤΗΣ

358 755 1472 820 ΘΕΟΦΑΝΟΥΣ

664 861 1161 907 ιΣΤοΡΙΑΣ

598 1021 703 1060 ΕΧ
759 1019 1219 1065 HISTORIA

340 1113 398 1179 Τ
463 1113 526 1171 H
590 1112 645 1171 E
711 1109 769 1169 O
837 1111 891 1170 P
959 1112 1024 1170 H
1088 1116 1147 1174 A
1212 1116 1471 1179 N.IS

677 1218 1131 1259 EXCERPTA

170 1404 182 1420 ³
1451 1418 1455 1421 i

181 1410 467 1495 Ανεγνώσθη
518 1435 766 1494 Θεοφάνους
807 1438 1049 1488 Βυζαντίου
1096 1437 1317 1498 ἱστορικῶν
1359 1443 1494 1500 λόγον
1516 1450 1734 1493 δέκα.Ρ-2ι

165 1502 342 1563 ἄρχεται
368 1505 418 1547 δὲ
447 1503 471 1547 ὅ
501 1506 666 1560 πρῶτος
695 1501 816 1556 λόγος
845 1498 927 1545 ἀπὸ
970 1506 1046 1545 τοῦ
1074 1509 1303 1561 Περσικοῦ
1329 1514 1516 1566 πολέμου
1558 1521 1636 1559 τοῦ·

163 1571 395 1622 συστάντος
421 1569 529 1624 μετὰ
555 1568 629 1625 τὴν
658 1568 854 1611 διάλυσιν
898 1571 985 1611 τῶν
1012 1574 1227 1626 σπονδῶν,
1264 1573 1317 1625 ἃς
1335 1573 1635 1633 Ἰουστινιανός

165 1640 188 1690 ὅ
216 1633 418 1694 βασιλευς
443 1640 518 1679 καί
554 1634 753 1692 Χοσρόης
794 1633 817 1677 ὅ
846 1640 1033 1693 Περσῶν
1060 1639 1259 1696 ἀλλήλοις
1294 1641 1453 1687 ἔθεντο.
1507 1645 1633 1691 ἔλυσε

139 1707 216 1751 ὅδὲ
242 1703 440 1760 Χοσρόης
467 1720 513 1745 τε
541 1701 673 1752 αὐτὸς
683 1736 696 1756 ,
739 1704 814 1745 καί
837 1698 1074 1758 Ἰουστῖνος,
1107 1706 1303 1763 διάδοχος
1326 1706 1633 1756 Ἰουστινιανοῦ

162 1768 404 1823 καταστάς,
446 1771 643 1825 δευτέρου
694 1767 816 1817 ἔτους
858 1771 934 1824 τῆς
972 1772 1112 1827 α’ρχῆς
1151 1774 1268 1832 αὐτῷ
1300 1782 1632 1832 περαιουμένου.

162 1834 402 1894 ἀρχόμενος
440 1837 488 1877 δὲ
527 1835 726 1876 ἐντεῦθεν
765 1835 841 1889 τῆς
869 1833 1054 1890 ἱστορίας
1082 1837 1245 1880 κάτεισι
1283 1843 1416 1896 μέχρι
1447 1842 1629 1887 δεκάτου

161 1901 282 1954 ἔτους
302 1903 437 1944 αὐτοῦ’
464 1902 540 1943 τοῦ
566 1901 764 1954 πολέμου.
821 1902 1030 1955 μέμνηται
1076 1903 1123 1944 δὲ
1151 1905 1196 1945 ἐν
1236 1907 1349 1963 τῷδε
1388 1909 1449 1964 τῷ
1476 1907 1628 1968 πρώτῳ

161 1971 241 2011 τοῦ
267 1967 433 2024 βιβλίου
477 1965 585 2025 λόγῳ
631 1969 705 2008 καί
730 1963 783 2007 τὰ
814 1964 920 2007 κατὰ
952 1966 1249 2011 Ἰουστινιανόν
1278 1969 1515 2027 ἱστορῆσαι,
1570 1970 1629 2017 ου’

115 2033 246 2091 ιομὴν
275 2032 382 2075 ἀλλὰ
423 2030 549 2089 δῆλός
591 2028 726 2084 ἔστιν,
758 2031 814 2080 ὥς
844 2030 918 2073 καὶ
943 2033 1096 2088 ἐφεξῆς
1126 2035 1210 2075 ταῖν
1240 2037 1342 2078 δέκα
1370 2037 1507 2092 λόγων
1534 2039 1627 2083 ἑτέ-ι

162 2116 265 2158 ρους
293 2102 506 2152 συνέταξε,
564 2100 738 2148 διέξεισι
784 2097 831 2139 δὲ
861 2099 907 2139 ἐν
948 2099 1027 2151 μὲν
1052 2100 1159 2156 τῷδε
1191 2102 1252 2158 τῷ
1279 2099 1402 2161 λόγῳ,
1434 2102 1550 2157 ὅπως
1577 2105 1626 2149 αἱ

160 2166 344 2210 σπονδαὶ
379 2167 678 2222 συνεχύθησαν
706 2165 926 2207 Ἰουστίνου
964 2166 1045 2218 μὲν
1084 2164 1157 2207 διὰ
1188 2169 1483 2220 Κομεντιόλου
1511 2174 1622 2214 Σου-

0 2161 10 2357 Ξ
160 2263 287 2326 Lecti
317 2295 403 2326 sunt
427 2288 666 2335 Theophanis
682 2285 1082 2332 constantinopolitani
1101 2285 1337 2322 historiarum
1361 2289 1452 2324 libri
1476 2291 1617 2337 decem,

161 2350 318 2384 quorum
352 2339 490 2383 primus
528 2337 678 2370 initium
716 2333 818 2366 ducit
855 2332 901 2364 ab
947 2333 1014 2365 illo
1046 2333 1187 2366 Persico
1212 2333 1333 2376 bello,
1374 2338 1475 2384 quod
1497 2341 1616 2386 ruptis

160 2385 234 2418 iam
259 2385 470 2420 foederibus
496 2385 542 2417 iis
573 2388 738 2417 exortum
763 2386 830 2421 est,
849 2390 942 2425 quae
963 2380 1186 2414 Iustinianus
1210 2382 1415 2428 Imperator
1435 2391 1472 2419 et
1496 2387 1616 2422 Chos..

0 2464 3 2465 γ
106 2425 110 2430 ’
160 2435 256 2474 rotis,
282 2433 469 2466 Persarum
494 2442 569 2471 πει,
602 2429 757 2463 invicem
785 2426 1058 2461 constituerant.
1109 2427 1275 2462 Solverat
1297 2440 1339 2463 ea
1354 2430 1531 2468 chosroes
1555 2436 1615 2481 ip-

159 2489 224 2520 se,
248 2484 286 2513 et
308 2479 482 2519 Iustinus,
506 2475 703 2512 Iustiniani
730 2475 802 2507 iam
825 2484 1019 2515 successor,
1044 2480 1201 2508 exeunte
1227 2477 1342 2510 altero
1368 2479 1516 2524 imperii
1542 2492 1612 2515 an-

158 2536 220 2559 no.
269 2526 364 2559 Hinc
389 2537 472 2571 ergo
497 2525 742 2558 narrationem
777 2521 1005 2565 auspicatus,
1040 2521 1160 2566 pergit
1182 2533 1291 2567 porro
1315 2524 1364 2557 ad
1387 2534 1524 2560 annum
1549 2540 1612 2562 us-

159 2583 234 2618 que
267 2572 358 2606 belli
385 2573 575 2606 decimum.
634 2569 805 2604 Meminit
823 2578 908 2600 vero
935 2566 1005 2600 hoc
1030 2568 1111 2612 ipso
1133 2568 1252 2613 primo
1278 2571 1474 2606 voluminis
1497 2574 1610 2616 libro,

159 2620 349 2664 scripsisse
373 2630 519 2666 quoque
546 2629 584 2652 se
616 2627 710 2663 quae
749 2614 817 2648 sub
838 2613 1040 2647 Iustiniano
1067 2620 1166 2659 gesta
1199 2622 1307 2658 sunt,
1343 2619 1416 2652 imo
1442 2624 1480 2652 et
1518 2622 1610 2665 plu-

160 2676 217 2699 res
242 2677 324 2698 eum
363 2666 488 2700 decem
535 2665 634 2699 hisce
662 2661 895 2697 subiunxisse
927 2660 1063 2700 libros,
1094 2663 1182 2696 satis
1216 2665 1409 2698 manifeste
1443 2673 1604 2711 apparet.

111 2707 117 2713 ”
159 2712 293 2746 Narrat
314 2718 435 2746 autem
459 2712 530 2746 hoc
554 2712 650 2745 libro
672 2736 683 2753 ,
725 2719 797 2755 qua
820 2709 962 2741 ratione
985 2713 1091 2752 pacta
1115 2716 1291 2743 conventa
1316 2712 1390 2745 sint
1415 2711 1606 2755 dissoluta,

158 2768 241 2795 cnm
262 2760 422 2797 Iustinus
449 2770 518 2806 per
552 2757 823 2805 Comentiolum
855 2754 1028 2790 Suaniam
1065 2765 1086 2788 a
1112 2755 1271 2792 Chosroe
1298 2764 1500 2804 repeteret,
1525 2761 1604 2807 ipse
