1924 3164
305 183 419 251 254
910 183 1186 242 ExcERPTA

116 317 291 362 A,c,479
303 305 594 360 εὖπορωτέρας
620 303 705 343 τῶν
735 300 846 342 ὁδῶν
872 300 1070 350 ἐάσαντες
1096 300 1170 351 τοὶς
1198 303 1258 351 εἰς
1289 299 1387 352 τούς
1425 292 1645 357 πολεμίους
1676 317 1753 361 ‹pe-

123 413 144 445 Ζ
183 364 463 426 lud-290150ag
491 368 701 425 ἀπήγαγον
729 368 782 406 δι’
812 365 964 422 ὀρθίας
990 367 1183 422 οἷτραποῢ
1211 370 1286 410 καί
1310 371 1503 424 κρημνῶν
1530 369 1751 427 οἶμφιρ’ῥό-

147 413 403 488 81101ιὸπων,
434 436 479 477 ἑν
497 431 558 482 οἷς
583 430 698 487 παρὰ
725 429 874 488 μικρὸν
901 428 1047 488 ἦλθον,
1075 431 1156 475 σύν
1173 431 1353 476 ἱππεῦσί
1364 449 1407 476 τε
1427 432 1516 487 ἰών,
1547 434 1603 485 ὥς
1630 433 1750 487 εἰκὸς,

300 500 376 543 καί
401 499 580 554 ἁμάξαις
609 499 683 539 καί
722 499 1017 554 στρατοπέδων
1056 501 1314 556 κατασκευῇ,
1355 501 1613 554 ἐπιθεμένων
1650 501 1751 556 ἡμῖν

300 562 422 623 ἄφνω
460 566 544 606 ταῖν
584 563 795 616 πολεμίων
833 561 923 618 ἅμα
960 567 1020 622 τῷ
1058 565 1146 622 ἐμῷ
1185 564 1342 620 πλήθει
1364 567 1491 607 παντὶ
1516 565 1777 611 α’πολέσθαι5

259 628 514 680 Βκαθάπαξ.
569 631 755 672 ἐνταῦθα
793 629 1023 685 ἀναγκαίαν
1061 628 1269 686 ἐβιάσθην
1297 631 1510 685 σύμβασιν
1536 629 1644 687 πρὸς
1670 630 1751 672 αὕ-

301 694 400 745 wag
437 691 719 750 ποιήσασθαι·
760 691 823 745 οἷς
867 694 952 751 χρὴ
1005 693 1164 751 πολλὴν
1205 696 1335 752 χάριν
1376 694 1515 750 ἔχειν,
1555 693 1625 738 ὅτι
1669 695 1750 752 ὑφ’

297 762 419 814 ὑμῶν
474 760 734 816 προδοθέντα
785 759 1011 814 δυνάμενοι
1048 763 1123 803 καί
1160 763 1413 818 διαφθεῖραι
1452 759 1659 805 διέσωσάν
1700 776 1748 816 γε

299 824 458 881 ὁ’μως.”
511 822 792 879 Ἀδαμάντιος
832 827 879 869 δὲ
921 828 1005 868 τῶν
1045 842 1090 869 τε
1116 827 1192 868 τοῦ
1219 828 1426 880 βασιλέως
1454 829 1586 880 τιμῶν
1617 826 1747 870 αὐτὸν

297 891 601 947 α’νεμιζιινησκε,
649 892 724 933 καί
759 887 824 933 ὅτι
864 893 1082 947 πατρίκιον
1122 893 1195 934 καί
1231 890 1685 948 στρατηγὸν-ποιήσας,
1717 889 1800 935 ἃιο

295 962 384 1006 τοῖς
422 961 596 999 πλεῖστα
633 959 818 1010 καμοῦσι
858 956 975 1014 παρὰ
1019 958 1246 1011 Ῥωμαίοις
1284 960 1386 1013 γέρα
1422 959 1535 1012 ἐστι’,
1563 960 1637 1001 καί
1661 960 1747 1002 τῶν

297 1018 435 1065 ἄλλων
464 1025 633 1078 δωρεῶν
661 1022 735 1064 καί
762 1023 944 1065 πλούτου
976 1023 1223 1079 ἐνέπλησεν,
1270 1024 1368 1066 ἄνθ’
1397 1018 1459 1065 ὧν
1499 1022 1586 1065 ἔδει
1615 1024 1747 1079 μηδέ-

298 1106 402 1132 ποτε
439 1087 545 1144 πρὸς
579 1084 711 1130 αὐτὸν
739 1083 876 1137 ἄλλως
906 1105 994 1137 πως
1027 1084 1057 1145 ἢ
1084 1087 1190 1146 πρὸς
1218 1090 1381 1145 πατέρα
1410 1094 1581 1146 φρονεῖν
1607 1105 1651 1131 τε
1675 1091 1751 1131 καί

296 1157 582 1198 διατίθεσθαι.
635 1157 709 1196 καί
745 1153 799 1196 τοὶ
835 1156 917 1197 τῶν
957 1158 1056 1211 παρ’
1093 1155 1229 1197 affro&
1269 1155 1500 1211 ἐγκλήσεων
1543 1151 1626 1212 (ἦν
1664 1153 1747 1211 γάρ.

297 1218 415 1274 οἶμαι
459 1220 628 1278 ἀληθῆ)
662 1218 970 1276 διακρούεσθαι
1008 1222 1215 1277 ἐπειρᾶτο.
1271 1222 1345 1263 καί
1377 1217 1448 1262 ὅτι
1489 1221 1565 1262 οὐκ
1592 1218 1799 1262 ἀνεκτοὶιό

292 1287 507 1343 ποιήσειεν
542 1288 587 1328 ἐν
626 1279 852 1342 πρεσβείας
893 1288 1031 1328 ἐλπίδι
1069 1285 1322 1340 καταλαβών
1347 1285 1397 1328 τὰ
1429 1286 1673 1340 Ῥωμαίων,
1705 1286 1750 1328 οἳ

200 1370 235 1404 Ρ,
249 1353 374 1414 84καί
410 1353 780 1405 οἷποκεκλεισμένον
821 1354 865 1394 ἑν
905 1353 1051 1409 Θρᾴκῃ
1095 1351 1258 1407 ἔχοντες
1298 1346 1416 1409 ὄρεσι
1443 1355 1517 1395 καί
1541 1356 1746 1406 ποταμοῖς

289 1423 364 1463 καί
390 1421 592 1476 περιβολῇ
618 1417 933 1474 στρατοπέδων,
964 1414 1079 1471 ὅμως
1107 1419 1404 1474 συνεχώρησαν
1444 1415 1607 1467 ἑκόντες
1636 1420 1743 1470 διεξι-

289 1490 456 1529 ελθεῖν·
505 1481 555 1526 οὗ
585 1484 663 1541 γὰρ
695 1479 745 1526 ἂν
772 1482 831 1539 μὴ
861 1485 1127 1537 βουλομένων
1157 1482 1286 1525 αὐτὸν
1314 1485 1475 1526 ἐκεῖθεν
1503 1485 1740 1538 κινηθῆναι,

290 1553 390 1594 οὐδὲ
429 1553 470 1594 εἰ
507 1552 790 1592 δεκαπλασίαν
829 1546 919 1603 εἶχε
966 1546 1147 1602 δυ’ναμιν
1181 1550 1255 1604 τῆς
1292 1549 1523 1604 παρούσης.
1580 1550 1656 1591 νῦν
1693 1557 1795 1592 τεοῦ

289 1618 592 1671 συμβουλεύειν
621 1615 733 1672 αὐτῷ
759 1613 1039 1670 μετριώτερον
1068 1611 1225 1656 ἑαυτὸν
1245 1615 1304 1671 τῷ
1328 1616 1504 1668 βασιλεῖ’
1524 1616 1740 1669 παρέχειν·

381 1688 414 1721 3.
441 1683 510 1720 ἰῶν
533 1683 633 1723 VaL,
660 1681 785 1717 ἰώνων
809 1682 909 1728 vulg.
1007 1683 1059 1716 13.
1086 1679 1208 1718 ἄλλως
1231 1692 1311 1718 πως
1336 1682 1414 1717 Val.
1429 1707 1442 1722 ,
1481 1682 1562 1714 ἄλλ’
1585 1680 1634 1718 ὥς
1658 1680 1740 1718 πῶς

384 1733 480 1777 vulg.
582 1732 633 1765 ¹6.
660 1728 878 1773 καταλαβών
900 1726 945 1762 ‘td
975 1728 1076 1770 val„
1101 1728 1359 1773 καταλαβόντα
1382 1729 1477 1773 vulg.

289 1789 505 1837 praecipitia
529 1788 610 1819 loca
634 1798 691 1821 mc
717 1786 968 1826 deduxerunt,
992 1786 1032 1818 in
1058 1785 1192 1831 quibus
1221 1796 1346 1830 parum
1370 1784 1495 1826 abfui,
1523 1794 1635 1829 quum
1657 1794 1739 1816 cum

291 1835 479 1882 equitibus
518 1839 555 1868 et
588 1833 754 1868 curribus
792 1837 830 1866 et
869 1833 941 1866 alio
989 1836 1187 1865 castrorum
1220 1836 1395 1877 apparatu
1426 1832 1496 1865 iter
1522 1831 1678 1864 facerem
1701 1834 1739 1863 et

291 1884 415 1916 hostes
441 1883 479 1914 in
504 1891 561 1913 me
586 1879 784 1925 derepente
809 1880 1014 1919 irruerent,
1039 1878 1131 1923 quin
1155 1888 1235 1911 cum
1260 1884 1338 1912 toto
1362 1877 1523 1911 exercitu
1546 1887 1626 1910 meo
1652 1875 1738 1910 fun-

295 1931 393 1963 ditus
431 1927 630 1962 interirem.
689 1927 743 1960 Ex
773 1936 846 1972 quo
883 1926 1123 1959 necessariam
1159 1936 1242 1958 cum
1273 1925 1346 1958 illis
1379 1926 1583 1970 pactionem
1616 1922 1736 1955 facere

295 1987 372 2009 sum
399 1980 562 2014 coactus,
597 1972 730 2019 quibus
754 1983 918 2017 magnam
940 1973 1091 2016 gratiam
1121 1971 1255 2005 habere
1281 1975 1443 2018 oportet,
1481 1969 1580 2017 quod
1600 1979 1682 2010 me,
1713 1979 1735 2000 a

294 2022 398 2056 vobis
426 2020 634 2066 proditum,
667 2030 746 2053 cum
772 2018 939 2053 occidere
961 2020 1127 2062 possent,
1154 2023 1278 2052 tamen
1302 2021 1520 2052 servarunt.“
1562 2014 1620 2050 Ad
1645 2015 1737 2049 haec

294 2069 531 2103 Adamantius
556 2067 613 2100 illi
641 2066 680 2098 in
706 2067 917 2100 memoriam
940 2065 1139 2105 revocavit,
1165 2063 1297 2110 quibus
1317 2065 1421 2097 illum
1445 2064 1642 2108 Imperator
1666 2061 1735 2095 ho-

293 2115 446 2149 noribus
471 2114 664 2153 affecisset,
689 2118 731 2146 ut
747 2113 942 2158 patricium
968 2116 1005 2144 et
1022 2111 1150 2145 ducem
1172 2116 1349 2153 creasset,
1380 2120 1475 2157 quae
1492 2113 1612 2143 essent
1635 2108 1735 2152 apud

295 2163 473 2195 Romanos
498 2160 658 2205 praemia
680 2158 751 2200 his,
775 2159 841 2205 qui
865 2164 1051 2192 strenuam
1074 2158 1128 2192 rei
1148 2158 1317 2203 publicae
1343 2156 1552 2191 navaverint
1574 2165 1733 2199 operam,

296 2208 494 2242 constituta
525 2207 768 2250 amplissima,
799 2210 842 2238 ut
875 2216 957 2240 eum
984 2205 1108 2240 multis
1133 2204 1237 2238 donis
1258 2209 1295 2236 et
1317 2202 1526 2238 muneribus
1550 2201 1733 2235 cumulas-

295 2259 371 2295 sct,
409 2265 473 2299 pro
497 2253 631 2298 quibus
657 2251 830 2285 decuerat
854 2252 1112 2297 Imperatorem
1143 2249 1242 2284 haud
1275 2260 1395 2290 secus,
1432 2252 1539 2296 quam
1573 2253 1733 2293 patrem,

295 2301 416 2335 colere
441 2304 479 2333 et
502 2299 669 2332 revereri.
720 2298 890 2332 Ceterum
914 2309 968 2338 ea,
993 2298 1039 2332 de
1063 2297 1197 2344 quibus
1211 2297 1465 2342 Imperatorem
1482 2294 1732 2334 insimulabat,

294 2348 356 2391 (et
380 2351 483 2379 erant
506 2347 636 2390 opinor
658 2345 776 2391 vera‚)
820 2344 962 2378 diluere
996 2350 1033 2379 et
1067 2343 1224 2378 refutare
1249 2346 1397 2377 conatus
1422 2346 1486 2379 est.
1534 2341 1627 2374 Sane
1655 2341 1731 2373 mi—

293 2394 392 2427 nime
414 2392 605 2425 toleranda
629 2391 864 2432 commisisse,
899 2391 964 2437 qui
994 2401 1061 2436 per
1091 2391 1246 2435 speciem
1268 2388 1456 2435 legationis
1481 2387 1632 2422 Romani
1654 2387 1730 2420 im-

292 2438 389 2485 perii
412 2443 550 2482 partem
584 2438 759 2471 invaserit
795 2443 832 2472 et
855 2438 1059 2482 occuparit,
1094 2437 1304 2482 praesertim
1334 2445 1444 2482 quum
1470 2435 1548 2474 ini,
1583 2433 1730 2467 tametsi

295 2486 422 2530 copiae
447 2484 524 2517 eius
550 2485 589 2517 in
604 2483 759 2518 Thracia
783 2484 968 2518 montibus
994 2490 1032 2518 ct
1054 2483 1173 2517 fluviis
1195 2483 1354 2516 inclusae
1376 2486 1414 2515 et
1436 2481 1595 2513 militum
1618 2491 1728 2514 manu

295 2537 418 2576 septae
441 2534 671 2570 tenerentur,
705 2535 826 2564 tamen
850 2530 964 2563 libere
990 2531 1090 2564 exire
1114 2529 1368 2565 concesserint.
1412 2528 1556 2561 Etenim
1591 2527 1621 2560 si
1654 2536 1726 2560 no·-

293 2580 451 2612 luissent
473 2581 511 2610 et
534 2577 775 2616 restitissent,
810 2577 953 2610 etiamsi
980 2578 1058 2610 eius
1082 2577 1208 2620 copiae
1236 2575 1355 2608 decies
1381 2584 1532 2607 numero
1558 2583 1727 2618 superas-

291 2630 373 2658 sent
396 2634 471 2663 eas,
510 2634 598 2669 quas
630 2633 727 2655 nunc
757 2622 907 2656 haberet
922 2648 931 2663 ‚
973 2633 1157 2667 nunquam
1181 2622 1303 2655 tam'en
1326 2619 1412 2653 inde
1436 2621 1564 2665 pedem
1589 2618 1726 2652 referre

290 2672 505 2717 potuissent.
555 2668 659 2701 Nunc
682 2669 794 2714 igitur
818 2679 855 2702 se
880 2670 936 2702 illi
961 2668 1130 2709 suadere,
1165 2672 1207 2700 ut
1230 2678 1267 2700 se
1295 2668 1516 2701 summissius
1540 2677 1622 2712 erga
1647 2666 1725 2698 Im-

288 2723 492 2763 peratorem
523 2719 630 2761 gerat.
677 2715 752 2748 Nec
786 2716 882 2748 enim
912 2715 1060 2749 tandem
1084 2715 1122 2747 in
1155 2714 1232 2747 eius
1272 2718 1453 2757 potestate
1483 2715 1559 2747 fore
1595 2713 1724 2745 Roma-

292 2775 439 2806 norum,
468 2763 533 2808 qui
551 2762 609 2796 illi
631 2760 793 2807 undique
810 2762 1061 2803 imminerent,
1084 2771 1209 2794 manus
1232 2760 1402 2805 effugere.
1452 2760 1629 2805 Oportere
1654 2759 1726 2804 igi-
