1924 3164
327 522 373 582 Ι.
411 522 480 582 Β.
522 520 585 582 C.
621 523 886 583 ANSSII
926 519 1452 587 VILLOISONIS

729 645 766 683 N
798 645 835 684 o
865 645 902 684 Τ
931 644 970 683 Α
999 645 1050 684 E·

169 748 259 795 IN
333 746 814 795 PROCOPII
887 747 1602 797 PANEGYRICUM.

385 884 435 911 EX
459 884 631 910 EIUSDEM
652 884 840 911 DIATRIBA
865 885 915 910 DE
943 884 1153 912 comcnsus
1179 887 1341 913 GRAECIS
1360 906 1372 929 ‚

550 963 808 987 ANECDOTORUM
828 964 913 986 'rom
938 965 976 988 11.
994 966 1024 987 P.
1037 966 1092 1000 27.
1111 966 1210 997 SEQQ.

167 1121 306 1221 Quas
335 1156 501 1197 Photius
529 1160 629 1268 codp
651 1159 739 1199 160.
761 1160 899 1200 laudat
912 1159 1098 1223 Procopii
1126 1161 1324 1199 orationes
1353 1163 1456 1201 varii
1484 1177 1688 1222 gene-pag
1701 1190 1745 1222 27

165 1215 248 1263 ris,
279 1212 573 1253 FabriciusVI.
603 1229 642 1268 p.
675 1214 768 1269 259.
810 1222 961 1253 exstare
988 1217 1052 1254 vix
1081 1222 1226 1268 putat.
1257 1215 1349 1254 licet
1381 1217 1466 1255 Nic.
1500 1218 1670 1259 Ale-Ed.
1688 1227 1776 1259 Ven.

162 1282 334 1307 mannus
362 1268 490 1308 Praef.
530 1270 580 1307 ad
607 1230 867 1308 Caesariensis
895 1270 1081 1322 Procopii
1109 1268 1305 1308 α’νέκδοτα
1339 1271 1608 1313 Declamatio-

162 1337 233 1361 nes
261 1323 448 1374 Procopii
478 1325 621 1363 Gazaei
650 1325 818 1364 ineditas
848 1338 1068 1363 memoiffaie
1090 1324 1285 1363 videatur.
1345 1326 1504 1378 Opeiae
1530 1330 1603 1382 igi-
1615 1337 1693 1381 Pag
1709 1338 1755 1371 28

161 1384 230 1417 tur
245 1380 418 1430 pretium
437 1378 633 1417 facturum
651 1394 715 1419 me
737 1379 910 1428 credidi,
941 1380 989 1428 si,
1018 1378 1093 1416 hac
1111 1381 1317 1418 occasione
1335 1380 1442 1429 data,
1465 1396 1487 1420 e
1506 1383 1604 1423 Cod.

161 1432 205 1470 S.
223 1434 350 1472 Marci
369 1433 698 1472 CCCCXXVIII.
730 1433 796 1472 hic
817 1434 1088 1487 depiomerem
1118 1447 1241 1471 unam
1269 1434 1436 1474 huiusce
1448 1436 1607 1477 Proco-

158 1487 215 1540 pii
244 1487 387 1526 Gazaei
416 1488 675 1538 Orationem,
704 1502 806 1541 quae
834 1496 873 1526 et
901 1488 1075 1534 inedita,
1108 1495 1147 1527 et
1172 1488 1358 1527 Fabiicio
1392 1491 1540 1543 ignota,
1562 1501 1602 1532 et

161 1541 450 1594 elegantissima
469 1550 543 1592 est,
572 1550 612 1582 et
626 1545 838 1582 maximam
866 1542 986 1581 habet
1013 1543 1287 1596 cognationem
1319 1558 1410 1581 cum
1440 1545 1598 1586 dicendi

160 1609 327 1648 genere,
363 1610 443 1651 quo
471 1611 566 1636 usus
592 1605 651 1636 est
677 1598 797 1637 Ch01
787 1612 908 1647 mnus,
943 1598 1125 1649 Procopii
1156 1597 1388 1650 discipulus,
1418 1606 1458 1638 et
1483 1600 1599 1640 Ana-

158 1652 266 1689 stasii
299 1651 580 1703 Imperatoris,
623 1667 742 1706 quem
770 1653 968 1699 celebrat,
1015 1654 1141 1691 vitam
1168 1651 1365 1702 illustrat,
1396 1668 1442 1692 ac
1473 1654 1522 1693 de
1549 1670 1599 1695 eo

159 1705 286 1744 multa
304 1706 419 1745 nobis
437 1706 572 1754 tradit,
603 1721 704 1760 quae
731 1721 927 1759 nusquam
953 1707 1140 1760 leguntur
1167 1707 1272 1758 apud
1290 1707 1594 1761 Theophanem,

161 1760 403 1808 cedrenum,
434 1762 566 1799 Zonai
568 1775 647 1807 am
681 1762 916 1814 Euagrium,
947 1760 1208 1800 Theodorum
1222 1762 1367 1799 Lect01
1368 1776 1458 1813 em
1491 1763 1607 1803 Ana-

159 1816 324 1853 stasium
367 1791 753 1865 Bibliothecarium,
787 1816 934 1855 ΙοὲὲΙεηι
953 1845 964 1865 ,
1012 1817 1217 1855 Victorem
1256 1816 1569 1856 Tunnuncnsem
1592 1848 1607 1868 ,

159 1868 351 1908 Malalam
369 1900 378 1917 ,
404 1869 633 1908 Chronicon
659 1870 869 1918 Paschale,
902 1870 1096 1909 Comitem
1125 1868 1422 1921 Marcellinum,
1452 1873 1604 1911 Proco-

158 1924 270 1976 pium
297 1924 562 1974 historicum,
593 1925 848 1975 Iornandem,
877 1925 1058 1976 Suidam,
1087 1924 1321 1973 Balonium,
1350 1925 1462 1978 Pagi,
1497 1927 1603 1966 Can-

158 1979 296 2030 gium,
336 1978 582 2026 Tillemont,
629 1978 666 2017 le
693 1981 828 2029 Beau,
870 1979 1047 2032 aliosque
1080 1992 1218 2017 omnes
1246 1986 1454 2030 auctores,
1497 1995 1605 2034 quos

159 2032 209 2070 de
237 2033 439 2072 Anastasii
468 2034 590 2072 rebus
618 2035 737 2087 gestis
765 2041 924 2087 agentes
960 2034 1170 2087 diligenter
1197 2032 1433 2073 evolvimus.

263 2087 368 2141 Pag.
393 2087 501 2142 490,
534 2101 573 2126 2
598 2088 663 2126 ed.
682 2089 813 2127 Bonn.
880 2088 1035 2127 Eodem
1069 2102 1186 2127 sensu
1215 2087 1424 2128 Choricius
1452 2091 1494 2128 in
1533 2091 1602 2130 illa

157 2143 339 2180 elatione
375 2143 561 2192 funebri,
604 2157 682 2195 qua
709 2143 879 2181 eundem
910 2144 1177 2195 Procopium,
1207 2157 1324 2181 suum
1352 2145 1599 2196 magistrum,

160 2194 364 2247 celebrat,
409 2198 516 2261 apud
554 2197 714 2236 Fab1ic.
757 2197 860 2237 Bibl.
893 2198 1035 2237 Graec.
1075 2198 1126 2235 T.
1157 2197 1273 2235 V111.
1309 2212 1348 2243 r)
1371 2199 1464 2238 862.
1483 2215 1494 2238 ε
1524 2201 1602 2239 νῦν

160 2249 209 2289 δὲ
235 2250 298 2297 τίς
330 2264 377 2289 ov
409 2248 579 2291 κατόπιν
609 2249 797 2305 χωρήσει
823 2252 905 2291 τῶν
933 2251 1214 2306 εἰργασμέιων
1232 2281 1245 2304 ‚
1291 2247 1352 2291 ων
1378 2251 1425 2292 τί
1457 2268 1603 2308 παρεις

159 2304 270 2351 τίνος
296 2306 496 2357 μνησθῶ·
483 2337 495 2357 ,

189 2373 221 2390 —.·r
270 2359 602 2414 Pag.491,18.
643 2362 840 2414 Euagrius
866 2359 1144 2410 Scholasticus,
1173 2360 1400 2401 Ecclesiast.
1431 2362 1584 2402 Histor.
1600 2376 1676 2421 1¹13
1694 2389 1737 2422 29

156 2412 207 2451 L.
237 2413 277 2452 5.
309 2428 343 2454 c.
377 2428 446 2469 ²9·
476 2431 518 2483 p.
551 2417 644 2481 357.
677 2417 740 2454 ed.
769 2416 902 2455 Vales.
931 2415 1218 2454 Amstelodam.
1237 2431 1248 2455 :
1280 2409 1399 2464 οὗτος
1422 2412 1444 2455 ὃ
1471 2415 1598 2456 Ἀνα-

157 2465 327 2514 στάσιος
363 2469 549 2523 πατριδα
589 2468 662 2522 τὴν
703 2469 944 2534 Ἐπίδαμνον
992 2465 1125 2519 έχων,
1173 2466 1200 2522 ἢ
1223 2466 1472 2523 Δυρὅάχιον
1523 2473 1599 2511 νῦν

158 2519 491 2589 προσηγόρευται
510 2556 523 2574 ‚
573 2523 647 2576 τήν
692 2538 736 2563 τε
774 2520 964 2588 Ζήνωνος
1013 2525 1230 2574 βασιλείαν
1289 2538 1357 2563 και
1420 2523 1602 2577 γαμετήν

160 2574 236 2613 τοῦ
266 2574 398 2616 αὐτοῦ
409 2576 625 2630 Ζήνωνος,
655 2575 729 2641 τήν
753 2575 994 2630 Ἀριάδνην,
1023 2577 1278 2628 eaocuchgewc
1318 2580 1430 2618 Idem
1454 2580 1602 2618 ibidem

157 2628 278 2681 paulo
306 2645 450 2694 supra:
499 2631 525 2685 ἦ
548 2628 755 2699 Ἀριάδνη
780 2629 1040 2687 Ἀναστασύρ
1074 2629 1147 2672 τόν
1174 2632 1384 2684 στέφανον
1417 2633 1604 2699 ἐπιτίθηὲ

158 2696 252 2733 σιν,
283 2696 398 2725 ουπω
430 2687 509 2736 μὲν
538 2701 675 2740 ηκοντι
711 2686 770 2733 εἰς
796 2672 1048 2739 γερουσίαν,
1079 2686 1122 2726 ἐν
1150 2686 1195 2727 δὲ
1223 2687 1272 2741 τῇ
1300 2685 1494 2741 λεγομένῃ
1524 2702 1604 2727 των

172 2737 455 2794 σιλενῑιαρίων
506 2743 638 2798 σχολῇ
668 2741 1010 2797 aarazsyous'my
1042 2756 1086 2782 ex
1114 2756 1228 2795 quo,
1259 2750 1302 2780 ut
1328 2757 1372 2780 ex
1396 2742 1471 2794 iis,
1503 2757 1604 2796 quac
