1924 3164
576 212 613 270 E·
647 210 852 253 MALcffl
893 210 1165 254 Hls‘romA.
1268 271 1270 273 Ι
1332 248 1370 254 ,.
1475 212 1602 270 277-

147 311 241 352 οὕσι
282 311 499 364 στενάξας,
539 312 682 364 ,,Θεοῦ
719 313 909 366 παίγνιον
937 309 1023 368 ἄρα
1036 315 1072 366 ,”
1103 309 1228 366 εἶπεν,
1260 312 1311 366 ,,ὅ
1340 306 1588 368 ἄνθρωπος,

143 374 228 429 εἴγε
255 377 327 418 καὶ
351 378 427 430 ἐμὲ
457 373 567 419 οὕτω
594 379 758 428 παίζειν
795 378 983 434 φιλεῐατὸ
1015 377 1256 431 δαιμόνιον.
1297 378 1395 433 ἐμοὶ
1419 377 1501 435 γὰρ
1531 378 1605 434 δὴ

145 439 185 482 οἷ
198 438 371 493 μάντεις
390 439 464 483 τὸν
485 440 664 488 Ἰούλιον
684 445 796 497 μῆνα
821 443 1045 499 ἐξανάγκης
1073 446 1122 486 ἐν
1138 442 1598 487 Κωνσταντινουπόλει.

145 503 451 559 διατεινόμενοι
465 503 706 563 προῦλεγον.
724 505 836 561 κοῖγώ
853 510 931 560 μὲν
943 508 1132 562 ἐνόμιζον
1146 508 1607 558 ε’ςΚωνσταντινούπο->

114 573 206 613 5λιν
227 568 529 627 ἀναβήσεσθαι,
557 574 632 614 νῦν
664 574 711 614 δὲ
740 571 909 615 πάντων
936 572 1088 630 ἔρημος
1114 574 1187 616 καὶ
1213 574 1352 630 φυγὰς
1375 574 1434 624 εἷς
1457 570 1590 630 λόφον

139 630 294 692 ἦλθον,
324 635 507 692 εὑρηκώς
535 637 557 679 ὃ
596 638 778 699 δείλαιος
807 639 1088 694 προσηγορίαν
1115 640 1375 693 ὃμιόνυμον.”
1406 642 1474 682 Id.
1491 657 1582 682 s.v.

249 703 302 758 η’.
359 701 535 758 Ζήνων,
563 703 764 758 βασιλεὺς
795 704 1049 758 εΡωμαίων.
1104 704 1149 755 ὃς
1176 707 1354 761 Ζήνωνα
1382 704 1453 748 τὸν
1483 703 1586 748 ἔαυ-

140 769 218 809 τοῦ
246 766 336 810 υἱὸν
366 769 564 823 διάδοχον
590 768 918 823 καταλιμπάνειν
945 772 1083 813 θέλων
1111 773 1264 828 κομιδῇ
1309 773 1423 825 νέον,
1453 762 1586 827 προῆ-Ι

139 836 187 888 γέ
213 849 258 876 τε
286 835 339 875 δι’
368 834 520 888 ἀξιῶν,
549 837 622 876 καί
647 838 967 888 σωμασκεΐσθαι
994 837 1181 878 ἐκέλευεν
1212 839 1272 886 εἰς
1300 836 1488 878 ἐπίδοσιν
1514 840 1588 892 τῆς

91 900 313 954 ιοῆλικίας.
380 900 419 942 οἱ
451 902 498 942 δὲ
525 899 739 954 βασιλικοὶ
763 902 809 943 ἐν
837 902 1004 959 ἐξουσίᾳ
1031 901 1244 956 γενόμενοι
1271 904 1348 944 τοῦ
1374 898 1507 957 ἄδδην
1534 902 1589 962 τοὶ

138 962 320 1021 δημόσια
358 968 695 1021 καταναλίσκειν,
733 969 1014 1023 συβαριτικῶς
1039 966 1112 1010 τὸν
1139 969 1231 1010 νέον
1258 970 1495 1025 κραιπαλᾷν
1519 969 1610 1021 ἐν-Ϊ

137 1032 317 1086 ήργουν,
372 1033 448 1073 καί
470 1032 832 1088 μαστροπεύοντες
858 1035 973 1090 αὐτῷ
1001 1032 1102 1083 τοὺς
1129 1031 1336 1088 συνὴβους
1357 1032 1463 1090 πρὸς
1489 1032 1610 1083 τούς,

136 1098 222 1138 τῶν
263 1096 453 1153 ἄρ’ῥένων
497 1096 656 1153 ἔρωτας
684 1099 844 1155 λυσσᾷν
873 1099 1128 1141 ἐπαίδευσαν
1158 1098 1370 1148 ἐκτόπως.
1426 1099 1610 1154 διαίτης·

137 1158 214 1204 οὖν
251 1163 296 1204 ἐν
321 1161 492 1217 ἡδοναῖς
531 1166 604 1205 καί
628 1165 746 1222 τύφῳ
773 1166 994 1220 τιθεμένης
1011 1197 1023 1218 ,
1066 1167 1152 1207 τῶν
1181 1167 1319 1206 καλῶν
1345 1161 1442 1213 ’ἑκὰς
1468 1156 1611 1218 γενό-ζ

90 1230 288 1281 ιόμενος,
327 1227 401 1271 καί
435 1227 511 1283 τήν
548 1229 868 1285 ὖποτυφομένην
907 1227 1156 1282 ἀλαζονείαν
1193 1231 1268 1272 ἐπὶ
1301 1231 1352 1286 τῇ
1389 1231 1587 1286 βασιλικῇ

137 1295 368 1352 καραδοκίᾳ
407 1292 479 1336 διὰ
516 1297 593 1336 τοῦ
639 1294 863 1350 προσώπου
915 1295 1217 1351 ὖπεμφαίνων,
1255 1296 1502 1350 ἅκροβατεΐν
1539 1309 1586 1336 ’τε

136 1355 290 1415 ἤρξατο
315 1359 389 1401 καὶ
426 1358 633 1415 μετέωρον
656 1358 730 1401 τὸν
758 1360 918 1414 αὐχένα
957 1359 1095 1415 αἴρειν
1121 1362 1205 1412 καί,
1236 1357 1474 1414 συλλήβδην
1502 1358 1588 1415 φοί-

137 1442 233 1479 ναι,
285 1427 508 1481 προσέχειν
534 1427 663 1467 πᾶσιν
702 1424 758 1474 ὥς
781 1426 958 1475 οἰκέταις
986 1424 1225 1481 ἀνθρώποις
1242 1457 1253 1470 .
1309 1428 1400 1466 ἀλλ’
1430 1425 1453 1465 ὅ
1480 1424 1587 1466 πάν-

134 1507 220 1533 των
256 1488 409 1547 ἔφορος
448 1490 524 1545 τὴν
563 1488 746 1546 φυσικὴν
788 1489 862 1532 καί
889 1489 1092 1546 διδακτήν
1122 1488 1333 1545 κακότητα
1360 1489 1494 1531 αὐτοῦ
1521 1505 1589 1531 τε-

81 1558 359 1609 αοθεαμένος,
391 1552 702 1611 διαρ’ρεύσαντα
730 1557 784 1612 τῇ
810 1554 961 1611 γαστρὶ
986 1556 1352 1610 κᾶῒοῖναισθήτως
1379 1556 1452 1596 ἐπὶ
1484 1558 1588 1595 πολὺ

135 1620 212 1670 λὰς
239 1621 399 1677 ἡμέρας
425 1623 469 1670 ἐς
496 1619 574 1676 τήν
592 1619 718 1675 εὕνὴν
737 1617 1044 1674 ἆποπατοῦντα,
1074 1617 1267 1678 πρόωρον
1297 1621 1382 1662 τῶν
1410 1620 1584 1676 duaeque<

137 1689 266 1729 πείων
293 1686 537 1729 ἐδικαίωσεν
565 1687 748 1742 ἐκβῆναι.
782 1690 898 1729 Idem
919 1704 1005 1729 sav.

138 1789 219 1823 dem
244 1799 301 1822 me
326 1789 377 1822 sic
407 1788 588 1822 ludificari
618 1788 758 1833 placuit
784 1790 938 1823 numini.
987 1791 1099 1824 Vates
1126 1791 1224 1824 enirn
1257 1793 1465 1823 constanter
1494 1789 1589 1823 mihi

135 1835 419 1880 praedixerunt,
457 1836 591 1869 Iulium
625 1846 786 1869 mensem
819 1836 924 1868 illum
950 1847 1051 1876 esse,
1077 1847 1149 1881 quo
1179 1848 1237 1869 me
1264 1836 1590 1879 Constantinopoli

136 1882 336 1915 necessario
373 1892 450 1914 esse
481 1886 676 1926 oporteret.
731 1882 850 1926 Atque
889 1893 954 1925 ego
991 1882 1139 1927 quidem
1166 1882 1382 1923 arbitrabar,
1406 1892 1464 1914 me
1491 1882 1589 1914 Con-

136 1928 413 1974 stantinopolim
450 1939 692 1961 ascensurum.
755 1927 862 1960 Nunc
900 1939 985 1961 vero
1028 1929 1072 1961 ab
1111 1929 1279 1961 omnibus
1313 1928 1509 1962 destitutus
1548 1932 1586 1962 et

137 1976 223 2009 exul
248 1976 286 2008 in
321 1975 450 2008 collem
474 1976 558 2007 veni
574 1999 583 2014 ,
608 1973 755 2006 inventa
781 1974 889 2006 miser
915 1975 1162 2018 appellatione
1181 1974 1373 2007 consimili,
1438 2015 1441 2019 ἢ

230 2023 263 2056 8.
311 2022 430 2061 Zeno,
463 2021 703 2053 Romanorum
743 2020 962 2063 Imperator,
1001 2021 1065 2066 qui
1086 2022 1284 2060 Zenonem,
1316 2032 1421 2054 suum
1445 2020 1585 2062 filium,

136 2067 330 2103 admodum
382 2067 674 2107 adolescentem,
714 2067 861 2110 imperii
893 2077 1133 2100 successorem
1167 2067 1374 2112 relinquere
1409 2068 1587 2111 cupiens,

135 2128 202 2161 per
225 2116 337 2148 varias
365 2114 558 2158 dignitates
578 2111 840 2157 -provehebat‚
869 2117 906 2145 et
931 2123 1060 2157 corpus
1089 2124 1254 2147 exercere
1278 2113 1432 2147 iubebat
1456 2113 1502 2146 ad
1528 2114 1586 2145 in-

137 2166 357 2196 crementum
381 2167 549 2194 staturae.
598 2159 670 2193 Sed
685 2159 913 2203 Imperatorii
936 2170 1101 2203 proceres
1117 2185 1126 2200 ‚
1151 2161 1250 2193 nacti
1288 2164 1504 2205 potestatem
1540 2160 1586 2192 fi-

138 2210 189 2242 sci
213 2208 357 2242 abunde
383 2206 644 2247 exhauriendi,
669 2217 815 2250 operam
839 2205 984 2246 dabant,
1013 2213 1056 2240 ut
1080 2206 1290 2240 adolescens
1315 2205 1380 2239 ille
1406 2205 1586 2250 Sybariti-

137 2267 180 2289 co
205 2266 303 2288 more
338 2254 506 2299 crapulae
534 2259 570 2286 et
593 2251 711 2286 foedis
735 2252 982 2296 voluptatibus
1018 2252 1245 2298 indulgeret,
1282 2258 1320 2286 et
1344 2253 1419 2285 suis
1442 2252 1585 2285 lenoci-

138 2302 212 2335 niis
247 2302 480 2335 conciliantes
515 2300 586 2344 ipsi
614 2298 776 2332 eiusdem
810 2300 939 2332 aetatis
965 2298 1140 2343 puberes,
1171 2299 1388 2345 quibuscum
1411 2298 1584 2332 versaba-

139 2353 218 2388 tur,
251 2348 370 2393 ipsum
397 2346 552 2391 turpiter
590 2346 848 2384 instituerunt,
883 2351 924 2378 ut
946 2346 985 2378 in
1010 2346 1164 2378 marium
1191 2355 1329 2378 amores
1354 2345 1476 2378 furore
1501 2355 1583 2378 cor-

139 2400 261 2439 reptus
295 2394 462 2428 ferretur.
527 2393 617 2426 Cum
649 2392 758 2437 igitur
788 2393 885 2424 vitae
927 2402 1038 2435 genus
1074 2393 1112 2425 in
1132 2393 1322 2436 *voluptate
1348 2397 1386 2425 et
1411 2391 1584 2435 superbia
1624 2411 1634 2421 .

138 2440 408 2482 traduceretur,
443 2440 489 2473 ab
524 2439 692 2472 omnibus
729 2437 858 2471 studiis
891 2437 1054 2471 honestis
1091 2443 1249 2471 remotus
1290 2443 1340 2480 et,
1374 2448 1584 2471 succensam

139 2489 380 2531 arrogantiam
418 2487 464 2519 ob
499 2486 645 2530 imperii
674 2485 980 2528 exspectationem
1012 2496 1031 2518 e
1065 2485 1168 2518 vultu
1204 2485 1405 2518 elucentem
1431 2494 1519 2529 prae
1545 2495 1583 2518 se

137 2534 277 2574 ferens,
310 2533 456 2567 summis
495 2533 628 2578 pedum
663 2531 785 2575 digitis
813 2529 981 2565 incedere
1013 2537 1050 2565 et
1088 2531 1278 2564 sublimem
1311 2531 1486 2565 cervicem
1511 2531 1584 2564 eri-

139 2591 243 2624 gere,
269 2585 305 2612 et
329 2581 386 2625 (ut
412 2581 534 2624 paucis
561 2589 635 2612 rem
661 2583 773 2611 totam
800 2577 1032 2622 complectar)
1058 2588 1138 2610 cum
1165 2577 1334 2611 omnibus
1360 2577 1584 2617 hominibus,

140 2631 183 2659 ut
206 2637 285 2659 cum
311 2627 421 2660 servis
437 2652 447 2667 ‚
472 2637 578 2672 agere
604 2625 737 2669 coepit.
784 2623 856 2657 Sed
886 2624 951 2658 ille
978 2636 1096 2658 rerum
1121 2625 1282 2657 omnium
1309 2625 1495 2667 inspector
1518 2635 1585 2656 na—

142 2673 297 2706 turalem
333 2678 371 2706 et
406 2673 567 2707 edoctam
601 2672 716 2716 ipsius
742 2669 1011 2714 improbitatem
1036 2672 1324 2715 contemplatus,
1347 2671 1465 2715 ipsum
1490 2669 1585 2703 iuste

139 2720 308 2763 punivit,
341 2719 390 2752 ita
426 2725 468 2752 ut
499 2720 637 2752 ventris
671 2717 850 2761 profluvio
885 2722 922 2750 et
947 2717 1023 2750 sine
1062 2729 1170 2750 sensu
1195 2729 1260 2762 per
1284 2716 1361 2749 dies
1387 2716 1520 2748 multos
1546 2716 1586 2749 in

143 2765 237 2799 lecto
263 2766 382 2800 alvum
406 2776 606 2800 exonerans
633 2765 823 2798 immatura
848 2768 964 2799 aetate
993 2775 1037 2798 ex
1060 2762 1226 2798 humanis
1252 2763 1359 2797 rebus
1384 2761 1585 2800 excederet.
