1924 3164
593 141 628 181 E
665 138 950 182 MENANDm
987 137 1262 181 nls'romA.
1294 126 1297 129 ’
1542 116 1653 192 37‘5

207 236 378 295 νεκυία,
406 236 453 284 ἐκ
480 242 562 284 τῶν
590 242 635 284 ἐν
661 242 713 299 τῇ
741 243 914 294 Νισίβει
957 237 1176 296 ἀρχόντων
1203 238 1447 294 ἐξεπέμφθη
1492 236 1572 280 σὺν
1609 239 1844 294 τῇΔ.Ο.·565

209 309 462 364 νομιζομένῃ
505 309 608 364 τιμῇ
642 306 890 363 πρεσβεύειν
924 306 969 355 ἐς
1005 302 1057 348 τά
1099 306 1296 359 βασίλεια
1337 307 1544 360 Περσῶν·
1589 306 1662 346 καί
1669 289 1826 371 fflssffn

210 370 394 426 ἅπαντα,
434 366 493 415 ὧν
529 371 649 414 ἕνεκα
677 370 851 415 ἔσταλτο
866 403 878 424 ,
920 372 967 414 ἐν
1014 370 1149 413 δέοντι
1186 369 1580 427 καταστησάμενος,
1615 371 1698 417 ἐνΒ

207 436 369 488 τούτοις
405 437 608 495 ὑπῆρχεν.
663 437 685 482 ὃ
733 438 780 480 δὲ
818 434 1016 492 Χοσρόης
1054 438 1101 479 ἐν
1141 439 1220 495 μιᾷ
1258 439 1343 480 τῶν
1380 434 1552 493 ἧμερῶν
1577 437 1665 478 τῶν

179 501 464 560 5Σαρακηνῶν
501 506 600 560 πέρι
637 500 753 560 αὐτῷ
779 504 942 559 ἐκίνησε
981 500 1143 557 λόγους.
1198 501 1251 546 τά
1281 501 1363 559 γάρ
1392 500 1658 559 Σαρακηνικά

208 572 328 627 φῦλα
365 568 571 626 μυριάδες
605 571 769 623 ταῦτα,
812 569 889 610 καί
922 565 968 610 τὸ
1009 571 1203 610 πλεῖστον
1244 569 1384 610 αὐτῶν
1412 565 1662 624 ἐρημονόμοι

207 637 295 678 εἰσί
335 636 412 678 καί
451 631 693 678 οἷδέσποτοι·
739 635 815 677 καὶ
849 636 929 688 μὲν
968 629 1047 676 οὖν
1073 635 1150 690 τῆς
1193 633 1449 688 ζΡωμαίων,
1489 633 1604 675 ἐστίν
1632 631 1663 674 ἃ

205 702 281 744 καί
302 703 376 757 τῆς
399 702 586 758 Περσῶν
613 699 777 758 ὑπήκοα
816 701 1039 749 πολιτείας.
1097 696 1210 743 οὕτω
1255 702 1302 742 δὲ
1332 701 1661 754 διακεκριμένων

204 768 358 820 αιῖτῶν,
381 764 681 821 Ἰουοτινιανός,
723 765 1006 824 μεγαλόφρων
1043 764 1151 822 άνὴρ
1193 767 1267 807 καί
1291 763 1660 819 βασιλικώτατος,

155 831 304 882 ἰοτούς
329 833 578 889 μηδίζοντας
605 835 864 889 Σαρακηνῶν
906 831 1059 887 δώροις
1096 833 1305 884 ἐδεξιοῦτο
1334 830 1571 888 κρατούσης
1599 833 1660 873 εἶ-

205 897 347 954 ρήνης.
403 897 425 940 ὅ
456 899 503 941 δὲ
526 899 766 952 Ἰουστῖνος,
799 897 1009 955 ἐμβριθὴς
1035 914 1080 940 τε
1108 894 1168 940 ὢν
1194 897 1268 940 καί
1291 897 1523 954 βαρβάρων
1552 913 1660 954 φρο-

203 963 356 1019 νήματι
395 962 547 1020 ἥκιστα
584 964 843 1020 ὖποχαλῶν,
886 967 932 1007 ἐν
969 962 1115 1007 οὖδενί
1154 962 1263 1022 λόγῳ
1293 965 1518 1019 ἐποιήσατο
1559 961 1659 1012 τούς

202 1027 297 1072 ὅσοι
325 1029 524 1086 ἐμήδιζον
550 1032 633 1073 ταῖν
654 1033 925 1087 Σαρακηνῶν.
981 1029 1018 1072 οἶ
1047 1031 1093 1073 δὲ
1125 1027 1543 1088 (πλεονεκτικώτατον
1567 1027 1690 1084 γάρῦ

202 1095 251 1138 τὸ
275 1097 429 1155 φῦλον)
461 1093 676 1152 ἆποκοπὴν
694 1098 816 1140 τοῦτο
845 1097 1101 1152 ἡγησάμενοι
1143 1097 1204 1154 τῷ
1245 1099 1420 1150 βασιλεῖ
1460 1096 1661 1137 ἐνέκειντο

158 1161 393 1219 ιδΠερσῶν
431 1161 488 1218 μή
532 1164 738 1220 περιιδεῖν
776 1161 932 1212 αὐτοὺς
973 1163 1090 1220 asinii
1127 1162 1446 1216 ἀνακειμένους
1501 1163 1560 1218 τῷ
1595 1176 1662 1203 τοι

203 1223 290 1284 ἄρα
319 1228 393 1271 καὶ
421 1230 597 1285 Πέτρου
627 1230 761 1271 ἐκεῖσε
789 1230 1189 1286 πρεσβευσαμένου,
1228 1225 1366 1283 ὥσπερ
1396 1231 1485 1276 τοῖς
1515 1229 1662 1282 Σαραω

202 1292 650 1349 κηνοῖς’ὗπευθ·ιίνους
693 1289 820 1345 ὄντας
863 1295 1108 1348 “Ρωμαιόυς
1149 1292 1264 1349 ἔλεγε
1294 1295 1383 1336 δεῖν
1414 1293 1439 1334 o‘
1466 1291 1661 1349 Χοσρόης

202 1360 494 1403 ἆποδιδοσθαί
517 1376 644 1417 σφισι
673 1359 720 1403 τὸ
748 1363 892 1416 χρέος.
932 1356 1024 1402 εἶτα
1051 1363 1124 1402 καί
1146 1359 1345 1402 Ἰωάννου
1376 1355 1527 1401 αὖτόσε
1556 1358 1661 1415 ἄφι-

201 1428 376 1479 κομένου
413 1432 500 1475 τοῖς
541 1422 687 1476 αὐτοῖς
729 1424 943 1482 ἐχρήσατο
985 1423 1160 1482 ῥήμασι.
1219 1426 1532 1481 διισχυρίζοντο
1570 1423 1653 1481 γάρ

147 1506 290 1541 αοπως
316 1492 354 1534 οἱ
379 1491 633 1548 Σαρακηνοῖ,
662 1491 719 1542 ὥς
745 1492 853 1548 ὑπὲρ
882 1494 962 1535 τοῦ
990 1488 1160 1547 εἰρήνην
1189 1486 1304 1546 ἄγειν
1331 1492 1406 1532 καί
1430 1489 1489 1546 μη
1521 1499 1702 1535 uara-v.
1723 1511 1788 1536 ιοι·

196 1558 311 1600 θέειν
338 1556 415 1613 τὴν
437 1557 668 1611 Ῥωμαίων
694 1557 746 1600 τά
775 1561 952 1601 τοιαῦτα
983 1558 1225 1611 ἐκομίζοντο
1252 1555 1459 1614 χρήματα
1473 1590 1486 1609 ,
1515 1557 1660 1598 ἐντεῦ-

197 1622 274 1666 θέν
300 1640 343 1666 τε
371 1621 589 1677 ἐβιάζοντο
616 1622 698 1680 την
726 1626 803 1667 τοῦ
850 1623 1096 1682 πράγματος
1123 1622 1269 1681 φύσιν.
1325 1621 1350 1664 ὅ
1380 1623 1427 1666 δὲ
1450 1621 1662 1679 Ἰωάννης,

292 1725 324 1759 3.
349 1722 525 1765 ἅπαντα,
561 1716 616 1759 οἷν
636 1726 690 1768 Β.,
716 1724 742 1759 ἃ
765 1725 921 1761 πάντων
946 1726 1032 1770 vulg
1156 1727 1190 1760 6.
1216 1727 1342 1772 μυρία
1367 1723 1410 1759 δὲ
1437 1736 1467 1758 τ.
1493 1723 1574 1759 Val.
1621 1734 1661 1768 7.

292 1772 358 1804 καὶ
381 1770 470 1818 μὲν]
495 1768 540 1804 τά
570 1771 644 1817 μὲν
667 1773 760 1805 coni.
785 1774 822 1806 Β.
941 1784 991 1808 11-
1015 1773 1224 1810 Ἰουστῖνος
1250 1773 1350 1813 Val..
1371 1765 1657 1808 Ἰουστινιανός

292 1817 388 1862 vulg.
487 1817 540 1862 ¹4·
564 1816 759 1853 ἀνέκειντο
787 1819 883 1865 vulg.
1476 1823 1485 1833 ’

201 1896 423 1942 primoribus
448 1897 588 1931 Nisibis
613 1910 693 1931 cum
725 1898 868 1931 solenni
893 1897 1034 1932 honore
1059 1898 1106 1941 ad
1137 1898 1408 1944 exsequendam
1431 1897 1658 1942 legationem

199 1946 239 1977 in
269 1946 403 1988 regiam
424 1946 610 1978 Persarum
633 1949 688 1978 est
712 1945 894 1978 dimissus.
942 1945 976 1978 Is
1003 1957 1047 1978 eo
1075 1945 1246 1986 accessit,
1276 1949 1314 1978 et
1339 1944 1533 1984 omnibus,
1557 1953 1655 1987 quo-

200 2002 279 2024 rum
304 2002 409 2024 causa
435 1992 563 2024 missus
588 1991 677 2031 fuit,
704 1993 774 2024 rite
795 1991 974 2035 peractis,
1007 2002 1222 2036 responsum
1245 1990 1426 2024 manebat.
1474 1989 1658 2024 Chosroes

199 2046 320 2071 autem
351 2037 507 2083 quadam
541 2037 602 2072 die
639 2048 842 2071 sermonem
886 2039 1002 2071 movit
1040 2038 1085 2071 de
1130 2037 1328 2072 Saracenis.
1388 2037 1526 2070 Gentes
1553 2037 1653 2070 enim

199 2085 434 2118 saracenicae
475 2086 688 2118 innumerae
734 2090 838 2125 sunt,
883 2095 1036 2130 quarum
1073 2085 1230 2118 maxima
1273 2095 1355 2129 pars
1395 2095 1463 2128 per
1507 2082 1655 2117 deserta

198 2137 389 2176 pascentes
415 2137 452 2165 et
471 2133 550 2164 sine
579 2131 728 2164 domino
749 2129 950 2176 vagantur,
982 2132 1073 2164 aliae
1098 2133 1361 2171 Romanorum,
1395 2131 1490 2164 aliae
1521 2131 1654 2164 Persa-

199 2182 279 2211 rum
307 2178 463 2223 imperio
522 2184 635 2212 arent.
684 2179 740 2211 Ita
775 2177 913 2211 divisae
951 2189 1032 2211 cum
1062 2184 1203 2220 essent,
1253 2177 1496 2218 lastinianus,
1527 2177 1652 2221 magni

198 2224 329 2257 iudicii
355 2225 427 2266 vir,
465 2190 519 2258 eg,
533 2225 598 2270 qui
638 2228 805 2269 magnum
825 2235 929 2257 usum
963 2225 1084 2268 regiae
1112 2224 1442 2259 administrationis
1475 2223 1654 2266 habehat,

199 2270 418 2310 Saracenos,
446 2271 511 2316 qui
543 2273 582 2304 in
614 2270 804 2304 Medorum
829 2271 994 2316 partibus
1028 2277 1153 2312 erant,
1185 2283 1250 2316 per
1276 2282 1401 2317 pacem
1433 2270 1539 2304 donis
1562 2283 1650 2316 pro-

198 2322 342 2351 secutus
363 2318 492 2352 fuerat.
525 2317 596 2351 Sed
623 2317 797 2358 Iustinus,
822 2317 878 2353 vir
902 2317 1017 2363 gravis
1043 2324 1081 2352 et
1105 2325 1274 2352 constans
1297 2329 1418 2364 neque
1445 2317 1651 2364 quidquam

199 2362 435 2398 barbarorum
465 2364 658 2410 superbiae
680 2363 811 2398 cedens
825 2389 835 2405 ,
856 2363 1052 2398 Saracenos
1066 2390 1076 2405 ,
1102 2365 1166 2411 qui
1198 2364 1315 2398 Persis
1337 2364 1511 2397 favebant
1525 2389 1534 2404 ‚
1556 2375 1646 2398 con-

198 2412 355 2455 temptui
374 2410 525 2452 habuit,
562 2417 600 2445 et
637 2410 747 2444 nihili
781 2410 879 2444 fecit.
943 2411 992 2444 At
1027 2411 1082 2444 illi
1119 2413 1190 2456 (est
1223 2412 1321 2444 enim
1354 2422 1440 2457 gens
1475 2410 1645 2444 avidissi-

176 2458 273 2502 ·ma)
297 2469 377 2490 cum
401 2463 573 2504 tanquam
594 2457 693 2504 quod
715 2469 819 2490 suum
841 2462 948 2499 esset,
973 2457 1045 2491 sibi
1063 2459 1157 2503 eripi
1174 2458 1434 2499 existimarent,
1458 2457 1644 2491 Persarum

198 2514 337 2546 regem,
362 2515 410 2537 ne
442 2515 482 2537 se
509 2505 555 2538 ad
585 2515 648 2537 sua
669 2515 785 2548 genua
806 2509 1005 2549 prostratos
1041 2509 1316 2545 contemneret,
1355 2505 1536 2550 supplices
1562 2515 1644 2538 ora-

198 2553 295 2582 runt.
343 2550 471 2596 ltaque
499 2551 702 2591 chosroes,
747 2562 829 2584 cum
868 2551 991 2585 Petrus
1026 2551 1124 2596 apud
1166 2563 1247 2585 eum
1298 2552 1457 2597 legatum
1500 2556 1642 2596 ageret,

198 2598 378 2630 Romanos
409 2598 597 2631 Saracenis
620 2597 783 2630 debitum
814 2598 954 2631 solvere
981 2608 1141 2644 aequum
1161 2598 1343 2632 censebat.
1393 2598 1537 2632 Deinde
1560 2610 1643 2632 cum

196 2643 350 2675 loannes
373 2643 419 2676 ad
444 2653 526 2677 eum
551 2644 773 2683 accessisset,
798 2644 929 2677 iisdem
955 2645 1076 2678 verbis
1100 2649 1157 2678 est
1188 2656 1286 2679 usus.
1346 2644 1516 2678 Saraceni
1543 2646 1642 2679 enim

197 2688 472 2732 asseverabant,
504 2700 542 2724 se
569 2689 616 2724 ob
642 2701 722 2726 eam
758 2701 923 2734 causam,
954 2695 996 2726 ut
1023 2692 1187 2738 quietem
1214 2697 1382 2738 agerent,
1413 2702 1534 2737 neque
1569 2692 1643 2726 Ro-
