<?xml version="1.0" encoding="UTF-8"?>
<!DOCTYPE html PUBLIC "-//W3C//DTD XHTML 1.0 Transitional//EN"
    "http://www.w3.org/TR/xhtml1/DTD/xhtml1-transitional.dtd">
<html xmlns="http://www.w3.org/1999/xhtml" xml:lang="en" lang="en">
 <head>
  <title>
</title>
<meta http-equiv="Content-Type" content="text/html;charset=utf-8" />
  <meta name='ocr-system' content='tesseract 3.04.00' />
  <meta name='ocr-capabilities' content='ocr_page ocr_carea ocr_par ocr_line ocrx_word'/>
</head>
<body>
  <div class='ocr_page' id='page_1' title='image "./corpusscriptorum10niebuoft/corpusscriptorum10niebuoft_0405.png"; bbox 0 0 1924 3164; ppageno 0'>
   <div class='ocr_carea' id='block_1_1' title="bbox 551 192 1607 253">
    <p class='ocr_par' dir='ltr' id='par_1_1' title="bbox 551 192 1607 253">
     <span class='ocr_line' id='line_1_1' title="bbox 551 192 1607 253; baseline -0.002 -3"><span class='ocrx_word' id='word_1_1' title='bbox 551 212 586 250; x_wconf 83' lang='lat' dir='ltr'>E</span> <span class='ocrx_word' id='word_1_2' title='bbox 624 210 908 252; x_wconf 77' lang='lat' dir='ltr'><strong>MENANnm</strong></span> <span class='ocrx_word' id='word_1_3' title='bbox 951 211 1224 253; x_wconf 68' lang='lat' dir='ltr'><strong>nxsmam.</strong></span> <span class='ocrx_word' id='word_1_4' title='bbox 1501 192 1573 249; x_wconf 84' lang='lat'><strong>35</strong></span> <span class='ocrx_word' id='word_1_5' title='bbox 1590 213 1607 248; x_wconf 87' lang='lat'>1</span> 
     </span>
    </p>
   </div>
   <div class='ocr_carea' id='block_1_2' title="bbox 94 309 1807 1759">
    <p class='ocr_par' dir='ltr' id='par_1_2' title="bbox 94 309 1807 1759">
     <span class='ocr_line' id='line_1_2' title="bbox 164 309 1796 370; baseline 0.003 -18"><span class='ocrx_word' id='word_1_6' title='bbox 164 310 316 365; x_wconf 72' lang='grc' dir='ltr'><strong><em>κη’κατε</em></strong></span> <span class='ocrx_word' id='word_1_7' title='bbox 354 313 415 369; x_wconf 74' lang='grc' dir='ltr'><strong><em>τῷ</em></strong></span> <span class='ocrx_word' id='word_1_8' title='bbox 461 309 607 366; x_wconf 78' lang='grc' dir='ltr'><strong><em>τάχει,</em></strong></span> <span class='ocrx_word' id='word_1_9' title='bbox 656 311 985 368; x_wconf 83' lang='grc' dir='ltr'><strong><em>προτερήσαντες</em></strong></span> <span class='ocrx_word' id='word_1_10' title='bbox 1021 311 1098 367; x_wconf 83' lang='grc' dir='ltr'><strong><em>τήν</em></strong></span> <span class='ocrx_word' id='word_1_11' title='bbox 1140 314 1307 370; x_wconf 74' lang='grc' dir='ltr'><strong><em>εἰρήνην</em></strong></span> <span class='ocrx_word' id='word_1_12' title='bbox 1346 315 1489 360; x_wconf 82' lang='grc' dir='ltr'><strong><em>αἰτεῖν.</em></strong></span> <span class='ocrx_word' id='word_1_13' title='bbox 1545 315 1705 356; x_wconf 73' lang='grc' dir='ltr'><strong><em>καιἈ.ῦ</em></strong></span> <span class='ocrx_word' id='word_1_14' title='bbox 1730 323 1796 357; x_wconf 56' lang='grc' dir='ltr'><strong>56η</strong></span> 
     </span>
     <span class='ocr_line' id='line_1_3' title="bbox 163 368 1807 452; baseline 0.004 -35"><span class='ocrx_word' id='word_1_15' title='bbox 163 376 297 434; x_wconf 79' lang='grc' dir='ltr'><strong><em>ταύτῃ</em></strong></span> <span class='ocrx_word' id='word_1_16' title='bbox 328 376 408 432; x_wconf 76' lang='grc' dir='ltr'><strong><em>τήν</em></strong></span> <span class='ocrx_word' id='word_1_17' title='bbox 435 379 480 420; x_wconf 81' lang='grc' dir='ltr'><strong><em>ἒν</em></strong></span> <span class='ocrx_word' id='word_1_18' title='bbox 506 383 594 428; x_wconf 90' lang='grc' dir='ltr'><strong><em>τοῖς</em></strong></span> <span class='ocrx_word' id='word_1_19' title='bbox 623 379 821 431; x_wconf 84' lang='grc' dir='ltr'><strong><em>πολέμοις</em></strong></span> <span class='ocrx_word' id='word_1_20' title='bbox 849 378 1023 429; x_wconf 73' lang='grc' dir='ltr'><strong><em>ἀδοξίαν</em></strong></span> <span class='ocrx_word' id='word_1_21' title='bbox 1052 377 1376 434; x_wconf 75' lang='grc' dir='ltr'><strong><em>ἐπικαλύπτετε,</em></strong></span> <span class='ocrx_word' id='word_1_22' title='bbox 1402 381 1460 438; x_wconf 75' lang='grc' dir='ltr'><strong><em>τῷ</em></strong></span> <span class='ocrx_word' id='word_1_23' title='bbox 1489 368 1807 452; x_wconf 43' lang='grc' dir='ltr'><strong><em>δῆθενίἓὲἰέίῳδθ</em></strong></span> 
     </span>
     <span class='ocr_line' id='line_1_4' title="bbox 159 430 1748 502; baseline 0.003 -18"><span class='ocrx_word' id='word_1_24' title='bbox 159 441 222 497; x_wconf 79' lang='grc' dir='ltr'><em>μή</em></span> <span class='ocrx_word' id='word_1_25' title='bbox 258 445 474 500; x_wconf 79' lang='grc' dir='ltr'><strong><em>ἐφιέμενοι</em></strong></span> <span class='ocrx_word' id='word_1_26' title='bbox 499 442 644 500; x_wconf 76' lang='grc' dir='ltr'><strong><em>μάχης</em></strong></span> <span class='ocrx_word' id='word_1_27' title='bbox 674 445 867 499; x_wconf 76' lang='grc' dir='ltr'><em>ἐπιεικεῖς</em></span> <span class='ocrx_word' id='word_1_28' title='bbox 896 441 1006 486; x_wconf 82' lang='grc' dir='ltr'><strong><em>εἶναι</em></strong></span> <span class='ocrx_word' id='word_1_29' title='bbox 1048 446 1194 487; x_wconf 87' lang='grc' dir='ltr'><strong><em>δοκεῖν.</em></strong></span> <span class='ocrx_word' id='word_1_30' title='bbox 1252 441 1352 502; x_wconf 78' lang='grc' dir='ltr'><strong><em>ὅπερ</em></strong></span> <span class='ocrx_word' id='word_1_31' title='bbox 1383 442 1436 488; x_wconf 74' lang='grc' dir='ltr'><strong><em>ἂν</em></strong></span> <span class='ocrx_word' id='word_1_32' title='bbox 1463 444 1612 502; x_wconf 79' lang='grc' dir='ltr'><strong><em>ἡμεῖς,</em></strong></span> <span class='ocrx_word' id='word_1_33' title='bbox 1717 430 1748 450; x_wconf 86' lang='lat' dir='ltr'><strong>n.</strong></span> 
     </span>
     <span class='ocr_line' id='line_1_5' title="bbox 162 507 1742 566; baseline 0.002 -17"><span class='ocrx_word' id='word_1_34' title='bbox 162 507 277 566; x_wconf 72' lang='grc' dir='ltr'><strong><em>εἴπερ</em></strong></span> <span class='ocrx_word' id='word_1_35' title='bbox 308 511 586 565; x_wconf 82' lang='grc' dir='ltr'><strong><em>ἐμελλήσατε,</em></strong></span> <span class='ocrx_word' id='word_1_36' title='bbox 626 508 700 551; x_wconf 78' lang='grc' dir='ltr'><strong>καὶ</strong></span> <span class='ocrx_word' id='word_1_37' title='bbox 738 510 985 565; x_wconf 77' lang='grc' dir='ltr'><strong><em>κρατοῦντες</em></strong></span> <span class='ocrx_word' id='word_1_38' title='bbox 1013 508 1265 566; x_wconf 77' lang='grc' dir='ltr'><strong><em>ἐπράξαμεν,</em></strong></span> <span class='ocrx_word' id='word_1_39' title='bbox 1334 508 1449 566; x_wconf 77' lang='grc' dir='ltr'><strong><em>ὅμως</em></strong></span> <span class='ocrx_word' id='word_1_40' title='bbox 1490 513 1612 565; x_wconf 85' lang='grc' dir='ltr'><strong><em>δεχό-</em></strong></span> <span class='ocrx_word' id='word_1_41' title='bbox 1627 512 1742 550; x_wconf 84' lang='lat' dir='ltr'>P·136</span> 
     </span>
     <span class='ocr_line' id='line_1_6' title="bbox 134 573 1614 636; baseline 0.003 -21"><span class='ocrx_word' id='word_1_42' title='bbox 134 574 274 628; x_wconf 88' lang='grc' dir='ltr'><strong><em>5μεθα</em></strong></span> <span class='ocrx_word' id='word_1_43' title='bbox 313 574 412 624; x_wconf 75' lang='grc' dir='ltr'><strong><em>τούς</em></strong></span> <span class='ocrx_word' id='word_1_44' title='bbox 451 574 626 631; x_wconf 81' lang='grc' dir='ltr'><strong><em>λόγους,</em></strong></span> <span class='ocrx_word' id='word_1_45' title='bbox 666 573 741 629; x_wconf 78' lang='grc' dir='ltr'><strong>τήν</strong></span> <span class='ocrx_word' id='word_1_46' title='bbox 783 573 951 631; x_wconf 77' lang='grc' dir='ltr'><strong><em>εἰρήνην</em></strong></span> <span class='ocrx_word' id='word_1_47' title='bbox 989 578 1088 632; x_wconf 77' lang='grc' dir='ltr'><strong><em>περὶ</em></strong></span> <span class='ocrx_word' id='word_1_48' title='bbox 1119 577 1319 620; x_wconf 79' lang='grc' dir='ltr'><strong><em>πλείστου</em></strong></span> <span class='ocrx_word' id='word_1_49' title='bbox 1358 574 1614 636; x_wconf 75' lang='grc' dir='ltr'><strong><em>ποιούμεθα.</em></strong></span> 
     </span>
     <span class='ocr_line' id='line_1_7' title="bbox 159 640 1612 700; baseline 0.003 -18"><span class='ocrx_word' id='word_1_50' title='bbox 159 641 356 697; x_wconf 84' lang='grc' dir='ltr'><strong><em>φρόνημα</em></strong></span> <span class='ocrx_word' id='word_1_51' title='bbox 400 640 483 698; x_wconf 78' lang='grc' dir='ltr'><strong>γὰρ</strong></span> <span class='ocrx_word' id='word_1_52' title='bbox 527 641 693 696; x_wconf 72' lang='grc' dir='ltr'><strong><em>εὐγενὲς</em></strong></span> <span class='ocrx_word' id='word_1_53' title='bbox 743 643 801 699; x_wconf 81' lang='grc' dir='ltr'><strong><em>τῷ</em></strong></span> <span class='ocrx_word' id='word_1_54' title='bbox 847 642 1046 697; x_wconf 80' lang='grc' dir='ltr'><strong><em>πρέποντι</em></strong></span> <span class='ocrx_word' id='word_1_55' title='bbox 1097 644 1510 700; x_wconf 78' lang='grc' dir='ltr'><strong><em>’ξυμμεταρυθμίζειν</em></strong></span> <span class='ocrx_word' id='word_1_56' title='bbox 1560 642 1612 687; x_wconf 81' lang='grc' dir='ltr'><strong><em>τοὶ</em></strong></span> 
     </span>
     <span class='ocr_line' id='line_1_8' title="bbox 157 705 1614 768; baseline 0.003 -20"><span class='ocrx_word' id='word_1_57' title='bbox 157 706 425 763; x_wconf 80' lang='grc' dir='ltr'><strong><em>πράγματα.”</em></strong></span> <span class='ocrx_word' id='word_1_58' title='bbox 481 705 592 750; x_wconf 81' lang='grc' dir='ltr'><strong><em>οὕτω</em></strong></span> <span class='ocrx_word' id='word_1_59' title='bbox 639 709 687 750; x_wconf 87' lang='grc' dir='ltr'><strong>δὲ</strong></span> <span class='ocrx_word' id='word_1_60' title='bbox 725 709 800 749; x_wconf 85' lang='grc' dir='ltr'><strong><em>καί</em></strong></span> <span class='ocrx_word' id='word_1_61' title='bbox 824 711 899 750; x_wconf 81' lang='grc' dir='ltr'><strong><em>τοῦ</em></strong></span> <span class='ocrx_word' id='word_1_62' title='bbox 927 707 1013 762; x_wconf 83' lang='grc' dir='ltr'><strong>Ζίχ</strong></span> <span class='ocrx_word' id='word_1_63' title='bbox 1044 709 1259 764; x_wconf 86' lang='grc' dir='ltr'><strong><em>εἰπόντος,</em></strong></span> <span class='ocrx_word' id='word_1_64' title='bbox 1296 710 1334 753; x_wconf 82' lang='grc' dir='ltr'><strong>οἳ</strong></span> <span class='ocrx_word' id='word_1_65' title='bbox 1361 707 1614 768; x_wconf 74' lang='grc' dir='ltr'><strong><em>ἀμφοτέρων</em></strong></span> 
     </span>
     <span class='ocr_line' id='line_1_9' title="bbox 157 769 1613 834; baseline 0.003 -20"><span class='ocrx_word' id='word_1_66' title='bbox 157 769 352 828; x_wconf 70' lang='grc' dir='ltr'><strong><em>ἑρμηνεῖς</em></strong></span> <span class='ocrx_word' id='word_1_67' title='bbox 390 775 774 830; x_wconf 86' lang='grc' dir='ltr'><strong><em>διασαφηνίσαντες</em></strong></span> <span class='ocrx_word' id='word_1_68' title='bbox 809 775 876 830; x_wconf 81' lang='grc' dir='ltr'><strong>ἐφ’</strong></span> <span class='ocrx_word' id='word_1_69' title='bbox 918 771 1094 830; x_wconf 71' lang='grc' dir='ltr'><strong><em>ἑκάτερα</em></strong></span> <span class='ocrx_word' id='word_1_70' title='bbox 1131 776 1240 831; x_wconf 84' lang='grc' dir='ltr'><strong><em>μέρη</em></strong></span> <span class='ocrx_word' id='word_1_71' title='bbox 1268 775 1320 818; x_wconf 83' lang='grc' dir='ltr'><strong><em>τὰ</em></strong></span> <span class='ocrx_word' id='word_1_72' title='bbox 1348 774 1519 834; x_wconf 78' lang='grc' dir='ltr'><strong><em>ῥήματα</em></strong></span> <span class='ocrx_word' id='word_1_73' title='bbox 1548 778 1613 818; x_wconf 86' lang='grc' dir='ltr'><strong><em>δι-</em></strong></span> 
     </span>
     <span class='ocr_line' id='line_1_10' title="bbox 158 837 1612 899; baseline 0.004 -20"><span class='ocrx_word' id='word_1_74' title='bbox 158 837 366 881; x_wconf 65' lang='grc' dir='ltr'><strong><em>δάσκαλοι</em></strong></span> <span class='ocrx_word' id='word_1_75' title='bbox 408 841 492 882; x_wconf 74' lang='grc' dir='ltr'><strong>τῶν</strong></span> <span class='ocrx_word' id='word_1_76' title='bbox 536 841 759 895; x_wconf 84' lang='grc' dir='ltr'><strong><em>νοημάτων</em></strong></span> <span class='ocrx_word' id='word_1_77' title='bbox 801 841 1031 895; x_wconf 49' lang='grc' dir='ltr'><strong><em>ἐγιγνοντο,</em></strong></span> <span class='ocrx_word' id='word_1_78' title='bbox 1089 844 1294 884; x_wconf 84' lang='grc' dir='ltr'><strong><em>πλείστων</em></strong></span> <span class='ocrx_word' id='word_1_79' title='bbox 1335 843 1410 884; x_wconf 76' lang='grc' dir='ltr'><strong>καὶ</strong></span> <span class='ocrx_word' id='word_1_80' title='bbox 1458 840 1612 899; x_wconf 74' lang='grc' dir='ltr'><strong><em>ἑτέρων</em></strong></span> 
     </span>
     <span class='ocr_line' id='line_1_11' title="bbox 100 904 1610 964; baseline 0.001 -16"><span class='ocrx_word' id='word_1_81' title='bbox 100 905 487 961; x_wconf 66' lang='grc' dir='ltr'><strong><em>ἱ’ῡοῖπερ’ῥιμ,ιιένων</em></strong></span> <span class='ocrx_word' id='word_1_82' title='bbox 515 904 680 961; x_wconf 74' lang='grc' dir='ltr'><strong><em>λόγων,</em></strong></span> <span class='ocrx_word' id='word_1_83' title='bbox 712 909 787 949; x_wconf 80' lang='grc' dir='ltr'><strong>νῦν</strong></span> <span class='ocrx_word' id='word_1_84' title='bbox 813 908 893 960; x_wconf 85' lang='grc' dir='ltr'><strong><em>μὲν</em></strong></span> <span class='ocrx_word' id='word_1_85' title='bbox 923 906 1058 949; x_wconf 67' lang='grc' dir='ltr'><strong><em>αὐτοῦ</em></strong></span> <span class='ocrx_word' id='word_1_86' title='bbox 1085 908 1158 949; x_wconf 81' lang='grc' dir='ltr'><strong><em>τοῦ</em></strong></span> <span class='ocrx_word' id='word_1_87' title='bbox 1192 905 1427 964; x_wconf 78' lang='grc' dir='ltr'><strong><em>χρειώδους</em></strong></span> <span class='ocrx_word' id='word_1_88' title='bbox 1453 908 1610 964; x_wconf 84' lang='grc' dir='ltr'><strong><em>χάριν,</em></strong></span> 
     </span>
     <span class='ocr_line' id='line_1_12' title="bbox 152 969 1611 1029; baseline 0.002 -17"><span class='ocrx_word' id='word_1_89' title='bbox 152 972 230 1013; x_wconf 81' lang='grc' dir='ltr'><strong>νῦν</strong></span> <span class='ocrx_word' id='word_1_90' title='bbox 269 973 316 1013; x_wconf 80' lang='grc' dir='ltr'><strong>δὲ</strong></span> <span class='ocrx_word' id='word_1_91' title='bbox 356 975 429 1015; x_wconf 86' lang='grc' dir='ltr'><strong><em>καί</em></strong></span> <span class='ocrx_word' id='word_1_92' title='bbox 469 971 632 1025; x_wconf 87' lang='grc' dir='ltr'><strong><em>κόμπου</em></strong></span> <span class='ocrx_word' id='word_1_93' title='bbox 674 974 792 1015; x_wconf 72' lang='grc' dir='ltr'><strong><em>ἕνεκα</em></strong></span> <span class='ocrx_word' id='word_1_94' title='bbox 833 971 1005 1015; x_wconf 78' lang='grc' dir='ltr'><strong><em>καὶτοῦ</em></strong></span> <span class='ocrx_word' id='word_1_95' title='bbox 1034 971 1094 1028; x_wconf 77' lang='grc' dir='ltr'><em>μὴ</em></span> <span class='ocrx_word' id='word_1_96' title='bbox 1126 975 1264 1015; x_wconf 78' lang='grc' dir='ltr'><strong><em>δοκεῖν</em></strong></span> <span class='ocrx_word' id='word_1_97' title='bbox 1287 969 1412 1029; x_wconf 80' lang='grc' dir='ltr'><strong><em>ἧττον</em></strong></span> <span class='ocrx_word' id='word_1_98' title='bbox 1440 973 1611 1028; x_wconf 78' lang='grc' dir='ltr'><strong><em>ἔχοντας</em></strong></span> 
     </span>
     <span class='ocr_line' id='line_1_13' title="bbox 152 1035 1610 1095; baseline 0.001 -15"><span class='ocrx_word' id='word_1_99' title='bbox 152 1039 227 1091; x_wconf 84' lang='grc' dir='ltr'><strong>τῆς</strong></span> <span class='ocrx_word' id='word_1_100' title='bbox 254 1036 420 1093; x_wconf 71' lang='grc' dir='ltr'><strong><em>εἰρήνης</em></strong></span> <span class='ocrx_word' id='word_1_101' title='bbox 448 1038 664 1095; x_wconf 81' lang='grc' dir='ltr'><strong><em>ἐφίεσθαι.</em></strong></span> <span class='ocrx_word' id='word_1_102' title='bbox 720 1039 893 1094; x_wconf 82' lang='grc' dir='ltr'><strong><em>Πέρσαι</em></strong></span> <span class='ocrx_word' id='word_1_103' title='bbox 920 1041 1000 1092; x_wconf 82' lang='grc' dir='ltr'><strong><em>μὲν</em></strong></span> <span class='ocrx_word' id='word_1_104' title='bbox 1027 1040 1229 1094; x_wconf 76' lang='grc' dir='ltr'><strong><em>διηνεκεῖς</em></strong></span> <span class='ocrx_word' id='word_1_105' title='bbox 1264 1035 1409 1094; x_wconf 81' lang='grc' dir='ltr'><strong><em>ἦξίουν</em></strong></span> <span class='ocrx_word' id='word_1_106' title='bbox 1435 1037 1610 1083; x_wconf 81' lang='grc' dir='ltr'><strong><em>ἔσεσθαι</em></strong></span> 
     </span>
     <span class='ocr_line' id='line_1_14' title="bbox 151 1102 1606 1164; baseline 0.001 -18"><span class='ocrx_word' id='word_1_107' title='bbox 151 1102 226 1154; x_wconf 76' lang='grc' dir='ltr'><strong><em>τὰς</em></strong></span> <span class='ocrx_word' id='word_1_108' title='bbox 254 1103 462 1158; x_wconf 80' lang='grc' dir='ltr'><strong><em>σπονδὰς,</em></strong></span> <span class='ocrx_word' id='word_1_109' title='bbox 492 1104 600 1161; x_wconf 82' lang='grc' dir='ltr'><strong><em>πρὸς</em></strong></span> <span class='ocrx_word' id='word_1_110' title='bbox 628 1105 676 1147; x_wconf 75' lang='grc' dir='ltr'><strong>δέ</strong></span> <span class='ocrx_word' id='word_1_111' title='bbox 704 1120 750 1159; x_wconf 75' lang='grc' dir='ltr'><strong>γε</strong></span> <span class='ocrx_word' id='word_1_112' title='bbox 779 1107 853 1146; x_wconf 86' lang='grc' dir='ltr'><strong><em>καί</em></strong></span> <span class='ocrx_word' id='word_1_113' title='bbox 876 1105 1055 1160; x_wconf 82' lang='grc' dir='ltr'><strong><em>χρυσίον</em></strong></span> <span class='ocrx_word' id='word_1_114' title='bbox 1082 1103 1212 1161; x_wconf 73' lang='grc' dir='ltr'><strong><em>ῥητὸν</em></strong></span> <span class='ocrx_word' id='word_1_115' title='bbox 1238 1107 1306 1162; x_wconf 78' lang='grc' dir='ltr'><strong>ἐφ’</strong></span> <span class='ocrx_word' id='word_1_116' title='bbox 1333 1103 1489 1164; x_wconf 74' lang='grc' dir='ltr'><strong><em>ἑκάστῳ</em></strong></span> <span class='ocrx_word' id='word_1_117' title='bbox 1518 1107 1606 1148; x_wconf 79' lang='grc' dir='ltr'><strong><em>ἐνι-</em></strong></span> 
     </span>
     <span class='ocr_line' id='line_1_15' title="bbox 153 1168 1606 1227; baseline 0.002 -16"><span class='ocrx_word' id='word_1_118' title='bbox 153 1171 267 1227; x_wconf 77' lang='grc' dir='ltr'><strong><em>αυτῷ</em></strong></span> <span class='ocrx_word' id='word_1_119' title='bbox 307 1169 412 1226; x_wconf 73' lang='grc' dir='ltr'><strong><em>ὑπὲρ</em></strong></span> <span class='ocrx_word' id='word_1_120' title='bbox 453 1173 530 1213; x_wconf 78' lang='grc' dir='ltr'><strong><em>τοῦ</em></strong></span> <span class='ocrx_word' id='word_1_121' title='bbox 576 1169 634 1227; x_wconf 70' lang='grc' dir='ltr'><strong>μὴ</strong></span> <span class='ocrx_word' id='word_1_122' title='bbox 677 1173 914 1227; x_wconf 75' lang='grc' dir='ltr'><strong><em>κεχρῆσθαι</em></strong></span> <span class='ocrx_word' id='word_1_123' title='bbox 952 1177 1040 1220; x_wconf 89' lang='grc' dir='ltr'><strong><em>τοῖς</em></strong></span> <span class='ocrx_word' id='word_1_124' title='bbox 1067 1168 1211 1220; x_wconf 73' lang='grc' dir='ltr'><strong><em>ὅπλοις</em></strong></span> <span class='ocrx_word' id='word_1_125' title='bbox 1244 1174 1496 1225; x_wconf 68' lang='grc' dir='ltr'><strong><em>κομίζεσθαι</em></strong></span> <span class='ocrx_word' id='word_1_126' title='bbox 1522 1169 1606 1214; x_wconf 82' lang='grc' dir='ltr'><strong>ἆπό</strong></span> 
     </span>
     <span class='ocr_line' id='line_1_16' title="bbox 99 1235 1641 1294; baseline 0.003 -17"><span class='ocrx_word' id='word_1_127' title='bbox 99 1236 158 1277; x_wconf 75' lang='lat'><strong>15‘</strong></span> <span class='ocrx_word' id='word_1_128' title='bbox 162 1239 401 1290; x_wconf 86' lang='grc' dir='ltr'><strong><em>Ρωμαίων·</em></strong></span> <span class='ocrx_word' id='word_1_129' title='bbox 430 1241 506 1281; x_wconf 78' lang='grc' dir='ltr'><strong><em>καί</em></strong></span> <span class='ocrx_word' id='word_1_130' title='bbox 526 1235 837 1294; x_wconf 84' lang='grc' dir='ltr'><strong><em>τεσσαράκοντα</em></strong></span> <span class='ocrx_word' id='word_1_131' title='bbox 864 1238 943 1291; x_wconf 84' lang='grc' dir='ltr'><strong><em>μὲν</em></strong></span> <span class='ocrx_word' id='word_1_132' title='bbox 971 1238 1098 1291; x_wconf 77' lang='grc' dir='ltr'><strong><em>ἐτῶν,</em></strong></span> <span class='ocrx_word' id='word_1_133' title='bbox 1150 1235 1198 1279; x_wconf 86' lang='grc' dir='ltr'>τὸ</span> <span class='ocrx_word' id='word_1_134' title='bbox 1239 1239 1342 1293; x_wconf 78' lang='grc' dir='ltr'><strong><em>γοῦν</em></strong></span> <span class='ocrx_word' id='word_1_135' title='bbox 1379 1238 1641 1293; x_wconf 77' lang='grc' dir='ltr'><strong><em>ἐλάχιστονΒ</em></strong></span> 
     </span>
     <span class='ocr_line' id='line_1_17' title="bbox 151 1301 1605 1361; baseline 0.002 -17"><span class='ocrx_word' id='word_1_136' title='bbox 151 1302 375 1359; x_wconf 77' lang='grc' dir='ltr'><strong><em>τριάκοντα</em></strong></span> <span class='ocrx_word' id='word_1_137' title='bbox 395 1338 408 1358; x_wconf 84' lang='grc'><strong><em>,</em></strong></span> <span class='ocrx_word' id='word_1_138' title='bbox 462 1301 772 1361; x_wconf 83' lang='grc' dir='ltr'><strong><em>προειληφότας</em></strong></span> <span class='ocrx_word' id='word_1_139' title='bbox 811 1301 924 1352; x_wconf 84' lang='grc' dir='ltr'><strong><em>ε’κτὸς</em></strong></span> <span class='ocrx_word' id='word_1_140' title='bbox 961 1306 1408 1359; x_wconf 84' lang='grc' dir='ltr'><strong><em>συντελεσθησομένων</em></strong></span> <span class='ocrx_word' id='word_1_141' title='bbox 1449 1302 1495 1347; x_wconf 78' lang='grc' dir='ltr'><strong><em>ἐν</em></strong></span> <span class='ocrx_word' id='word_1_142' title='bbox 1539 1303 1605 1348; x_wconf 69' lang='grc' dir='ltr'><strong><em>ἔνι’</em></strong></span> 
     </span>
     <span class='ocr_line' id='line_1_18' title="bbox 150 1367 1604 1428; baseline 0.002 -17"><span class='ocrx_word' id='word_1_143' title='bbox 150 1371 472 1428; x_wconf 77' lang='grc' dir='ltr'><strong><em>ξυναθροισμῷ,</em></strong></span> <span class='ocrx_word' id='word_1_144' title='bbox 514 1367 621 1412; x_wconf 73' lang='grc' dir='ltr'><strong><em>οὕτω</em></strong></span> <span class='ocrx_word' id='word_1_145' title='bbox 658 1367 892 1424; x_wconf 82' lang='grc' dir='ltr'><strong><em>βούλεσθαι</em></strong></span> <span class='ocrx_word' id='word_1_146' title='bbox 935 1372 1208 1412; x_wconf 75' lang='grc' dir='ltr'><strong><em>κατατιθέναι</em></strong></span> <span class='ocrx_word' id='word_1_147' title='bbox 1233 1368 1283 1412; x_wconf 77' lang='grc' dir='ltr'><strong><em>τὰ</em></strong></span> <span class='ocrx_word' id='word_1_148' title='bbox 1315 1367 1440 1413; x_wconf 78' lang='grc' dir='ltr'><strong><em>ὅπλα.</em></strong></span> <span class='ocrx_word' id='word_1_149' title='bbox 1489 1370 1604 1414; x_wconf 72' lang='lat' dir='ltr'>‘Pm-</span> 
     </span>
     <span class='ocr_line' id='line_1_19' title="bbox 149 1432 1603 1491; baseline 0.001 -14"><span class='ocrx_word' id='word_1_150' title='bbox 149 1443 270 1489; x_wconf 88' lang='grc' dir='ltr'><strong><em>μαῖοι</em></strong></span> <span class='ocrx_word' id='word_1_151' title='bbox 301 1438 348 1479; x_wconf 83' lang='grc' dir='ltr'><strong>δὲ</strong></span> <span class='ocrx_word' id='word_1_152' title='bbox 373 1433 615 1480; x_wconf 71' lang='grc' dir='ltr'><strong><em>τούναντίον</em></strong></span> <span class='ocrx_word' id='word_1_153' title='bbox 643 1435 951 1491; x_wconf 79' lang='grc' dir='ltr'><strong><em>ὄλιγοχρονίους</em></strong></span> <span class='ocrx_word' id='word_1_154' title='bbox 979 1434 1058 1486; x_wconf 82' lang='grc' dir='ltr'><strong><em>τοὶς</em></strong></span> <span class='ocrx_word' id='word_1_155' title='bbox 1094 1433 1306 1491; x_wconf 79' lang='grc' dir='ltr'><strong><em>ξυνθήκας</em></strong></span> <span class='ocrx_word' id='word_1_156' title='bbox 1342 1432 1452 1479; x_wconf 84' lang='grc' dir='ltr'><strong><em>εἶναι</em></strong></span> <span class='ocrx_word' id='word_1_157' title='bbox 1478 1437 1603 1491; x_wconf 77' lang='grc' dir='ltr'><strong><em>ἐβού-</em></strong></span> 
     </span>
     <span class='ocr_line' id='line_1_20' title="bbox 150 1500 1603 1560; baseline 0.003 -17"><span class='ocrx_word' id='word_1_158' title='bbox 150 1506 293 1556; x_wconf 79' lang='grc' dir='ltr'><strong><em>λοντο,</em></strong></span> <span class='ocrx_word' id='word_1_159' title='bbox 321 1501 430 1558; x_wconf 84' lang='grc' dir='ltr'><strong><em>πρὸς</em></strong></span> <span class='ocrx_word' id='word_1_160' title='bbox 457 1509 545 1552; x_wconf 89' lang='grc' dir='ltr'><strong><em>τοῖς</em></strong></span> <span class='ocrx_word' id='word_1_161' title='bbox 573 1501 683 1558; x_wconf 85' lang='grc' dir='ltr'><strong><em>μήτε</em></strong></span> <span class='ocrx_word' id='word_1_162' title='bbox 708 1504 787 1556; x_wconf 81' lang='grc' dir='ltr'><strong><em>μὲν</em></strong></span> <span class='ocrx_word' id='word_1_163' title='bbox 817 1504 1091 1544; x_wconf 73' lang='grc' dir='ltr'><strong><em>κατατιθέναι</em></strong></span> <span class='ocrx_word' id='word_1_164' title='bbox 1118 1518 1160 1544; x_wconf 89' lang='grc' dir='ltr'><strong>τι</strong></span> <span class='ocrx_word' id='word_1_165' title='bbox 1183 1501 1292 1557; x_wconf 74' lang='grc' dir='ltr'><strong><em>ὑπὲρ</em></strong></span> <span class='ocrx_word' id='word_1_166' title='bbox 1321 1504 1396 1558; x_wconf 72' lang='grc' dir='ltr'><strong>τῆς</strong></span> <span class='ocrx_word' id='word_1_167' title='bbox 1424 1500 1603 1560; x_wconf 80' lang='grc' dir='ltr'><strong><em>εἰρήνης.</em></strong></span> 
     </span>
     <span class='ocr_line' id='line_1_21' title="bbox 94 1565 1603 1626; baseline 0.001 -19"><span class='ocrx_word' id='word_1_168' title='bbox 94 1565 327 1624; x_wconf 72' lang='grc' dir='ltr'><strong><em>αοᾶμίλλης</em></strong></span> <span class='ocrx_word' id='word_1_169' title='bbox 355 1571 403 1611; x_wconf 83' lang='grc' dir='ltr'><strong>δὲ</strong></span> <span class='ocrx_word' id='word_1_170' title='bbox 429 1571 529 1626; x_wconf 74' lang='grc' dir='ltr'><strong><em>περὶ</em></strong></span> <span class='ocrx_word' id='word_1_171' title='bbox 553 1567 707 1612; x_wconf 78' lang='grc' dir='ltr'><strong><em>τούτου</em></strong></span> <span class='ocrx_word' id='word_1_172' title='bbox 736 1569 810 1612; x_wconf 71' lang='grc' dir='ltr'><strong><em>ἐπὶ</em></strong></span> <span class='ocrx_word' id='word_1_173' title='bbox 834 1570 943 1623; x_wconf 79' lang='grc' dir='ltr'><strong><em>μέγα</em></strong></span> <span class='ocrx_word' id='word_1_174' title='bbox 973 1571 1212 1624; x_wconf 82' lang='grc' dir='ltr'><strong><em>κινηθείσης</em></strong></span> <span class='ocrx_word' id='word_1_175' title='bbox 1240 1566 1315 1611; x_wconf 79' lang='grc' dir='ltr'><strong><em>καί</em></strong></span> <span class='ocrx_word' id='word_1_176' title='bbox 1337 1565 1473 1623; x_wconf 79' lang='grc' dir='ltr'><strong><em>λόγων</em></strong></span> <span class='ocrx_word' id='word_1_177' title='bbox 1499 1584 1603 1626; x_wconf 89' lang='grc' dir='ltr'><strong><em>προ-</em></strong></span> 
     </span>
     <span class='ocr_line' id='line_1_22' title="bbox 145 1631 1600 1691; baseline 0.001 -15"><span class='ocrx_word' id='word_1_178' title='bbox 145 1633 351 1678; x_wconf 85' lang='grc' dir='ltr'><strong><em>ελθόντων</em></strong></span> <span class='ocrx_word' id='word_1_179' title='bbox 383 1631 533 1691; x_wconf 75' lang='grc' dir='ltr'><strong><em>ἥκιστα</em></strong></span> <span class='ocrx_word' id='word_1_180' title='bbox 563 1635 741 1691; x_wconf 82' lang='grc' dir='ltr'><strong><em>ὄλίγων,</em></strong></span> <span class='ocrx_word' id='word_1_181' title='bbox 787 1638 904 1684; x_wconf 88' lang='grc' dir='ltr'><strong><em>τέλος</em></strong></span> <span class='ocrx_word' id='word_1_182' title='bbox 942 1633 1080 1685; x_wconf 77' lang='grc' dir='ltr'><strong><em>ἔδοξεν</em></strong></span> <span class='ocrx_word' id='word_1_183' title='bbox 1106 1632 1215 1677; x_wconf 73' lang='grc' dir='ltr'><strong><em>ὥστε</em></strong></span> <span class='ocrx_word' id='word_1_184' title='bbox 1243 1636 1316 1676; x_wconf 75' lang='grc' dir='ltr'><strong><em>ἐπὶ</em></strong></span> <span class='ocrx_word' id='word_1_185' title='bbox 1350 1632 1600 1690; x_wconf 84' lang='grc' dir='ltr'><strong><em>πεντήκοντα</em></strong></span> 
     </span>
     <span class='ocr_line' id='line_1_23' title="bbox 144 1698 1603 1759; baseline -0.001 -15"><span class='ocrx_word' id='word_1_186' title='bbox 144 1703 223 1755; x_wconf 82' lang='grc' dir='ltr'><strong><em>μὲν</em></strong></span> <span class='ocrx_word' id='word_1_187' title='bbox 259 1700 332 1758; x_wconf 77' lang='grc' dir='ltr'><strong><em>ἔτη</em></strong></span> <span class='ocrx_word' id='word_1_188' title='bbox 375 1703 623 1754; x_wconf 80' lang='grc' dir='ltr'><strong><em>ξυνεστάναι</em></strong></span> <span class='ocrx_word' id='word_1_189' title='bbox 651 1701 726 1758; x_wconf 76' lang='grc' dir='ltr'><strong>τὴν</strong></span> <span class='ocrx_word' id='word_1_190' title='bbox 753 1701 948 1759; x_wconf 79' lang='grc' dir='ltr'><strong><em>εἰρήνην,</em></strong></span> <span class='ocrx_word' id='word_1_191' title='bbox 992 1698 1227 1755; x_wconf 42' lang='grc' dir='ltr'><strong><em>εΡωμαίοις</em></strong></span> <span class='ocrx_word' id='word_1_192' title='bbox 1266 1702 1313 1744; x_wconf 85' lang='grc' dir='ltr'><strong>δὲ</strong></span> <span class='ocrx_word' id='word_1_193' title='bbox 1350 1702 1603 1758; x_wconf 77' lang='grc' dir='ltr'><strong><em>ἐπιδοθῆναι</em></strong></span> 
     </span>
    </p>
   </div>
   <div class='ocr_carea' id='block_1_3' title="bbox 237 1784 1601 1885">
    <p class='ocr_par' dir='ltr' id='par_1_3' title="bbox 237 1784 1601 1885">
     <span class='ocr_line' id='line_1_24' title="bbox 244 1784 1601 1838; baseline 0.001 -13"><span class='ocrx_word' id='word_1_194' title='bbox 244 1792 295 1825; x_wconf 85' lang='grc' dir='ltr'><strong>ι6.</strong></span> <span class='ocrx_word' id='word_1_195' title='bbox 322 1785 430 1829; x_wconf 76' lang='grc' dir='ltr'><strong><em>ἐκτὸς</em></strong></span> <span class='ocrx_word' id='word_1_196' title='bbox 455 1794 577 1837; x_wconf 84' lang='grc' dir='ltr'><strong><em>συντ.]</em></strong></span> <span class='ocrx_word' id='word_1_197' title='bbox 613 1791 694 1826; x_wconf 79' lang='grc' dir='ltr'><strong>πᾶν</strong></span> <span class='ocrx_word' id='word_1_198' title='bbox 713 1788 756 1825; x_wconf 81' lang='grc' dir='ltr'><strong><em>τὸ</em></strong></span> <span class='ocrx_word' id='word_1_199' title='bbox 785 1791 1182 1837; x_wconf 74' lang='grc' dir='ltr'><strong><em>συντελεσθησόμενον</em></strong></span> <span class='ocrx_word' id='word_1_200' title='bbox 1205 1791 1249 1826; x_wconf 85' lang='grc' dir='ltr'><strong>Ν.</strong></span> <span class='ocrx_word' id='word_1_201' title='bbox 1349 1803 1401 1838; x_wconf 84' lang='lat'><strong>¹9·</strong></span> <span class='ocrx_word' id='word_1_202' title='bbox 1427 1784 1527 1838; x_wconf 83' lang='grc' dir='ltr'><strong><em>πρὸς</em></strong></span> <span class='ocrx_word' id='word_1_203' title='bbox 1550 1794 1601 1837; x_wconf 70' lang='grc' dir='ltr'><strong><em>τῷ</em></strong></span> 
     </span>
     <span class='ocr_line' id='line_1_25' title="bbox 237 1835 1070 1885; baseline -0.001 -13"><span class='ocrx_word' id='word_1_204' title='bbox 237 1838 331 1885; x_wconf 79' lang='grc' dir='ltr'><strong><em>μήτε</em></strong></span> <span class='ocrx_word' id='word_1_205' title='bbox 357 1835 438 1885; x_wconf 67' lang='grc' dir='ltr'><strong><em>μὴν</em></strong></span> <span class='ocrx_word' id='word_1_206' title='bbox 459 1840 496 1872; x_wconf 91' lang='grc' dir='ltr'><strong>Β.</strong></span> <span class='ocrx_word' id='word_1_207' title='bbox 570 1850 625 1873; x_wconf 80' lang='lat'><strong>20.</strong></span> <span class='ocrx_word' id='word_1_208' title='bbox 650 1837 952 1884; x_wconf 80' lang='grc' dir='ltr'><strong><em>προσελθόντων</em></strong></span> <span class='ocrx_word' id='word_1_209' title='bbox 973 1838 1070 1882; x_wconf 86' lang='lat' dir='ltr'><strong>vulg.</strong></span> 
     </span>
    </p>
   </div>
   <div class='ocr_carea' id='block_1_4' title="bbox 108 1917 1600 2857">
    <p class='ocr_par' dir='ltr' id='par_1_4' title="bbox 108 1917 1600 2857">
     <span class='ocr_line' id='line_1_26' title="bbox 143 1917 1599 1965; baseline 0 -13"><span class='ocrx_word' id='word_1_210' title='bbox 143 1919 304 1959; x_wconf 83' lang='lat' dir='ltr'><strong>faciunt,</strong></span> <span class='ocrx_word' id='word_1_211' title='bbox 345 1918 409 1965; x_wconf 91' lang='lat' dir='ltr'><strong>qui</strong></span> <span class='ocrx_word' id='word_1_212' title='bbox 436 1919 544 1963; x_wconf 88' lang='lat' dir='ltr'><strong>primi</strong></span> <span class='ocrx_word' id='word_1_213' title='bbox 572 1929 652 1951; x_wconf 92' lang='lat' dir='ltr'><strong>cum</strong></span> <span class='ocrx_word' id='word_1_214' title='bbox 677 1918 792 1952; x_wconf 87' lang='lat' dir='ltr'><strong>Persis</strong></span> <span class='ocrx_word' id='word_1_215' title='bbox 817 1917 862 1951; x_wconf 89' lang='lat' dir='ltr'><strong>de</strong></span> <span class='ocrx_word' id='word_1_216' title='bbox 890 1928 979 1962; x_wconf 88' lang='lat' dir='ltr'><strong>pace</strong></span> <span class='ocrx_word' id='word_1_217' title='bbox 1005 1917 1231 1962; x_wconf 80' lang='lat' dir='ltr'><strong>colloquium</strong></span> <span class='ocrx_word' id='word_1_218' title='bbox 1258 1917 1469 1952; x_wconf 85' lang='lat' dir='ltr'><strong>instituunt.</strong></span> <span class='ocrx_word' id='word_1_219' title='bbox 1525 1918 1599 1952; x_wconf 88' lang='lat' dir='ltr'><strong>Vos</strong></span> 
     </span>
     <span class='ocr_line' id='line_1_27' title="bbox 141 1963 1600 2013; baseline 0.001 -15"><span class='ocrx_word' id='word_1_220' title='bbox 141 1966 284 2013; x_wconf 83' lang='lat' dir='ltr'>alioqui</span> <span class='ocrx_word' id='word_1_221' title='bbox 307 1967 395 2001; x_wconf 84' lang='lat' dir='ltr'><strong>victi</strong></span> <span class='ocrx_word' id='word_1_222' title='bbox 420 1966 460 1998; x_wconf 87' lang='lat' dir='ltr'><strong>in</strong></span> <span class='ocrx_word' id='word_1_223' title='bbox 484 1976 527 2000; x_wconf 93' lang='lat' dir='ltr'><strong>eo</strong></span> <span class='ocrx_word' id='word_1_224' title='bbox 551 1966 719 2006; x_wconf 82' lang='lat' dir='ltr'><strong>vincitis,</strong></span> <span class='ocrx_word' id='word_1_225' title='bbox 745 1964 844 2010; x_wconf 89' lang='lat' dir='ltr'><strong>quod</strong></span> <span class='ocrx_word' id='word_1_226' title='bbox 869 1967 969 2009; x_wconf 79' lang='lat' dir='ltr'><strong>pacis</strong></span> <span class='ocrx_word' id='word_1_227' title='bbox 993 1963 1174 2009; x_wconf 88' lang='lat' dir='ltr'><strong>petendae</strong></span> <span class='ocrx_word' id='word_1_228' title='bbox 1200 1965 1388 1998; x_wconf 82' lang='lat' dir='ltr'><strong>celeritate</strong></span> <span class='ocrx_word' id='word_1_229' title='bbox 1406 1967 1600 2010; x_wconf 88' lang='lat' dir='ltr'><strong>praeveni—</strong></span> 
     </span>
     <span class='ocr_line' id='line_1_28' title="bbox 141 2010 1600 2057; baseline 0 -12"><span class='ocrx_word' id='word_1_230' title='bbox 141 2014 210 2052; x_wconf 77' lang='lat' dir='ltr'><strong>tis,</strong></span> <span class='ocrx_word' id='word_1_231' title='bbox 237 2018 274 2046; x_wconf 92' lang='lat' dir='ltr'><strong>et</strong></span> <span class='ocrx_word' id='word_1_232' title='bbox 298 2018 487 2057; x_wconf 86' lang='lat' dir='ltr'><strong>acceptum</strong></span> <span class='ocrx_word' id='word_1_233' title='bbox 512 2025 556 2047; x_wconf 83' lang='lat' dir='ltr'><strong>ex</strong></span> <span class='ocrx_word' id='word_1_234' title='bbox 582 2011 690 2046; x_wconf 88' lang='lat' dir='ltr'><strong>bellis</strong></span> <span class='ocrx_word' id='word_1_235' title='bbox 718 2012 875 2045; x_wconf 87' lang='lat' dir='ltr'><strong>dedecus</strong></span> <span class='ocrx_word' id='word_1_236' title='bbox 902 2010 971 2044; x_wconf 89' lang='lat' dir='ltr'><strong>hac</strong></span> <span class='ocrx_word' id='word_1_237' title='bbox 993 2011 1136 2044; x_wconf 85' lang='lat' dir='ltr'><strong>ratione</strong></span> <span class='ocrx_word' id='word_1_238' title='bbox 1161 2010 1308 2055; x_wconf 84' lang='lat' dir='ltr'><strong>tegitis,</strong></span> <span class='ocrx_word' id='word_1_239' title='bbox 1335 2017 1372 2045; x_wconf 83' lang='lat' dir='ltr'><strong>et</strong></span> <span class='ocrx_word' id='word_1_240' title='bbox 1394 2013 1433 2045; x_wconf 90' lang='lat' dir='ltr'><strong>in</strong></span> <span class='ocrx_word' id='word_1_241' title='bbox 1460 2022 1503 2044; x_wconf 89' lang='lat' dir='ltr'><strong>eo</strong></span> <span class='ocrx_word' id='word_1_242' title='bbox 1528 2012 1600 2046; x_wconf 89' lang='lat' dir='ltr'><strong>hu-</strong></span> 
     </span>
     <span class='ocr_line' id='line_1_29' title="bbox 140 2057 1600 2104; baseline -0.001 -10"><span class='ocrx_word' id='word_1_243' title='bbox 140 2062 329 2094; x_wconf 82' lang='lat' dir='ltr'><strong>manitatis</strong></span> <span class='ocrx_word' id='word_1_244' title='bbox 354 2060 498 2094; x_wconf 88' lang='lat' dir='ltr'><strong>laudem</strong></span> <span class='ocrx_word' id='word_1_245' title='bbox 526 2060 722 2100; x_wconf 81' lang='lat' dir='ltr'><strong>affectatis,</strong></span> <span class='ocrx_word' id='word_1_246' title='bbox 755 2057 855 2104; x_wconf 86' lang='lat' dir='ltr'><strong>quod</strong></span> <span class='ocrx_word' id='word_1_247' title='bbox 881 2069 901 2091; x_wconf 90' lang='lat' dir='ltr'><strong>a</strong></span> <span class='ocrx_word' id='word_1_248' title='bbox 925 2057 1121 2103; x_wconf 86' lang='lat' dir='ltr'><strong>pugnando</strong></span> <span class='ocrx_word' id='word_1_249' title='bbox 1160 2057 1374 2091; x_wconf 85' lang='lat' dir='ltr'>abhorretis.</span> <span class='ocrx_word' id='word_1_250' title='bbox 1435 2059 1479 2092; x_wconf 88' lang='lat' dir='ltr'><strong>Id</strong></span> <span class='ocrx_word' id='word_1_251' title='bbox 1510 2061 1600 2103; x_wconf 91' lang='lat' dir='ltr'><strong>qui-</strong></span> 
     </span>
     <span class='ocr_line' id='line_1_30' title="bbox 142 2104 1598 2153; baseline 0.001 -14"><span class='ocrx_word' id='word_1_252' title='bbox 142 2105 225 2140; x_wconf 85' lang='lat' dir='ltr'><strong>dem</strong></span> <span class='ocrx_word' id='word_1_253' title='bbox 251 2113 287 2141; x_wconf 88' lang='lat' dir='ltr'><strong>et</strong></span> <span class='ocrx_word' id='word_1_254' title='bbox 310 2118 401 2148; x_wconf 89' lang='lat' dir='ltr'><strong>nos,</strong></span> <span class='ocrx_word' id='word_1_255' title='bbox 439 2108 470 2141; x_wconf 88' lang='lat' dir='ltr'><strong>si</strong></span> <span class='ocrx_word' id='word_1_256' title='bbox 503 2106 649 2153; x_wconf 85' lang='lat' dir='ltr'><strong>quando</strong></span> <span class='ocrx_word' id='word_1_257' title='bbox 686 2105 823 2139; x_wconf 84' lang='lat' dir='ltr'><strong>tardius</strong></span> <span class='ocrx_word' id='word_1_258' title='bbox 853 2106 1079 2139; x_wconf 86' lang='lat' dir='ltr'><strong>mentionem</strong></span> <span class='ocrx_word' id='word_1_259' title='bbox 1114 2105 1213 2149; x_wconf 83' lang='lat' dir='ltr'><strong>pacis</strong></span> <span class='ocrx_word' id='word_1_260' title='bbox 1241 2104 1444 2147; x_wconf 80' lang='lat' dir='ltr'><strong>fecissetis,</strong></span> <span class='ocrx_word' id='word_1_261' title='bbox 1485 2107 1598 2140; x_wconf 85' lang='lat' dir='ltr'><strong>etiam</strong></span> 
     </span>
     <span class='ocr_line' id='line_1_31' title="bbox 139 2151 1598 2198; baseline -0.001 -12"><span class='ocrx_word' id='word_1_262' title='bbox 139 2154 327 2188; x_wconf 79' lang='lat' dir='ltr'><strong>vincentes</strong></span> <span class='ocrx_word' id='word_1_263' title='bbox 342 2154 563 2189; x_wconf 85' lang='lat' dir='ltr'><strong>fecissemus.</strong></span> <span class='ocrx_word' id='word_1_264' title='bbox 612 2155 741 2198; x_wconf 87' lang='lat' dir='ltr'><strong>Itaque</strong></span> <span class='ocrx_word' id='word_1_265' title='bbox 765 2157 802 2186; x_wconf 91' lang='lat' dir='ltr'><strong>et</strong></span> <span class='ocrx_word' id='word_1_266' title='bbox 822 2162 952 2198; x_wconf 82' lang='lat' dir='ltr'><strong>pacem</strong></span> <span class='ocrx_word' id='word_1_267' title='bbox 976 2151 1097 2195; x_wconf 87' lang='lat' dir='ltr'><strong>magni</strong></span> <span class='ocrx_word' id='word_1_268' title='bbox 1123 2153 1372 2193; x_wconf 78' lang='lat' dir='ltr'><strong>aestimamus,</strong></span> <span class='ocrx_word' id='word_1_269' title='bbox 1398 2158 1436 2187; x_wconf 87' lang='lat' dir='ltr'><strong>et</strong></span> <span class='ocrx_word' id='word_1_270' title='bbox 1461 2164 1598 2186; x_wconf 90' lang='lat' dir='ltr'><strong>sermo-</strong></span> 
     </span>
     <span class='ocr_line' id='line_1_32' title="bbox 139 2198 1597 2245; baseline -0.001 -10"><span class='ocrx_word' id='word_1_271' title='bbox 139 2212 208 2235; x_wconf 88' lang='lat' dir='ltr'><strong>nes</strong></span> <span class='ocrx_word' id='word_1_272' title='bbox 235 2204 332 2245; x_wconf 82' lang='lat' dir='ltr'><strong>pacis</strong></span> <span class='ocrx_word' id='word_1_273' title='bbox 358 2201 596 2235; x_wconf 81' lang='lat' dir='ltr'><strong>admittimus.</strong></span> <span class='ocrx_word' id='word_1_274' title='bbox 646 2200 736 2233; x_wconf 88' lang='lat' dir='ltr'><strong>Nam</strong></span> <span class='ocrx_word' id='word_1_275' title='bbox 763 2199 928 2245; x_wconf 82' lang='lat' dir='ltr'><strong>generosi</strong></span> <span class='ocrx_word' id='word_1_276' title='bbox 954 2199 1068 2232; x_wconf 90' lang='lat' dir='ltr'><strong>animi</strong></span> <span class='ocrx_word' id='word_1_277' title='bbox 1095 2203 1170 2239; x_wconf 86' lang='lat' dir='ltr'><strong>est,</strong></span> <span class='ocrx_word' id='word_1_278' title='bbox 1207 2198 1409 2232; x_wconf 84' lang='lat' dir='ltr'><strong>honestatis</strong></span> <span class='ocrx_word' id='word_1_279' title='bbox 1436 2199 1534 2244; x_wconf 87' lang='lat' dir='ltr'><strong>leges</strong></span> <span class='ocrx_word' id='word_1_280' title='bbox 1558 2200 1597 2233; x_wconf 88' lang='lat' dir='ltr'><strong>in</strong></span> 
     </span>
     <span class='ocr_line' id='line_1_33' title="bbox 139 2244 1597 2295; baseline -0.001 -14"><span class='ocrx_word' id='word_1_281' title='bbox 139 2248 311 2282; x_wconf 89' lang='lat' dir='ltr'><strong>omnibus</strong></span> <span class='ocrx_word' id='word_1_282' title='bbox 338 2248 446 2283; x_wconf 88' lang='lat' dir='ltr'><strong>rebus</strong></span> <span class='ocrx_word' id='word_1_283' title='bbox 474 2248 613 2295; x_wconf 81' lang='lat' dir='ltr'><strong>sequi,”</strong></span> <span class='ocrx_word' id='word_1_284' title='bbox 661 2248 758 2281; x_wconf 89' lang='lat' dir='ltr'><strong>Haec</strong></span> <span class='ocrx_word' id='word_1_285' title='bbox 782 2246 908 2279; x_wconf 90' lang='lat' dir='ltr'><strong>Zichus</strong></span> <span class='ocrx_word' id='word_1_286' title='bbox 935 2250 972 2279; x_wconf 89' lang='lat' dir='ltr'><strong>et</strong></span> <span class='ocrx_word' id='word_1_287' title='bbox 988 2245 1176 2279; x_wconf 89' lang='lat' dir='ltr'><strong>amborum</strong></span> <span class='ocrx_word' id='word_1_288' title='bbox 1196 2244 1396 2290; x_wconf 86' lang='lat' dir='ltr'><strong>legatorum</strong></span> <span class='ocrx_word' id='word_1_289' title='bbox 1414 2246 1597 2292; x_wconf 88' lang='lat' dir='ltr'><strong>interpre-</strong></span> 
     </span>
     <span class='ocr_line' id='line_1_34' title="bbox 140 2293 1596 2342; baseline 0 -15"><span class='ocrx_word' id='word_1_290' title='bbox 140 2299 196 2327; x_wconf 82' lang='lat' dir='ltr'><strong>tes</strong></span> <span class='ocrx_word' id='word_1_291' title='bbox 213 2321 223 2335; x_wconf 96' lang='lat'><strong>,</strong></span> <span class='ocrx_word' id='word_1_292' title='bbox 248 2296 294 2329; x_wconf 89' lang='lat' dir='ltr'><strong>ab</strong></span> <span class='ocrx_word' id='word_1_293' title='bbox 320 2297 484 2342; x_wconf 88' lang='lat' dir='ltr'><strong>utrisque</strong></span> <span class='ocrx_word' id='word_1_294' title='bbox 509 2296 650 2340; x_wconf 85' lang='lat' dir='ltr'><strong>prolata</strong></span> <span class='ocrx_word' id='word_1_295' title='bbox 676 2293 898 2338; x_wconf 74' lang='lat' dir='ltr'><strong>explicantes</strong></span> <span class='ocrx_word' id='word_1_296' title='bbox 925 2304 987 2333; x_wconf 90' lang='lat' dir='ltr'><strong>ea,</strong></span> <span class='ocrx_word' id='word_1_297' title='bbox 1015 2303 1109 2337; x_wconf 92' lang='lat' dir='ltr'><strong>quae</strong></span> <span class='ocrx_word' id='word_1_298' title='bbox 1138 2303 1380 2338; x_wconf 85' lang='lat' dir='ltr'><strong>unaquaeque</strong></span> <span class='ocrx_word' id='word_1_299' title='bbox 1406 2304 1489 2338; x_wconf 84' lang='lat' dir='ltr'><strong>pars</strong></span> <span class='ocrx_word' id='word_1_300' title='bbox 1512 2305 1596 2327; x_wconf 90' lang='lat' dir='ltr'><strong>sen-</strong></span> 
     </span>
     <span class='ocr_line' id='line_1_35' title="bbox 139 2339 1595 2388; baseline -0.001 -13"><span class='ocrx_word' id='word_1_301' title='bbox 139 2342 279 2381; x_wconf 84' lang='lat' dir='ltr'><strong>tiebat,</strong></span> <span class='ocrx_word' id='word_1_302' title='bbox 315 2347 581 2388; x_wconf 64' lang='lat' dir='ltr'><strong>exposumunt,</strong></span> <span class='ocrx_word' id='word_1_303' title='bbox 614 2352 694 2375; x_wconf 89' lang='lat' dir='ltr'><strong>cum</strong></span> <span class='ocrx_word' id='word_1_304' title='bbox 721 2342 760 2374; x_wconf 93' lang='lat' dir='ltr'><strong>in</strong></span> <span class='ocrx_word' id='word_1_305' title='bbox 783 2341 916 2374; x_wconf 84' lang='lat' dir='ltr'><strong>multos</strong></span> <span class='ocrx_word' id='word_1_306' title='bbox 947 2350 1095 2385; x_wconf 89' lang='lat' dir='ltr'><strong>quoque</strong></span> <span class='ocrx_word' id='word_1_307' title='bbox 1121 2339 1212 2373; x_wconf 85' lang='lat' dir='ltr'><strong>alios</strong></span> <span class='ocrx_word' id='word_1_308' title='bbox 1238 2350 1420 2373; x_wconf 88' lang='lat' dir='ltr'><strong>sermones</strong></span> <span class='ocrx_word' id='word_1_309' title='bbox 1453 2341 1595 2385; x_wconf 89' lang='lat' dir='ltr'><strong>erupis-</strong></span> 
     </span>
     <span class='ocr_line' id='line_1_36' title="bbox 139 2386 1596 2435; baseline 0.001 -15"><span class='ocrx_word' id='word_1_310' title='bbox 139 2394 244 2429; x_wconf 84' lang='lat' dir='ltr'><strong>sent,</strong></span> <span class='ocrx_word' id='word_1_311' title='bbox 270 2401 381 2435; x_wconf 88' lang='lat' dir='ltr'><strong>quum</strong></span> <span class='ocrx_word' id='word_1_312' title='bbox 410 2391 603 2430; x_wconf 84' lang='lat' dir='ltr'><strong>utilitatis,</strong></span> <span class='ocrx_word' id='word_1_313' title='bbox 629 2394 704 2421; x_wconf 88' lang='lat' dir='ltr'><strong>tum</strong></span> <span class='ocrx_word' id='word_1_314' title='bbox 731 2393 877 2421; x_wconf 86' lang='lat' dir='ltr'><strong>ornatus</strong></span> <span class='ocrx_word' id='word_1_315' title='bbox 903 2397 1007 2420; x_wconf 88' lang='lat' dir='ltr'><strong>causa</strong></span> <span class='ocrx_word' id='word_1_316' title='bbox 1024 2411 1033 2427; x_wconf 94' lang='lat'><strong>,</strong></span> <span class='ocrx_word' id='word_1_317' title='bbox 1058 2391 1096 2420; x_wconf 85' lang='lat' dir='ltr'><strong>et</strong></span> <span class='ocrx_word' id='word_1_318' title='bbox 1117 2397 1164 2420; x_wconf 87' lang='lat' dir='ltr'><strong>ne</strong></span> <span class='ocrx_word' id='word_1_319' title='bbox 1190 2387 1287 2430; x_wconf 88' lang='lat' dir='ltr'><strong>pacis</strong></span> <span class='ocrx_word' id='word_1_320' title='bbox 1314 2386 1496 2422; x_wconf 86' lang='lat' dir='ltr'><strong>desiderio</strong></span> <span class='ocrx_word' id='word_1_321' title='bbox 1523 2389 1596 2421; x_wconf 87' lang='lat' dir='ltr'><strong>mi-</strong></span> 
     </span>
     <span class='ocr_line' id='line_1_37' title="bbox 138 2435 1594 2478; baseline -0.001 -10"><span class='ocrx_word' id='word_1_322' title='bbox 138 2447 208 2468; x_wconf 89' lang='lat' dir='ltr'><strong>nus</strong></span> <span class='ocrx_word' id='word_1_323' title='bbox 232 2438 350 2469; x_wconf 86' lang='lat' dir='ltr'><strong>teneri</strong></span> <span class='ocrx_word' id='word_1_324' title='bbox 374 2436 595 2470; x_wconf 79' lang='lat' dir='ltr'><strong>viderentur.</strong></span> <span class='ocrx_word' id='word_1_325' title='bbox 654 2437 783 2470; x_wconf 82' lang='lat' dir='ltr'><strong>Persae</strong></span> <span class='ocrx_word' id='word_1_326' title='bbox 808 2439 930 2467; x_wconf 84' lang='lat' dir='ltr'><strong>autem</strong></span> <span class='ocrx_word' id='word_1_327' title='bbox 957 2443 1084 2478; x_wconf 89' lang='lat' dir='ltr'><strong>pacem</strong></span> <span class='ocrx_word' id='word_1_328' title='bbox 1108 2435 1319 2467; x_wconf 86' lang='lat' dir='ltr'><strong>continuam</strong></span> <span class='ocrx_word' id='word_1_329' title='bbox 1345 2445 1423 2468; x_wconf 89' lang='lat' dir='ltr'><strong>esse</strong></span> <span class='ocrx_word' id='word_1_330' title='bbox 1449 2440 1486 2468; x_wconf 88' lang='lat' dir='ltr'><strong>et</strong></span> <span class='ocrx_word' id='word_1_331' title='bbox 1511 2445 1594 2467; x_wconf 91' lang='lat' dir='ltr'><strong>cer-</strong></span> 
     </span>
     <span class='ocr_line' id='line_1_38' title="bbox 139 2479 1588 2528; baseline 0.001 -14"><span class='ocrx_word' id='word_1_332' title='bbox 139 2487 213 2515; x_wconf 81' lang='lat' dir='ltr'><strong>tam</strong></span> <span class='ocrx_word' id='word_1_333' title='bbox 241 2484 319 2516; x_wconf 87' lang='lat' dir='ltr'><strong>auri</strong></span> <span class='ocrx_word' id='word_1_334' title='bbox 348 2485 610 2528; x_wconf 81' lang='lat' dir='ltr'><strong>quantitatem,</strong></span> <span class='ocrx_word' id='word_1_335' title='bbox 650 2494 696 2516; x_wconf 86' lang='lat' dir='ltr'><strong>ne</strong></span> <span class='ocrx_word' id='word_1_336' title='bbox 731 2482 837 2516; x_wconf 85' lang='lat' dir='ltr'><strong>armis</strong></span> <span class='ocrx_word' id='word_1_337' title='bbox 861 2485 1069 2521; x_wconf 85' lang='lat' dir='ltr'><strong>uterentur,</strong></span> <span class='ocrx_word' id='word_1_338' title='bbox 1105 2479 1256 2525; x_wconf 86' lang='lat' dir='ltr'><strong>singulis</strong></span> <span class='ocrx_word' id='word_1_339' title='bbox 1287 2482 1391 2515; x_wconf 89' lang='lat' dir='ltr'><strong>annis</strong></span> <span class='ocrx_word' id='word_1_340' title='bbox 1425 2482 1588 2526; x_wconf 75' lang='lat' dir='ltr'><strong>accipere</strong></span> 
     </span>
     <span class='ocr_line' id='line_1_39' title="bbox 138 2528 1589 2575; baseline 0 -13"><span class='ocrx_word' id='word_1_341' title='bbox 138 2530 322 2563; x_wconf 82' lang='lat' dir='ltr'><strong>volebant.</strong></span> <span class='ocrx_word' id='word_1_342' title='bbox 356 2531 543 2564; x_wconf 87' lang='lat' dir='ltr'><strong>Praeterea</strong></span> <span class='ocrx_word' id='word_1_343' title='bbox 569 2530 807 2575; x_wconf 85' lang='lat' dir='ltr'><strong>quadraginta</strong></span> <span class='ocrx_word' id='word_1_344' title='bbox 833 2533 896 2561; x_wconf 85' lang='lat' dir='ltr'><strong>aut</strong></span> <span class='ocrx_word' id='word_1_345' title='bbox 924 2528 970 2561; x_wconf 88' lang='lat' dir='ltr'><strong>ad</strong></span> <span class='ocrx_word' id='word_1_346' title='bbox 994 2528 1113 2561; x_wconf 86' lang='lat' dir='ltr'><strong>minus</strong></span> <span class='ocrx_word' id='word_1_347' title='bbox 1139 2528 1287 2572; x_wconf 85' lang='lat' dir='ltr'><strong>triginta</strong></span> <span class='ocrx_word' id='word_1_348' title='bbox 1314 2539 1491 2562; x_wconf 90' lang='lat' dir='ltr'><strong>annorum</strong></span> <span class='ocrx_word' id='word_1_349' title='bbox 1511 2530 1589 2563; x_wconf 84' lang='lat' dir='ltr'><strong>auri</strong></span> 
     </span>
     <span class='ocr_line' id='line_1_40' title="bbox 137 2573 1589 2621; baseline 0 -12"><span class='ocrx_word' id='word_1_350' title='bbox 137 2577 421 2621; x_wconf 82' lang='lat' dir='ltr'><strong>praestationem</strong></span> <span class='ocrx_word' id='word_1_351' title='bbox 451 2589 524 2611; x_wconf 90' lang='lat' dir='ltr'><strong>uno</strong></span> <span class='ocrx_word' id='word_1_352' title='bbox 550 2578 694 2611; x_wconf 89' lang='lat' dir='ltr'><strong>cumulo</strong></span> <span class='ocrx_word' id='word_1_353' title='bbox 721 2581 965 2610; x_wconf 81' lang='lat' dir='ltr'><strong>coacervatam</strong></span> <span class='ocrx_word' id='word_1_354' title='bbox 985 2573 1058 2608; x_wconf 89' lang='lat' dir='ltr'><strong>sihi</strong></span> <span class='ocrx_word' id='word_1_355' title='bbox 1084 2573 1174 2616; x_wconf 86' lang='lat' dir='ltr'><strong>dari,</strong></span> <span class='ocrx_word' id='word_1_356' title='bbox 1199 2580 1241 2608; x_wconf 90' lang='lat' dir='ltr'><strong>ut</strong></span> <span class='ocrx_word' id='word_1_357' title='bbox 1263 2575 1308 2609; x_wconf 91' lang='lat' dir='ltr'><strong>ab</strong></span> <span class='ocrx_word' id='word_1_358' title='bbox 1331 2576 1438 2609; x_wconf 88' lang='lat' dir='ltr'><strong>armis</strong></span> <span class='ocrx_word' id='word_1_359' title='bbox 1468 2575 1589 2609; x_wconf 88' lang='lat' dir='ltr'><strong>disce·</strong></span> 
     </span>
     <span class='ocr_line' id='line_1_41' title="bbox 140 2621 1589 2668; baseline 0 -12"><span class='ocrx_word' id='word_1_360' title='bbox 140 2622 280 2662; x_wconf 88' lang='lat' dir='ltr'><strong>derent,</strong></span> <span class='ocrx_word' id='word_1_361' title='bbox 306 2624 553 2668; x_wconf 84' lang='lat' dir='ltr'><strong>postulabant.</strong></span> <span class='ocrx_word' id='word_1_362' title='bbox 584 2623 735 2657; x_wconf 83' lang='lat' dir='ltr'><strong>Romani</strong></span> <span class='ocrx_word' id='word_1_363' title='bbox 755 2628 880 2657; x_wconf 85' lang='lat' dir='ltr'><strong>contra</strong></span> <span class='ocrx_word' id='word_1_364' title='bbox 899 2621 945 2655; x_wconf 88' lang='lat' dir='ltr'><strong>ad</strong></span> <span class='ocrx_word' id='word_1_365' title='bbox 959 2622 1068 2655; x_wconf 88' lang='lat' dir='ltr'><strong>breve</strong></span> <span class='ocrx_word' id='word_1_366' title='bbox 1094 2626 1235 2668; x_wconf 89' lang='lat' dir='ltr'><strong>tempus</strong></span> <span class='ocrx_word' id='word_1_367' title='bbox 1252 2622 1401 2656; x_wconf 86' lang='lat' dir='ltr'><strong>foedera</strong></span> <span class='ocrx_word' id='word_1_368' title='bbox 1426 2622 1505 2656; x_wconf 84' lang='lat' dir='ltr'><strong>fieri</strong></span> <span class='ocrx_word' id='word_1_369' title='bbox 1527 2634 1589 2656; x_wconf 89' lang='lat' dir='ltr'><strong>ae-</strong></span> 
     </span>
     <span class='ocr_line' id='line_1_42' title="bbox 139 2669 1587 2717; baseline 0 -14"><span class='ocrx_word' id='word_1_370' title='bbox 139 2682 252 2716; x_wconf 89' lang='lat' dir='ltr'><strong>quum</strong></span> <span class='ocrx_word' id='word_1_371' title='bbox 279 2671 496 2712; x_wconf 86' lang='lat' dir='ltr'><strong>censebant,</strong></span> <span class='ocrx_word' id='word_1_372' title='bbox 517 2676 554 2705; x_wconf 88' lang='lat' dir='ltr'><strong>et</strong></span> <span class='ocrx_word' id='word_1_373' title='bbox 578 2673 773 2717; x_wconf 89' lang='lat' dir='ltr'><strong>quicquam</strong></span> <span class='ocrx_word' id='word_1_374' title='bbox 798 2681 864 2715; x_wconf 88' lang='lat' dir='ltr'><strong>pro</strong></span> <span class='ocrx_word' id='word_1_375' title='bbox 889 2680 974 2714; x_wconf 88' lang='lat' dir='ltr'><strong>pace</strong></span> <span class='ocrx_word' id='word_1_376' title='bbox 1000 2669 1139 2703; x_wconf 83' lang='lat' dir='ltr'><strong>solvere</strong></span> <span class='ocrx_word' id='word_1_377' title='bbox 1173 2669 1400 2704; x_wconf 81' lang='lat' dir='ltr'><strong>recusabant.</strong></span> <span class='ocrx_word' id='word_1_378' title='bbox 1456 2670 1587 2714; x_wconf 83' lang='lat' dir='ltr'><strong>Magno</strong></span> 
     </span>
     <span class='ocr_line' id='line_1_43' title="bbox 138 2716 1588 2761; baseline -0.001 -11"><span class='ocrx_word' id='word_1_379' title='bbox 138 2728 248 2761; x_wconf 83' lang='lat' dir='ltr'><strong>super</strong></span> <span class='ocrx_word' id='word_1_380' title='bbox 271 2716 341 2751; x_wconf 91' lang='lat' dir='ltr'><strong>hoc</strong></span> <span class='ocrx_word' id='word_1_381' title='bbox 365 2719 561 2751; x_wconf 87' lang='lat' dir='ltr'><strong>certamine</strong></span> <span class='ocrx_word' id='word_1_382' title='bbox 587 2723 712 2752; x_wconf 83' lang='lat' dir='ltr'><strong>exorto</strong></span> <span class='ocrx_word' id='word_1_383' title='bbox 727 2743 736 2753; x_wconf 92' lang='lat'><strong>.</strong></span> <span class='ocrx_word' id='word_1_384' title='bbox 771 2729 851 2750; x_wconf 86' lang='lat' dir='ltr'><strong>cum</strong></span> <span class='ocrx_word' id='word_1_385' title='bbox 878 2716 1045 2761; x_wconf 84' lang='lat' dir='ltr'><strong>pluribus</strong></span> <span class='ocrx_word' id='word_1_386' title='bbox 1069 2716 1188 2750; x_wconf 80' lang='lat' dir='ltr'><strong>verbis</strong></span> <span class='ocrx_word' id='word_1_387' title='bbox 1213 2717 1309 2750; x_wconf 86' lang='lat' dir='ltr'><strong>inter</strong></span> <span class='ocrx_word' id='word_1_388' title='bbox 1331 2728 1369 2751; x_wconf 87' lang='lat' dir='ltr'><strong>se</strong></span> <span class='ocrx_word' id='word_1_389' title='bbox 1395 2716 1588 2750; x_wconf 82' lang='lat' dir='ltr'><strong>disseruis-</strong></span> 
     </span>
     <span class='ocr_line' id='line_1_44' title="bbox 108 2763 1586 2811; baseline -0.001 -15"><span class='ocrx_word' id='word_1_390' title='bbox 108 2781 122 2793; x_wconf 84' lang='lat'><strong>·</strong></span> <span class='ocrx_word' id='word_1_391' title='bbox 138 2769 241 2806; x_wconf 87' lang='lat' dir='ltr'><strong>sent,</strong></span> <span class='ocrx_word' id='word_1_392' title='bbox 266 2763 413 2798; x_wconf 89' lang='lat' dir='ltr'><strong>tandem</strong></span> <span class='ocrx_word' id='word_1_393' title='bbox 440 2765 584 2798; x_wconf 88' lang='lat' dir='ltr'><strong>decreto</strong></span> <span class='ocrx_word' id='word_1_394' title='bbox 610 2765 788 2799; x_wconf 88' lang='lat' dir='ltr'><strong>sancitum</strong></span> <span class='ocrx_word' id='word_1_395' title='bbox 814 2767 886 2804; x_wconf 85' lang='lat' dir='ltr'><strong>est,</strong></span> <span class='ocrx_word' id='word_1_396' title='bbox 917 2768 961 2796; x_wconf 85' lang='lat' dir='ltr'><strong>ut</strong></span> <span class='ocrx_word' id='word_1_397' title='bbox 983 2774 1048 2808; x_wconf 88' lang='lat' dir='ltr'><strong>per</strong></span> <span class='ocrx_word' id='word_1_398' title='bbox 1073 2764 1339 2811; x_wconf 82' lang='lat' dir='ltr'><strong>quinquaginta</strong></span> <span class='ocrx_word' id='word_1_399' title='bbox 1364 2773 1476 2797; x_wconf 84' lang='lat' dir='ltr'><strong>annos</strong></span> <span class='ocrx_word' id='word_1_400' title='bbox 1514 2774 1586 2808; x_wconf 84' lang='lat' dir='ltr'><strong>pax</strong></span> 
     </span>
     <span class='ocr_line' id='line_1_45' title="bbox 139 2810 1586 2857; baseline -0.001 -12"><span class='ocrx_word' id='word_1_401' title='bbox 139 2816 252 2856; x_wconf 84' lang='lat' dir='ltr'><strong>esset,</strong></span> <span class='ocrx_word' id='word_1_402' title='bbox 276 2812 446 2848; x_wconf 75' lang='lat' dir='ltr'><strong>Romanis</strong></span> <span class='ocrx_word' id='word_1_403' title='bbox 470 2812 636 2849; x_wconf 78' lang='lat' dir='ltr'><strong>Lazieam</strong></span> <span class='ocrx_word' id='word_1_404' title='bbox 659 2813 786 2849; x_wconf 86' lang='lat' dir='ltr'><strong>Persae</strong></span> <span class='ocrx_word' id='word_1_405' title='bbox 806 2810 1018 2846; x_wconf 86' lang='lat' dir='ltr'><strong>redderent:</strong></span> <span class='ocrx_word' id='word_1_406' title='bbox 1044 2816 1084 2845; x_wconf 88' lang='lat' dir='ltr'><strong>ut</strong></span> <span class='ocrx_word' id='word_1_407' title='bbox 1105 2812 1206 2857; x_wconf 87' lang='lat' dir='ltr'><strong>pacis</strong></span> <span class='ocrx_word' id='word_1_408' title='bbox 1233 2810 1464 2847; x_wconf 83' lang='lat' dir='ltr'><strong>conditiones</strong></span> <span class='ocrx_word' id='word_1_409' title='bbox 1487 2810 1586 2847; x_wconf 84' lang='lat' dir='ltr'><strong>vale-</strong></span> 
     </span>
    </p>
   </div>
  </div>
 </body>
</html>
