1924 3164
597 178 630 217 E
669 174 842 225 musei
885 174 1158 221 His'romA.
1493 175 1514 212 1
1527 155 1602 232 59

148 283 276 330 ξοιεν.
331 279 505 335 α’φήεετο
535 279 582 321 δὲ
611 277 686 320 καὶ
708 277 826 334 παρὰ
853 280 933 320 τοῦ
959 279 1145 335 Περσῶν
1169 276 1388 334 μονάρχου
1405 309 1418 331 ,
1446 279 1534 321 τῶν
1559 295 1609 321 τε
1622 282 1796 329 Α.0.465

148 347 252 399 παρ’
281 338 440 393 αὖτοὺς
468 338 814 400 καταφευγόντων
853 344 900 386 ἐκ
937 346 1014 386 τοῦ
1045 344 1252 400 σφετέρου
1287 341 1439 392 ἔθνους
1464 344 1604 387 αἰτίαν
1614 329 1728 412 ἱζΐξ

149 409 326 465 ἔχουσα,
365 410 439 451 καί
465 412 549 452 τῶν
575 408 746 464 Μάγων
772 412 857 452 τῶν
884 411 930 452 ἐν
955 411 1008 468 τῇ
1038 410 1269 462 ζΡωμαίων
1292 411 1348 467 γῇ
1374 410 1421 452 ἐκ
1447 414 1605 454 παλαι-
1717 389 1762 424 ’9

150 480 208 529 ὤν
236 475 462 519 οἰκούντων
486 474 671 532 χρόνων,
702 475 760 525 ὥς
789 472 968 530 ἀπάγειν
996 475 1154 526 αὐτούς
1179 477 1264 518 τῶν
1281 477 1471 532 πατρίων
1489 478 1604 520 ἐθῶν

121 545 223 588 5καί
245 542 384 597 νόμων
403 542 618 592 ἐθέλοντες
645 543 720 584 καί
743 544 820 598 τῆς
847 541 946 598 περὶ
967 541 1015 584 τὸ
1045 546 1161 584 θεῖον
1190 543 1416 598 ἁγιστείας,
1444 559 1603 600 παρεν*

148 611 332 665 οχλοῢσί
350 625 396 652 τε
424 607 544 651 ἐσαεὶ
567 610 642 651 καί
668 605 948 651 ἆνακαίεσθαι
975 606 1080 651 κατὰ
1118 608 1192 652 τὸν
1228 608 1387 663 θεσμὸν
1413 609 1467 652 οὔ
1505 626 1601 666 συγ·

143 677 337 731 χωροῦσι
362 673 408 717 τὸ
448 668 550 730 παρ’
577 676 724 724 αὐτοῖς
761 671 967 728 ἄσβεστον
989 674 1247 728 καλούμενον
1272 675 1386 731 πῦρ.
1440 677 1516 719 καί
1542 676 1603 726 ὥς

144 740 230 796 χρὴ
260 741 341 782 τοῦ
370 740 664 796 Ἰουροειπαὰχ
696 741 907 796 φρουρίου
946 740 1019 782 ἐπὶ
1054 743 1139 782 ταῖν
1167 740 1377 783 Κασπίων
1407 744 1599 796 κειμένου

145 806 289 848 πυλῶν
313 804 533 862 χρήματα,
542 808 826 862 χορηγοῦντας
858 806 1104 860 “Ρωμαίους
1141 809 1360 849 ποιεῖσθαι
1385 807 1634 862 ἐπιμέλει-ο.

95 887 220 924 ιοαν,
259 867 416 927 ἢγοῦν
442 869 544 922 τούς
585 873 909 928 φρουρήσαντας
949 868 1054 914 αὖτὸ
1098 873 1360 926 στρατιώτας
1400 874 1603 928 στέλλειν,

144 938 221 985 καί
245 936 307 992 μὴ
333 934 486 991 μόνους
514 935 676 995 δαπάνῃ
713 939 788 979 καί
818 939 988 995 φυλακῇ
1013 939 1093 996 τοῦ
1116 940 1280 994 χωρίου
1311 937 1600 994 βαρύνεσθαι·

145 1005 186 1046 εἰ
211 1001 291 1058 γὰρ
318 1004 487 1056 ἐνδοῖεν,
520 1003 594 1045 οῦκ
623 1004 682 1053 εἰς
694 1005 870 1059 Πέρσας
896 1001 1061 1056 μόνους,
1091 1002 1200 1046 ἀλλὰ
1229 1004 1304 1046 καὶ
1328 1005 1388 1055 εἷς
1408 1003 1602 1056 εΡωμαί--

146 1086 222 1119 ους
248 1069 302 1112 τοὶ
332 1070 378 1111 ἐκ
402 1070 483 1111 τῶν
509 1067 825 1125 παροικούντων
852 1071 992 1112 ἐθναῖν
1019 1067 1128 1112 κακοὶ
1167 1069 1325 1128 ῥᾳδίως
1353 1070 1601 1126 ἀφικέσθαι.

145 1138 303 1192 χρῆναι
346 1136 392 1176 δὲ
429 1133 589 1184 αὐτούς
627 1133 769 1190 ἔλεγον
803 1137 879 1177 καί
915 1134 1132 1191 χρήμασιν
1170 1137 1408 1192 ἐπικουρεῖν
1446 1138 1520 1179 ἐπὶ
1541 1140 1603 1194 τῷ

97 1200 255 1257 ιόπρὸς
285 1195 472 1250 Οῧννους
499 1201 664 1258 πολέμῳ
693 1199 793 1249 τούς
819 1202 1064 1257 Κιδαρίτας
1097 1201 1367 1255 λεγομένους·
1421 1199 1602 1244 ἔσεσθαι

146 1267 226 1324 γάρ
256 1283 404 1324 σφισιν
431 1263 573 1308 αὐτῶν
602 1264 811 1308 νικώντων
842 1261 1011 1321 ὄνησιν,
1049 1264 1111 1321 μή
1141 1268 1495 1322 συγχωρουμένου
1522 1269 1600 1309 τοῦ

147 1333 297 1382 ἔθνους
323 1334 397 1374 καί
421 1332 480 1382 εἰς
506 1330 583 1387 τὴν
610 1329 857 1387 “Ρωμαϊκὴν
884 1332 1120 1385 διαβαίνειν
1147 1330 1439 1387 ἐπικράτειαν.
1492 1330 1600 1373 πάν-

145 1416 231 1442 των
258 1401 306 1440 δὲ
331 1399 450 1440 ἕνεκα
482 1397 712 1450 εΡωμαίων
751 1398 1097 1454 ἀποκριναμένων
1135 1399 1321 1440 στέλλειν
1355 1397 1430 1441 τὸν
1457 1399 1600 1440 διαλε-

148 1465 321 1518 ξόμενον
357 1465 414 1522 τῷ
441 1464 688 1521 Παρθυαίῳ
728 1463 944 1521 μονάρχῃ·
1001 1462 1110 1518 μήτε
1147 1461 1228 1519 γὰρ
1266 1461 1461 1520 φυγάδας
1486 1461 1712 1509 εἶναιἾ.3ο

93 1527 262 1586 ποπαρά
291 1546 437 1586 σφισι,
464 1529 569 1585 μήτε
596 1532 949 1585 παρενοχλεῖσθαι
975 1527 1077 1579 τούς
1092 1527 1275 1584 Μάγους
1299 1530 1373 1586 τῆς
1398 1532 1642 1586 θρησκεί-Ι)

149 1613 199 1646 ας
228 1598 349 1652 πέρι·
405 1594 483 1651 τήν
512 1593 704 1652 φυλακὴν
735 1597 782 1636 δὲ
817 1598 897 1637 τοῦ
942 1593 1240 1651 Ἰουροειπαάχ
1282 1599 1491 1653 φρουρίου
1528 1598 1602 1639 καὶ

147 1660 328 1716 πόλεμον
355 1661 429 1704 τὸν
456 1660 563 1718 πρὸς
589 1660 690 1711 τούς
718 1656 903 1712 Οὗννους
931 1661 1038 1718 ὑπὲρ
1080 1662 1203 1718 σφῶν
1231 1661 1371 1705 αὐτῶν
1401 1663 1603 1705 α’ναδεδε-

240 1759 273 1792 3.
298 1759 374 1792 τῶν
404 1757 446 1793 ἐν
471 1758 618 1798 Vales.,
643 1759 708 1792 καὶ
743 1759 818 1792 τῶν
845 1757 888 1793 ἐν
923 1757 1018 1804 vulg.
1156 1757 1188 1792 5.
1228 1756 1422 1797 ἐθέλοντες
1455 1764 1493 1794 et
1513 1771 1601 1794 mox

238 1806 527 1849 παρενοχλοῦσί
559 1814 598 1839 τε
611 1804 676 1846 Ν.,
712 1804 916 1843 ἐθέλοντας
949 1810 987 1838 et
1012 1805 1292 1850 παραχωροῦσι
1316 1804 1358 1839 δὲ
1374 1806 1472 1850 vulg.
1563 1809 1599 1841 6.

241 1851 348 1884 ἐσαεὶ
376 1853 442 1884 καὶ
465 1852 506 1888 Β.
521 1876 532 1892 ,
557 1852 622 1884 καὶ
644 1851 751 1884 ἐσαεὶ
772 1853 867 1896 vulg.
951 1853 983 1885 8.
1005 1848 1283 1897 Ἰουροειπαὰχ
1305 1862 1373 1897 mg.
1397 1853 1440 1885 Η.
1464 1852 1501 1886 h.
1520 1853 1544 1886 1.
1560 1858 1601 1886 et

241 1898 335 1942 vulg·
362 1898 457 1932 infra
481 1898 546 1931 lin.
572 1909 628 1932 αι.
658 1902 697 1930 et
721 1909 800 1951 pag:
832 1900 906 1932 161.
940 1897 1006 1931 lin.
1031 1909 1099 1937 ομ,
1130 1891 1352 1942 Ου’ροεισοὶχ
1383 1898 1479 1943 vulg.
1543 1911 1597 1936 ιω.

238 1945 395 1993 μόνους]
418 1944 564 1992 μόνους
592 1943 696 1990 σφᾶς
720 1954 815 1978 com.
840 1945 876 1977 B.
976 1955 1027 1988 ¹9·
1052 1946 1296 1989 Παρθυαίων
1320 1943 1413 1978 coni.
1441 1945 1484 1978 N.

148 2036 276 2076 batur,
302 2041 339 2069 et
362 2033 463 2081 quod
486 2033 637 2066 Romani
661 2032 810 2077 Magos,
844 2032 910 2077 qui
934 2032 1008 2064 iam
1036 2030 1122 2064 inde
1155 2043 1176 2066 a
1203 2031 1330 2077 priscis
1368 2032 1597 2078 temporibus

148 2094 276 2116 eorum
309 2082 436 2116 finium
474 2080 619 2113 incolae
658 2085 800 2120 essent,
836 2090 857 2111 a
892 2078 1022 2122 patriis
1053 2078 1216 2112 moribus
1264 2084 1302 2112 et
1334 2079 1515 2114 institutis
1557 2086 1597 2115 et

150 2130 304 2175 antiquo
332 2128 519 2174 religionis
552 2128 652 2160 cultu
682 2125 895 2164 abducturi,
935 2124 1061 2171 quavis
1101 2126 1242 2159 ratione
1263 2131 1453 2167 vexarent,
1489 2131 1527 2161 et
1559 2129 1596 2160 i-

149 2187 276 2220 gnem,
308 2175 372 2221 qui
397 2175 493 2220 apud
519 2185 579 2207 eos
603 2179 792 2207 vocaretur
814 2171 1107 2216 inextinguibilis
1123 2197 1133 2213 ,
1158 2172 1198 2206 in
1220 2178 1439 2217 perpetuum
1464 2174 1594 2209 ardere

148 2222 349 2257 seeundum
373 2222 488 2267 legem
510 2233 586 2254 non
610 2219 782 2254 sinerent.
829 2218 1044 2259 Addebam,
1068 2229 1227 2264 aequum
1248 2218 1387 2261 videri,
1412 2220 1592 2255 Romanos

150 2270 289 2303 castelli
313 2268 511 2309 Iermrach,
533 2267 580 2300 ad
603 2272 725 2312 portas
741 2266 886 2310 Caspias
912 2265 996 2307 siti,
1022 2276 1145 2298 curam
1169 2264 1327 2307 habere,
1352 2271 1390 2300 et
1412 2265 1591 2312 pecunias

148 2316 198 2350 ad
222 2315 316 2349 illud
341 2315 624 2350 conservandum
648 2314 828 2353 conferre,
861 2322 981 2359 neque
1006 2322 1045 2345 se
1082 2312 1178 2346 solos
1203 2313 1383 2346 sumtibus
1421 2319 1459 2349 et
1493 2315 1590 2349 arcis

150 2363 316 2397 custodia
349 2363 497 2406 gravari.
548 2362 586 2396 Si
625 2362 722 2394 enim
753 2360 946 2399 cesserint,
979 2370 1053 2393 non
1080 2359 1197 2392 solum
1227 2359 1266 2392 in
1289 2360 1500 2403 Persarum,
1522 2362 1590 2396 sed

150 2411 262 2443 etiam
288 2411 327 2443 in
351 2410 592 2443 Romanorum
615 2413 737 2441 terras«
762 2418 782 2439 a
817 2405 980 2440 finitimis
1015 2405 1185 2451 gentibus
1219 2406 1328 2440 facile
1366 2409 1588 2443 vastationes

150 2457 279 2491 inferri
310 2467 428 2500 posse.
476 2457 654 2501 Oportere
692 2455 800 2487 etiam
834 2463 871 2486 se
895 2452 1013 2487 iuvari
1036 2454 1203 2498 pecuniis
1228 2452 1275 2486 ad
1297 2454 1437 2488 bellum
1462 2460 1590 2490 contra

149 2504 303 2536 Hunnos
327 2502 505 2537 Cidaritas
529 2501 723 2548 gerendum
738 2527 748 2542 ‚
771 2511 816 2533 ex
841 2511 912 2545 quo
938 2501 1089 2533 Romani
1114 2511 1262 2546 quoque
1294 2505 1416 2535 essent
1445 2501 1591 2536 utilita-

151 2555 226 2583 tem
258 2551 495 2594 reportaturi,
528 2551 559 2583 si
597 2560 637 2582 ea
660 2559 745 2592 gens
777 2559 797 2579 a
832 2546 966 2580 finibus
1000 2546 1160 2591 ipsorum
1194 2553 1386 2582 arceretur.
1434 2549 1588 2582 Romani

151 2593 448 2641 respon‹lerunt‚'
473 2606 511 2629 se
545 2597 809 2642 quamprimum
832 2595 968 2638 legatos
991 2594 1180 2634 missuros,
1219 2593 1310 2628 haee
1346 2595 1468 2628 omnia
1504 2606 1588 2629 cum

150 2642 365 2678 Parthorum
397 2654 478 2688 rege
509 2643 781 2687 disceptaturos.
836 2641 964 2685 Neque
999 2641 1096 2674 enim
1120 2641 1214 2674 ullos
1237 2641 1335 2686 apud
1360 2651 1398 2674 se
1426 2652 1504 2675 esse
1527 2641 1587 2674 fu-

154 2692 304 2735 gitivos,
332 2701 451 2734 neque
462 2690 584 2734 Magos
602 2690 640 2723 in
666 2699 752 2722 suae
778 2687 963 2732 religionis
986 2687 1084 2720 cultu
1106 2687 1288 2732 impediri.
1316 2687 1439 2733 Quum
1464 2693 1586 2721 autem

153 2738 226 2784 ipsi
251 2735 448 2771 custodiam
473 2736 610 2771 castelli
645 2735 821 2773 lerouach
859 2739 895 2767 et
919 2733 1057 2768 bellum
1078 2740 1200 2768 contra
1225 2735 1378 2770 Hunnos
1410 2734 1586 2769 Cidaritas
