1924 3164
454 180 511 221 lN
546 177 826 222 EXCERPTA
864 180 936 221 nn
970 178 1382 223 maurontum.
1519 158 1629 237 537

193 282 436 333 ἀναβαίνειν
468 284 633 322 minime
659 282 868 323 intellexit.
925 284 1050 323 Verte
1077 284 1225 339 igitur:
1255 284 1428 325 Nomum
1454 294 1549 324 vero
1575 290 1634 325 'ex

186 338 381 390 Magzlstm
405 338 625 394 officiorum
638 368 650 385 ‚
687 347 890 394 utrumque
917 339 1148 389 Patricimn,
1179 354 1280 395 quae
1302 340 1478 393 dignitas
1526 350 1628 379 cete-

189 393 246 430 ris
269 392 444 432 omnibns
466 393 676 432 antecellit.
733 393 894 433 Eodem
922 408 1041 433 sensu
1069 394 1229 433 Priscus
1256 409 1299 448 p.
1321 393 1392 447 40.
1412 395 1468 434 D.
1499 394 1598 434 dixit
1615 410 1628 435 ε

185 443 390 486 Ἐδέκωνα
423 446 470 486 δὲ
497 445 799 499 ἀναβεβηκέναι
827 444 898 487 τὸν
923 447 1116 503 Ὀρέστην
1139 444 1265 502 nom,
1322 449 1364 490 id
1411 457 1482 500 est,
1524 450 1631 490 Ede-

188 515 322 541 conem
350 502 510 541 multum
546 502 678 542 Oresti
709 504 951 542 antecellere.

294 557 399 609 Pag.
414 557 544 611 71.D.
563 556 679 611 [213‚
694 556 759 611 9.]
790 552 945 610 ὅτιγὰρ
966 555 1153 610 μάλιστα
1179 557 1340 612 προσῆν
1360 557 1490 614 mitrii.
1544 560 1630 600 Το-

186 616 274 649 tum
303 611 410 650 hunc
438 610 596 661 locum,
630 612 701 665 qui
731 612 784 652 ab
812 615 1031 666 Interprete
1077 613 1180 652 male
1229 621 1413 668 acceptus
1451 621 1511 653 est
1531 645 1543 666 ‚
1572 617 1630 655 ita

187 673 302 704 verte
324 680 336 704 ε
375 666 519 705 Missas
550 680 644 706 vero
673 675 730 705 est
761 683 847 707 cum
888 668 1078 708 Anatolio
1115 668 1263 707 Nomas
1284 698 1295 719 ‚
1323 683 1403 709 non
1432 670 1556 709 solum
1580 672 1630 710 ob

184 719 385 773 dignitatis
419 721 719 775 amplitudinem
736 753 747 771 ‚
785 723 858 762 sed
886 725 1005 762 etiam
1033 725 1128 780 quia
1161 725 1307 762 amicus
1346 733 1434 763 erac
1455 725 1630 776 Chrysa-

177 776 298 829 pla'o,
338 785 377 814 et
398 775 608 815 barbarum
629 779 847 816 muneribus
874 789 1058 833 capturus
1093 779 1336 832 sperabatur.
1393 779 1500 818 Erat
1522 782 1628 820 enim

185 830 332 884 oppido
358 831 556 880 liberalis,
587 846 658 870 nec
684 835 876 886 pecuniae
898 835 1108 888 parcebat,
1140 843 1182 872 ut
1210 835 1554 890 negotium,.quod
1565 850 1628 874 se-

182 885 262 924 mel
287 895 517 940 susceperat,
548 887 607 925 ad
628 887 804 940 effl’ctzmz
825 889 1069 944 per-duceret.

293 940 480 995 Pag.72.
497 942 540 981 B.
571 941 758 995 [214‚9.]
788 944 918 996 Lege:
950 940 1043 984 miv
1068 946 1155 989 τοῖς
1181 954 1273 996 περ.
1295 939 1339 989 ἐς
1366 937 1442 996 τὴν
1471 944 1626 984 Σκυθι-

181 989 257 1047 κὴν
281 992 448 1046 διαβὰς,
481 1003 527 1035 ut
553 997 814 1037 Cantoclarus
842 997 979 1052 legisse
1001 999 1178 1038 videtur.

288 1049 469 1104 Pag.72.
500 1052 556 1091 D.
587 1051 704 1106 [215‚
725 1052 788 1108 2.]
826 1053 1046 1105 τυραννίδι
1076 1048 1342 1104 ἐπιθήσεται.
1398 1051 1498 1094 Post
1524 1054 1626 1095 haec

180 1103 307 1143 verba
332 1107 452 1158 sequi·
473 1105 593 1146 debet
619 1106 764 1161 legatio
779 1107 929 1148 Attilae
954 1108 1005 1147 ad
1025 1108 1277 1148 Marcianum
1297 1107 1421 1162 1mp.‚
1436 1111 1506 1162 qui
1522 1110 1625 1150 The-

179 1158 318 1199 odosio
351 1169 617 1212 successerat,
648 1177 751 1216 quae
779 1164 952 1203 refertur
978 1178 1069 1217 pag.
1083 1163 1220 1217 39.D.

165 1250 167 1252 ,
289 1214 537 1268 Ρας.40.0.
562 1216 674 1271 [153‚
697 1217 755 1272 7.]
795 1215 972 1272 ἀγείρων
1009 1219 1178 1271 πλῆθος.
1233 1216 1333 1256 Post
1375 1217 1475 1257 haec
1511 1221 1624 1274 sequi

177 1267 326 1308 debent
346 1284 406 1317 ea,
425 1285 529 1323 quae
556 1271 679 1311 habes
694 1287 734 1326 p.
751 1288 818 1324 72.
833 1275 916 1313 D.:
951 1268 1013 1314 ὅτι
1040 1274 1115 1312 τοῦ
1148 1268 1327 1323 'Antii-a
1350 1301 1362 1321 ‚
1394 1273 1464 1312 ubi
1492 1287 1626 1315 sermo

177 1322 224 1362 fit
252 1324 302 1363 de
319 1324 550 1377 Apollonio,
578 1328 675 1366 Rufi
707 1327 839 1379 illius,
870 1329 936 1368 cui
964 1330 1074 1367 Zeno
1104 1327 1312 1368 Saturnini
1347 1327 1470 1368 filiam
1500 1329 1622 1368 dede-

176 1384 253 1428 rat,
280 1379 416 1427 fratre,
444 1382 638 1434 Magistro
665 1382 856 1433 militum,
887 1383 938 1422 ad
966 1380 1137 1422 Attilam
1153 1382 1297 1435 legato.
1358 1383 1435 1423 Hic
1463 1384 1623 1424 videtur

177 1446 261 1472 esse
279 1433 534 1487 Apollonius,
561 1439 630 1490 qui
665 1446 803 1491 postea
821 1437 972 1477 Consul
999 1438 1075 1477 fuit
1103 1452 1195 1476 cum
1222 1438 1388 1488 Magno.
1447 1439 1549 1477 Sunt
1568 1440 1621 1478 ad

175 1486 291 1527 illum
319 1489 473 1542 aliquot
497 1491 742 1533 Theodoreti
765 1493 968 1548 epistolae,
986 1494 1057 1547 qui
1088 1494 1208 1532 etiam
1228 1490 1323 1531 Rufi
1348 1493 1514 1533 Comitis
1542 1508 1621 1534 me-

173 1543 291 1582 minit
320 1545 362 1583 in
391 1546 505 1597 epist.
530 1561 597 1600 79.

253 1599 378 1638 ‘Post
405 1600 474 1639 illa
507 1602 650 1654 verba,
683 1594 897 1655 ἄπρακτος
937 1597 1136 1658 ἐπανῄει,
1172 1604 1239 1658 73.
1269 1603 1317 1642 B.
1340 1634 1352 1652 ‚
1384 1602 1618 1644 collocanda

171 1659 268 1692 sunt
295 1668 489 1708 ea‚·quae
518 1654 707 1710 leguntur
734 1658 802 1710 4ο.
818 1659 866 1698 C.
890 1674 901 1698 :
931 1652 996 1699 ὅτι
1019 1655 1040 1700 ὃ
1071 1653 1271 1711 Ἀττήλας
1297 1665 1337 1698 et
1353 1661 1575 1725 sequentia.

284 1709 386 1761 Pag.
405 1709 475 1759 4ο.
492 1711 542 1750 D.
574 1712 687 1766 [153,
710 1712 785 1766 16.]
832 1709 895 1753 ὅτι
923 1713 1149 1764 Βλέμμυες
1172 1710 1247 1752 καί
1266 1713 1500 1764 Νουβαδες.
1553 1716 1619 1754 De

171 1762 300 1802 Nubis
328 1770 367 1802 et
385 1763 600 1820 Blemmyis
627 1767 702 1807 sub
733 1769 938 1807 Marciano
964 1769 1129 1808 devictis
1158 1775 1328 1807 testatur
1354 1769 1545 1807 Iordanes
1573 1771 1616 1809 in

173 1815 247 1855 lib.
261 1816 311 1856 de
335 1833 503 1859 success.
535 1835 677 1875 regn.:
738 1823 834 1862 Cam
862 1824 1023 1862 Parthis
1050 1832 1089 1862 et
1114 1823 1338 1863 PVandalis
1358 1825 1492 1862 omnia
1513 1825 1615 1876 inje-

172 1874 360 1912 stantlbus
396 1889 537 1929 pacem
571 1878 738 1916 instituit
755 1907 766 1928 ‚
804 1877 955 1917 Attilae
984 1879 1112 1917 minas
1145 1879 1385 1932 compescuit,
1429 1878 1618 1919 Nuhades

173 1927 475 1984 Blemnffcwque
505 1930 720 1987 Aethiopia
748 1934 956 1987 prolapsos
985 1947 1064 1988 per
1102 1934 1285 1980 Florum,
1308 1932 1618 1974 Aleoeandrinae

171 1983 277 2020 urbis
337 1994 610 2036 roc-aratorem,
643 1987 798 2026 sedavit
820 2002 869 2026 ac
906 1989 1063 2042 pepulit
1096 2003 1123 2027 a
1159 1987 1311 2026 sedibus
1340 1988 1455 2026 Rom.
1512 1988 1614 2029 Erat

171 2035 238 2076 hic
263 2037 297 2076 F
317 2053 411 2078 orus
440 2054 522 2079 non
551 2041 681 2080 solum
709 2042 954 2082 Procurator
983 2044 1067 2082 sive
1095 2042 1328 2096 Augustalis
1352 2072 1363 2091 ‚
1393 2042 1462 2081 sed
1491 2045 1612 2084 etiam

171 2092 314 2132 Comes
343 2096 399 2133 rei
428 2095 611 2135 militaris
647 2110 720 2149 per
746 2097 1005 2151 Aegyptum,
1032 2104 1079 2136 ut
1107 2112 1151 2136 ex
1180 2099 1319 2137 Prisco
1355 2097 1472 2137 docet
1499 2099 1611 2139 Eua-

169 2148 278 2200 grius
307 2149 348 2201 5¹¹
376 2148 448 2188 lib.
482 2164 521 2189 2.
550 2165 637 2205 cap.
663 2151 701 2190 5.
764 2152 815 2190 Hi
845 2167 868 2190 a
895 2152 1096 2205 Procopio
1127 2153 1318 2204 Νοβᾶται
1347 2152 1564 2206 dicuntur,
1585 2170 1610 2195 a

167 2201 372 2255 Stephano
411 2205 582 2255 Νοῦβαι
623 2213 663 2245 et
698 2202 929 2258 Νουβάὸες.
995 2208 1060 2247 Sic
1102 2209 1210 2247 enim
1244 2207 1502 2248 scribendum
1531 2217 1609 2263 est,

167 2269 250 2295 non
280 2265 414 2297 autem
440 2259 668 2309 Νουμίὸες.
1262 2295 1264 2297 f
1485 2284 1488 2286 ·

277 2313 465 2366 mgr-41.
491 2314 541 2356 A.
563 2315 674 2369 [154,
707 2315 792 2370 12'.]
822 2314 867 2356 ἐν
891 2315 948 2371 τῷ
978 2312 1132 2363 Φίλαις
1168 2312 1283 2371 ἱερῷ.
1306 2317 1444 2357 Scribe
1481 2317 1526 2360 ἐν
1550 2319 1609 2377 τῷ

169 2363 215 2405 ἒν
230 2365 381 2414 Φίλαις
413 2364 526 2422 ἱερῷ.
580 2370 724 2410 Philae
755 2370 884 2410 insula
912 2379 971 2411 est
997 2378 1037 2410 et
1065 2372 1255 2425 oppidum
1299 2373 1340 2412 in
1367 2373 1515 2414 finibus
1532 2374 1609 2414 Ae-

170 2422 299 2474 gypti,
331 2425 435 2462 circa
464 2424 787 2477 Elephantinem,
841 2427 912 2465 ubi
941 2427 1158 2465 maximum
1188 2435 1273 2467 erat
1306 2427 1476 2468 Osiridis
1504 2435 1606 2469 tem-

167 2476 295 2528 plum.
326 2491 396 2529 per
423 2479 531 2531 quod
553 2480 736 2532 Aegyptii
765 2483 897 2520 iurare
925 2489 1238 2532 consueverant,
1268 2481 1328 2532 μοὶ
1349 2479 1420 2523 τὸν
1453 2484 1498 2524 ἐν
1526 2485 1607 2524 Φί-

168 2531 263 2576 λαις
280 2525 464 2584 νΟσιριν,
498 2541 596 2573 teste
621 2526 840 2574 Scholiaste
870 2536 1144 2589 Lycophronis
1177 2552 1216 2590 p.
1237 2537 1320 2588 45„
1339 2541 1382 2578 in
1403 2553 1484 2592 quo
1500 2539 1607 2578 male

171 2581 332 2636 Φήλαις
351 2586 519 2640 legitur:
547 2590 597 2628 de
627 2591 678 2629 lsi
709 2590 838 2630 Philis
858 2591 966 2629 culta
996 2591 1174 2645 loquitur
1202 2593 1320 2632 etiam
1351 2596 1533 2633 Marinus
1561 2595 1604 2633 in

169 2639 254 2678 vita
266 2640 415 2680 Procli.
441 2643 659 2697 Procopius
689 2646 728 2683 in
756 2645 826 2684 lib.
850 2660 884 2684 1.
899 2647 1012 2685 Pers.
1031 2662 1058 2699 p
1085 2648 1232 2698 53.ait‚
1262 2649 1395 2688 Nubas
1415 2656 1454 2687 et
1471 2649 1603 2688 Blem-

167 2707 280 2747 myas
307 2695 401 2735 Isim
429 2704 548 2751 atque
584 2700 732 2738 Osirim
762 2701 920 2751 colere3
977 2702 1080 2741 adde
1105 2710 1144 2742 et
1170 2704 1355 2743 Servium
1384 2706 1424 2742 in
1466 2702 1535 2742 lib.
1556 2704 1598 2744 6.

164 2748 379 2800 Aeneidos,
399 2766 444 2791 ex
463 2753 611 2793 Seneca
640 2757 682 2795 in
711 2754 815 2795 libro
845 2756 894 2796 de
922 2757 1042 2798 sacris
1061 2765 1101 2798 et
1127 2759 1271 2797 ritibus
1292 2758 1599 2813 Aegyptiorum.
