<?xml version="1.0" encoding="UTF-8"?>
<!DOCTYPE html PUBLIC "-//W3C//DTD XHTML 1.0 Transitional//EN"
    "http://www.w3.org/TR/xhtml1/DTD/xhtml1-transitional.dtd">
<html xmlns="http://www.w3.org/1999/xhtml" xml:lang="en" lang="en">
 <head>
  <title>
</title>
<meta http-equiv="Content-Type" content="text/html;charset=utf-8" />
  <meta name='ocr-system' content='tesseract 3.04.00' />
  <meta name='ocr-capabilities' content='ocr_page ocr_carea ocr_par ocr_line ocrx_word'/>
</head>
<body>
  <div class='ocr_page' id='page_1' title='image "./corpusscriptorum10niebuoft_0489.png"; bbox 0 0 1924 3164; ppageno 0'>
   <div class='ocr_carea' id='block_1_1' title="bbox 605 167 1681 236">
    <p class='ocr_par' dir='ltr' id='par_1_1' title="bbox 605 167 1681 236">
     <span class='ocr_line' id='line_1_1' title="bbox 605 167 1681 236; baseline -0.001 -11"><span class='ocrx_word' id='word_1_1' title='bbox 605 185 640 225; x_wconf 86' lang='lat' dir='ltr'>E</span> <span class='ocrx_word' id='word_1_2' title='bbox 676 178 963 226; x_wconf 77' lang='lat' dir='ltr'><strong>MENANnm</strong></span> <span class='ocrx_word' id='word_1_3' title='bbox 1001 180 1277 227; x_wconf 80' lang='lat' dir='ltr'><strong><em>ffls&#39;romA.</em></strong></span> <span class='ocrx_word' id='word_1_4' title='bbox 1544 167 1681 236; x_wconf 76' lang='grc'><strong><em>’435</em></strong></span> 
     </span>
    </p>
   </div>
   <div class='ocr_carea' id='block_1_2' title="bbox 158 281 1879 1822">
    <p class='ocr_par' dir='ltr' id='par_1_2' title="bbox 158 281 1879 1822">
     <span class='ocr_line' id='line_1_2' title="bbox 202 281 1879 347; baseline 0.005 -21"><span class='ocrx_word' id='word_1_5' title='bbox 202 283 425 338; x_wconf 81' lang='grc' dir='ltr'><strong><em>-οἶομένοις</em></strong></span> <span class='ocrx_word' id='word_1_6' title='bbox 458 282 536 336; x_wconf 79' lang='grc' dir='ltr'><strong><em>τὰς</em></strong></span> <span class='ocrx_word' id='word_1_7' title='bbox 575 282 725 335; x_wconf 76' lang='grc' dir='ltr'><strong><em>ποινάς</em></strong></span> <span class='ocrx_word' id='word_1_8' title='bbox 764 286 1003 343; x_wconf 77' lang='grc' dir='ltr'><strong><em>ἐπιφέρειν,</em></strong></span> <span class='ocrx_word' id='word_1_9' title='bbox 1046 282 1104 337; x_wconf 77' lang='grc' dir='ltr'><strong><em>ὦς</em></strong></span> <span class='ocrx_word' id='word_1_10' title='bbox 1146 281 1200 330; x_wconf 72' lang='grc' dir='ltr'><strong><em>ἂν</em></strong></span> <span class='ocrx_word' id='word_1_11' title='bbox 1235 287 1295 344; x_wconf 77' lang='grc' dir='ltr'><strong><em>τῷ</em></strong></span> <span class='ocrx_word' id='word_1_12' title='bbox 1335 287 1563 347; x_wconf 72' lang='grc' dir='ltr'><strong><em>παραλόγῳ</em></strong></span> <span class='ocrx_word' id='word_1_13' title='bbox 1591 291 1879 334; x_wconf 74' lang='grc' dir='ltr'><strong><em>τῶνο.Α.0.580</em></strong></span> 
     </span>
     <span class='ocr_line' id='line_1_3' title="bbox 202 346 988 409; baseline 0.005 -18"><span class='ocrx_word' id='word_1_14' title='bbox 202 346 469 405; x_wconf 53' lang='grc' dir='ltr'><strong><em>ῥἀποβάντων</em></strong></span> <span class='ocrx_word' id='word_1_15' title='bbox 495 351 820 409; x_wconf 76' lang='grc' dir='ltr'><strong><em>σωφρονιζοιντο</em></strong></span> <span class='ocrx_word' id='word_1_16' title='bbox 849 352 988 395; x_wconf 89' lang='grc' dir='ltr'><strong><em>πλέον.</em></strong></span> 
     </span>
     <span class='ocr_line' id='line_1_4' title="bbox 333 414 1681 479; baseline 0.004 -20"><span class='ocrx_word' id='word_1_17' title='bbox 333 416 406 467; x_wconf 82' lang='grc' dir='ltr'><strong><em>λς’.</em></strong></span> <span class='ocrx_word' id='word_1_18' title='bbox 457 414 765 475; x_wconf 72' lang='grc' dir='ltr'><strong><em>Ἄφεστηκότος</em></strong></span> <span class='ocrx_word' id='word_1_19' title='bbox 807 416 889 474; x_wconf 76' lang='grc' dir='ltr'><strong><em>γὰρ</em></strong></span> <span class='ocrx_word' id='word_1_20' title='bbox 934 416 997 460; x_wconf 78' lang='grc' dir='ltr'><strong><em>ἔτι</em></strong></span> <span class='ocrx_word' id='word_1_21' title='bbox 1036 422 1112 462; x_wconf 78' lang='grc' dir='ltr'><strong><em>τοῦ</em></strong></span> <span class='ocrx_word' id='word_1_22' title='bbox 1148 421 1231 462; x_wconf 77' lang='grc' dir='ltr'><strong><em>τῶν</em></strong></span> <span class='ocrx_word' id='word_1_23' title='bbox 1258 423 1470 475; x_wconf 86' lang='grc' dir='ltr'><strong><em>πολεμίων</em></strong></span> <span class='ocrx_word' id='word_1_24' title='bbox 1492 424 1681 479; x_wconf 80' lang='grc' dir='ltr'><strong><em>στρατοῦ</em></strong></span> 
     </span>
     <span class='ocr_line' id='line_1_5' title="bbox 221 481 1679 543; baseline 0.004 -18"><span class='ocrx_word' id='word_1_25' title='bbox 221 485 296 526; x_wconf 75' lang='grc' dir='ltr'><strong><em>καί</em></strong></span> <span class='ocrx_word' id='word_1_26' title='bbox 321 481 368 526; x_wconf 84' lang='grc' dir='ltr'><strong><em>τὸ</em></strong></span> <span class='ocrx_word' id='word_1_27' title='bbox 399 485 561 540; x_wconf 74' lang='grc' dir='ltr'><strong><em>πλῆθος</em></strong></span> <span class='ocrx_word' id='word_1_28' title='bbox 590 486 666 540; x_wconf 81' lang='grc' dir='ltr'><strong><em>τῆς</em></strong></span> <span class='ocrx_word' id='word_1_29' title='bbox 678 481 920 539; x_wconf 82' lang='grc' dir='ltr'><strong><em>Ῥωμαῖκῆς</em></strong></span> <span class='ocrx_word' id='word_1_30' title='bbox 950 483 1159 539; x_wconf 79' lang='grc' dir='ltr'><em>δεδιότος,</em></span> <span class='ocrx_word' id='word_1_31' title='bbox 1188 489 1603 543; x_wconf 79' lang='grc' dir='ltr'><strong><em>καιροφυλακοῦντος</em></strong></span> <span class='ocrx_word' id='word_1_32' title='bbox 1630 489 1679 531; x_wconf 80' lang='grc' dir='ltr'><strong><em>δὲ</em></strong></span> 
     </span>
     <span class='ocr_line' id='line_1_6' title="bbox 197 547 1680 611; baseline 0.004 -21"><span class='ocrx_word' id='word_1_33' title='bbox 197 548 272 591; x_wconf 86' lang='grc' dir='ltr'><strong><em>5εἴ</em></strong></span> <span class='ocrx_word' id='word_1_34' title='bbox 291 566 348 607; x_wconf 83' lang='grc' dir='ltr'><strong><em>πῃ</em></strong></span> <span class='ocrx_word' id='word_1_35' title='bbox 378 550 680 592; x_wconf 73' lang='grc' dir='ltr'><strong><em>διασπασθεῖεν</em></strong></span> <span class='ocrx_word' id='word_1_36' title='bbox 708 552 783 592; x_wconf 82' lang='grc' dir='ltr'><em>καί</em></span> <span class='ocrx_word' id='word_1_37' title='bbox 809 547 987 592; x_wconf 74' lang='grc' dir='ltr'><strong><em>δώσοιεν</em></strong></span> <span class='ocrx_word' id='word_1_38' title='bbox 1006 550 1130 593; x_wconf 73' lang='grc' dir='ltr'><strong><em>αὐτοὶ</em></strong></span> <span class='ocrx_word' id='word_1_39' title='bbox 1152 553 1226 607; x_wconf 77' lang='grc' dir='ltr'><strong><em>τῆς</em></strong></span> <span class='ocrx_word' id='word_1_40' title='bbox 1255 555 1355 594; x_wconf 67' lang='grc' dir='ltr'><strong><em>καθ’</em></strong></span> <span class='ocrx_word' id='word_1_41' title='bbox 1382 549 1546 596; x_wconf 69' lang='grc' dir='ltr'><strong><em>ἑαυτῶν</em></strong></span> <span class='ocrx_word' id='word_1_42' title='bbox 1573 550 1680 611; x_wconf 78' lang='grc' dir='ltr'><strong><em>ἐφό-</em></strong></span> 
     </span>
     <span class='ocr_line' id='line_1_7' title="bbox 223 614 1684 673; baseline 0.004 -16"><span class='ocrx_word' id='word_1_43' title='bbox 223 617 302 658; x_wconf 91' lang='grc' dir='ltr'><strong><em>δου</em></strong></span> <span class='ocrx_word' id='word_1_44' title='bbox 330 614 480 673; x_wconf 85' lang='grc' dir='ltr'><strong><em>καιρόν</em></strong></span> <span class='ocrx_word' id='word_1_45' title='bbox 509 614 786 673; x_wconf 63' lang='grc' dir='ltr'><strong><em>ἀσύμφορον·</em></strong></span> <span class='ocrx_word' id='word_1_46' title='bbox 844 614 960 667; x_wconf 79' lang='grc' dir='ltr'><strong><em>ἔδοξε</em></strong></span> <span class='ocrx_word' id='word_1_47' title='bbox 988 617 1036 659; x_wconf 87' lang='grc' dir='ltr'><strong><em>δέ</em></strong></span> <span class='ocrx_word' id='word_1_48' title='bbox 1064 633 1150 660; x_wconf 88' lang='grc' dir='ltr'><strong><em>τισι</em></strong></span> <span class='ocrx_word' id='word_1_49' title='bbox 1175 617 1276 667; x_wconf 80' lang='grc' dir='ltr'><strong><em>τούς</em></strong></span> <span class='ocrx_word' id='word_1_50' title='bbox 1320 614 1413 672; x_wconf 81' lang='grc' dir='ltr'><strong><em>ἅμα</em></strong></span> <span class='ocrx_word' id='word_1_51' title='bbox 1439 616 1599 669; x_wconf 78' lang='grc' dir='ltr'><strong><em>πάντας</em></strong></span> <span class='ocrx_word' id='word_1_52' title='bbox 1631 616 1684 663; x_wconf 72' lang='lat'><strong><em>‹2-</em></strong></span> 
     </span>
     <span class='ocr_line' id='line_1_8' title="bbox 221 679 1682 740; baseline 0.004 -18"><span class='ocrx_word' id='word_1_53' title='bbox 221 679 501 737; x_wconf 76' lang='grc' dir='ltr'><strong><em>προσμάχους</em></strong></span> <span class='ocrx_word' id='word_1_54' title='bbox 527 683 850 736; x_wconf 78' lang='grc' dir='ltr'><strong><em>νομιζομένους,</em></strong></span> <span class='ocrx_word' id='word_1_55' title='bbox 891 680 1068 732; x_wconf 80' lang='grc' dir='ltr'><strong><em>τούτους</em></strong></span> <span class='ocrx_word' id='word_1_56' title='bbox 1094 682 1198 727; x_wconf 78' lang='grc' dir='ltr'><strong><em>κατὰ</em></strong></span> <span class='ocrx_word' id='word_1_57' title='bbox 1229 682 1307 740; x_wconf 78' lang='grc' dir='ltr'><strong><em>τὴν</em></strong></span> <span class='ocrx_word' id='word_1_58' title='bbox 1336 683 1540 739; x_wconf 78' lang='grc' dir='ltr'><strong><em>πολεμίαν</em></strong></span> <span class='ocrx_word' id='word_1_59' title='bbox 1568 685 1682 728; x_wconf 80' lang='grc' dir='ltr'><strong><em>διαι-</em></strong></span> 
     </span>
     <span class='ocr_line' id='line_1_9' title="bbox 223 743 1015 804; baseline 0.004 -16"><span class='ocrx_word' id='word_1_60' title='bbox 223 748 421 802; x_wconf 74' lang='grc' dir='ltr'><strong><em>ρεθέντας</em></strong></span> <span class='ocrx_word' id='word_1_61' title='bbox 447 743 793 804; x_wconf 77' lang='grc' dir='ltr'><strong><em>εὖεπιχειρήτους</em></strong></span> <span class='ocrx_word' id='word_1_62' title='bbox 820 751 1015 804; x_wconf 81' lang='grc' dir='ltr'><strong><em>ποιῆσαι.</em></strong></span> 
     </span>
     <span class='ocr_line' id='line_1_10' title="bbox 333 809 1680 870; baseline 0.006 -15"><span class='ocrx_word' id='word_1_63' title='bbox 333 811 410 865; x_wconf 85' lang='grc' dir='ltr'><strong><em>λζ’.</em></strong></span> <span class='ocrx_word' id='word_1_64' title='bbox 454 809 547 856; x_wconf 80' lang='lat' dir='ltr'><strong><em>“On</em></strong></span> <span class='ocrx_word' id='word_1_65' title='bbox 576 813 705 857; x_wconf 79' lang='grc' dir='ltr'><strong><em>εἰπών</em></strong></span> <span class='ocrx_word' id='word_1_66' title='bbox 734 812 834 870; x_wconf 71' lang='grc' dir='ltr'><strong><em>περὶ</em></strong></span> <span class='ocrx_word' id='word_1_67' title='bbox 858 816 943 856; x_wconf 74' lang='grc' dir='ltr'><strong><em>τῶν</em></strong></span> <span class='ocrx_word' id='word_1_68' title='bbox 971 810 1227 859; x_wconf 79' lang='grc' dir='ltr'><strong><em>ὀκτακοσίων</em></strong></span> <span class='ocrx_word' id='word_1_69' title='bbox 1257 819 1418 860; x_wconf 71' lang='grc' dir='ltr'><strong><em>λευκῶν</em></strong></span> <span class='ocrx_word' id='word_1_70' title='bbox 1430 819 1572 862; x_wconf 78' lang='grc' dir='ltr'><strong><em>ἵππων</em></strong></span> <span class='ocrx_word' id='word_1_71' title='bbox 1596 821 1680 863; x_wconf 73' lang='grc' dir='ltr'><strong><em>τῶν</em></strong></span> 
     </span>
     <span class='ocr_line' id='line_1_11' title="bbox 158 877 1682 942; baseline 0.005 -22"><span class='ocrx_word' id='word_1_72' title='bbox 158 877 306 923; x_wconf 49' lang='grc' dir='ltr'><strong><em>Ἰ10ιῖπὸ</em></strong></span> <span class='ocrx_word' id='word_1_73' title='bbox 335 881 607 937; x_wconf 72' lang='grc' dir='ltr'><strong><em>Ἀζαρέφθου</em></strong></span> <span class='ocrx_word' id='word_1_74' title='bbox 649 877 834 923; x_wconf 77' lang='grc' dir='ltr'><strong><em>ἁλόντων</em></strong></span> <span class='ocrx_word' id='word_1_75' title='bbox 860 881 941 923; x_wconf 63' lang='grc' dir='ltr'><strong><em>καὶ</em></strong></span> <span class='ocrx_word' id='word_1_76' title='bbox 960 881 1006 930; x_wconf 82' lang='grc' dir='ltr'><strong><em>ἒς</em></strong></span> <span class='ocrx_word' id='word_1_77' title='bbox 1035 883 1252 937; x_wconf 78' lang='grc' dir='ltr'><strong><em>θρίαμβον</em></strong></span> <span class='ocrx_word' id='word_1_78' title='bbox 1280 885 1524 938; x_wconf 78' lang='grc' dir='ltr'><strong><em>α’χθέντων,</em></strong></span> <span class='ocrx_word' id='word_1_79' title='bbox 1553 887 1682 942; x_wconf 83' lang='grc' dir='ltr'><strong><em>φησίν</em></strong></span> 
     </span>
     <span class='ocr_line' id='line_1_12' title="bbox 219 943 1684 1005; baseline 0.003 -17"><span class='ocrx_word' id='word_1_80' title='bbox 219 944 242 988; x_wconf 85' lang='grc' dir='ltr'>ὅ</span> <span class='ocrx_word' id='word_1_81' title='bbox 270 943 484 1003; x_wconf 80' lang='grc' dir='ltr'><strong><em>ἱστορικός</em></strong></span> <span class='ocrx_word' id='word_1_82' title='bbox 504 947 771 1003; x_wconf 88' lang='grc' dir='ltr'><strong><em>Μένανδρος·</em></strong></span> <span class='ocrx_word' id='word_1_83' title='bbox 829 949 994 1000; x_wconf 84' lang='grc' dir='ltr'><strong><em>,,ταῢτα</em></strong></span> <span class='ocrx_word' id='word_1_84' title='bbox 1021 947 1100 1000; x_wconf 81' lang='grc' dir='ltr'><strong><em>μὲν</em></strong></span> <span class='ocrx_word' id='word_1_85' title='bbox 1126 946 1155 1004; x_wconf 82' lang='grc' dir='ltr'><em>ἦ</em></span> <span class='ocrx_word' id='word_1_86' title='bbox 1185 944 1367 1003; x_wconf 82' lang='grc' dir='ltr'><strong><em>ἆβουλία</em></strong></span> <span class='ocrx_word' id='word_1_87' title='bbox 1394 950 1469 992; x_wconf 86' lang='grc' dir='ltr'><strong><em>καὶ</em></strong></span> <span class='ocrx_word' id='word_1_88' title='bbox 1497 950 1525 1005; x_wconf 85' lang='grc' dir='ltr'><em>ἦ</em></span> <span class='ocrx_word' id='word_1_89' title='bbox 1555 967 1684 993; x_wconf 80' lang='grc' dir='ltr'><strong><em>κατα-</em></strong></span> 
     </span>
     <span class='ocr_line' id='line_1_13' title="bbox 219 1008 1681 1075; baseline 0.003 -22"><span class='ocrx_word' id='word_1_90' title='bbox 219 1008 425 1069; x_wconf 79' lang='grc' dir='ltr'><strong><em>φρόνησις</em></strong></span> <span class='ocrx_word' id='word_1_91' title='bbox 451 1013 577 1069; x_wconf 83' lang='grc' dir='ltr'><strong><em>ἡλίκα</em></strong></span> <span class='ocrx_word' id='word_1_92' title='bbox 622 1010 949 1068; x_wconf 78' lang='grc' dir='ltr'><strong><em>κατεργάζονται</em></strong></span> <span class='ocrx_word' id='word_1_93' title='bbox 989 1011 1097 1055; x_wconf 76' lang='grc' dir='ltr'><strong><em>κακὰ</em></strong></span> <span class='ocrx_word' id='word_1_94' title='bbox 1138 1017 1413 1071; x_wconf 77' lang='grc' dir='ltr'><strong><em>παραστῆσαι</em></strong></span> <span class='ocrx_word' id='word_1_95' title='bbox 1440 1018 1681 1075; x_wconf 74' lang='grc' dir='ltr'><strong><em>βουλομένῳ</em></strong></span> 
     </span>
     <span class='ocr_line' id='line_1_14' title="bbox 217 1073 1686 1137; baseline 0.003 -17"><span class='ocrx_word' id='word_1_96' title='bbox 217 1079 429 1132; x_wconf 85' lang='grc' dir='ltr'><strong><em>λέλεκται,</em></strong></span> <span class='ocrx_word' id='word_1_97' title='bbox 458 1077 535 1121; x_wconf 77' lang='grc' dir='ltr'><strong><em>καὶ</em></strong></span> <span class='ocrx_word' id='word_1_98' title='bbox 559 1075 617 1128; x_wconf 77' lang='grc' dir='ltr'><strong><em>ὥς</em></strong></span> <span class='ocrx_word' id='word_1_99' title='bbox 646 1078 667 1120; x_wconf 87' lang='grc' dir='ltr'>ὁ</span> <span class='ocrx_word' id='word_1_100' title='bbox 698 1076 810 1131; x_wconf 76' lang='grc' dir='ltr'><strong><em>θεὸς,</em></strong></span> <span class='ocrx_word' id='word_1_101' title='bbox 839 1078 966 1133; x_wconf 73' lang='grc' dir='ltr'><strong><em>ἡνίκα</em></strong></span> <span class='ocrx_word' id='word_1_102' title='bbox 990 1073 1044 1121; x_wconf 72' lang='grc' dir='ltr'><strong><em>ἂν</em></strong></span> <span class='ocrx_word' id='word_1_103' title='bbox 1071 1075 1124 1121; x_wconf 75' lang='grc' dir='ltr'><strong><em>οὔ</em></strong></span> <span class='ocrx_word' id='word_1_104' title='bbox 1153 1080 1581 1137; x_wconf 81' lang='grc' dir='ltr'><strong><em>ξυνεπιλαμβάνηται,</em></strong></span> <span class='ocrx_word' id='word_1_105' title='bbox 1609 1083 1686 1124; x_wconf 77' lang='grc' dir='ltr'><strong><em>καί</em></strong></span> 
     </span>
     <span class='ocr_line' id='line_1_15' title="bbox 218 1139 1684 1202; baseline 0.003 -16"><span class='ocrx_word' id='word_1_106' title='bbox 218 1142 270 1186; x_wconf 79' lang='grc' dir='ltr'><strong><em>τά</em></strong></span> <span class='ocrx_word' id='word_1_107' title='bbox 303 1145 506 1188; x_wconf 81' lang='grc' dir='ltr'><strong><em>δοκοῦντα</em></strong></span> <span class='ocrx_word' id='word_1_108' title='bbox 546 1139 605 1186; x_wconf 72' lang='grc' dir='ltr'><strong><em>εὖ</em></strong></span> <span class='ocrx_word' id='word_1_109' title='bbox 623 1146 935 1199; x_wconf 76' lang='grc' dir='ltr'><strong><em>βεβουλεῦσθαι</em></strong></span> <span class='ocrx_word' id='word_1_110' title='bbox 961 1142 1206 1201; x_wconf 81' lang='grc' dir='ltr'><strong><em>περιάγεται</em></strong></span> <span class='ocrx_word' id='word_1_111' title='bbox 1237 1149 1282 1196; x_wconf 84' lang='grc' dir='ltr'><strong><em>ές</em></strong></span> <span class='ocrx_word' id='word_1_112' title='bbox 1309 1147 1576 1202; x_wconf 71' lang='grc' dir='ltr'><strong><em>τούναντίον,</em></strong></span> <span class='ocrx_word' id='word_1_113' title='bbox 1607 1149 1684 1190; x_wconf 83' lang='grc' dir='ltr'><strong><em>καί</em></strong></span> 
     </span>
     <span class='ocr_line' id='line_1_16' title="bbox 167 1206 1677 1268; baseline 0.001 -16"><span class='ocrx_word' id='word_1_114' title='bbox 167 1209 277 1260; x_wconf 76' lang='grc' dir='ltr'><strong><em>15ὥς</em></strong></span> <span class='ocrx_word' id='word_1_115' title='bbox 315 1206 423 1265; x_wconf 72' lang='grc' dir='ltr'><strong><em>ἄγαν</em></strong></span> <span class='ocrx_word' id='word_1_116' title='bbox 463 1209 651 1266; x_wconf 84' lang='grc' dir='ltr'><strong><em>χαλεπὸν</em></strong></span> <span class='ocrx_word' id='word_1_117' title='bbox 695 1212 770 1252; x_wconf 83' lang='grc' dir='ltr'><em>καί</em></span> <span class='ocrx_word' id='word_1_118' title='bbox 795 1212 1011 1252; x_wconf 81' lang='grc' dir='ltr'><strong><em>πολιτείαν</em></strong></span> <span class='ocrx_word' id='word_1_119' title='bbox 1053 1213 1309 1268; x_wconf 73' lang='grc' dir='ltr'><strong><em>διαφθεῖραι</em></strong></span> <span class='ocrx_word' id='word_1_120' title='bbox 1355 1211 1591 1266; x_wconf 77' lang='grc' dir='ltr'><strong><em>δυνάμενον</em></strong></span> <span class='ocrx_word' id='word_1_121' title='bbox 1630 1213 1677 1256; x_wconf 86' lang='grc' dir='ltr'><strong><em>τὸ</em></strong></span> 
     </span>
     <span class='ocr_line' id='line_1_17' title="bbox 214 1272 1803 1334; baseline 0.003 -16"><span class='ocrx_word' id='word_1_122' title='bbox 214 1278 301 1319; x_wconf 76' lang='grc' dir='ltr'><strong><em>τῶν</em></strong></span> <span class='ocrx_word' id='word_1_123' title='bbox 326 1274 525 1332; x_wconf 78' lang='grc' dir='ltr'><strong><em>ὗπηκόων</em></strong></span> <span class='ocrx_word' id='word_1_124' title='bbox 553 1272 744 1332; x_wconf 71' lang='grc' dir='ltr'><strong><em>ἀνήκοον.</em></strong></span> <span class='ocrx_word' id='word_1_125' title='bbox 799 1278 1049 1332; x_wconf 86' lang='grc' dir='ltr'><strong><em>Μαυρίκιος</em></strong></span> <span class='ocrx_word' id='word_1_126' title='bbox 1074 1276 1252 1334; x_wconf 74' lang='grc' dir='ltr'><strong><em>μὲνγὰρ</em></strong></span> <span class='ocrx_word' id='word_1_127' title='bbox 1282 1275 1304 1320; x_wconf 81' lang='grc' dir='ltr'><em>ὃ</em></span> <span class='ocrx_word' id='word_1_128' title='bbox 1331 1280 1417 1320; x_wconf 77' lang='grc' dir='ltr'><strong><em>τῶν</em></strong></span> <span class='ocrx_word' id='word_1_129' title='bbox 1439 1278 1721 1333; x_wconf 78' lang='grc' dir='ltr'><strong><em>ῬωμαίωνΒ.</em></strong></span> <span class='ocrx_word' id='word_1_130' title='bbox 1735 1290 1803 1327; x_wconf 83' lang='grc'><strong><em>363</em></strong></span> 
     </span>
     <span class='ocr_line' id='line_1_18' title="bbox 215 1336 1678 1400; baseline 0.003 -17"><span class='ocrx_word' id='word_1_131' title='bbox 215 1340 447 1398; x_wconf 87' lang='grc' dir='ltr'><strong><em>στρατηγὸς</em></strong></span> <span class='ocrx_word' id='word_1_132' title='bbox 477 1336 526 1383; x_wconf 77' lang='grc' dir='ltr'><strong><em>εὖ</em></strong></span> <span class='ocrx_word' id='word_1_133' title='bbox 570 1344 902 1396; x_wconf 85' lang='grc' dir='ltr'><strong><em>βεβουλευμένος</em></strong></span> <span class='ocrx_word' id='word_1_134' title='bbox 913 1375 926 1395; x_wconf 84' lang='grc'><strong><em>,</em></strong></span> <span class='ocrx_word' id='word_1_135' title='bbox 971 1341 1047 1384; x_wconf 64' lang='grc' dir='ltr'><em>καί</em></span> <span class='ocrx_word' id='word_1_136' title='bbox 1076 1345 1176 1384; x_wconf 78' lang='grc' dir='ltr'><strong><em>καθ’</em></strong></span> <span class='ocrx_word' id='word_1_137' title='bbox 1204 1341 1304 1386; x_wconf 77' lang='grc' dir='ltr'><strong><em>ὅσον</em></strong></span> <span class='ocrx_word' id='word_1_138' title='bbox 1347 1340 1482 1387; x_wconf 81' lang='grc' dir='ltr'><strong><em>οἷόντε</em></strong></span> <span class='ocrx_word' id='word_1_139' title='bbox 1520 1340 1574 1400; x_wconf 79' lang='grc' dir='ltr'><strong><em>ἧν</em></strong></span> <span class='ocrx_word' id='word_1_140' title='bbox 1604 1347 1678 1387; x_wconf 81' lang='grc' dir='ltr'><strong><em>οἷν-</em></strong></span> 
     </span>
     <span class='ocr_line' id='line_1_19' title="bbox 212 1405 1676 1469; baseline 0.002 -19"><span class='ocrx_word' id='word_1_141' title='bbox 212 1405 374 1466; x_wconf 75' lang='grc' dir='ltr'><strong><em>θριόπῳ</em></strong></span> <span class='ocrx_word' id='word_1_142' title='bbox 401 1409 590 1464; x_wconf 80' lang='grc' dir='ltr'><strong><em>προέγνω</em></strong></span> <span class='ocrx_word' id='word_1_143' title='bbox 615 1407 689 1458; x_wconf 80' lang='grc' dir='ltr'><strong><em>τὰς</em></strong></span> <span class='ocrx_word' id='word_1_144' title='bbox 716 1408 903 1464; x_wconf 83' lang='grc' dir='ltr'><strong><em>α’δη’λους</em></strong></span> <span class='ocrx_word' id='word_1_145' title='bbox 929 1410 1012 1451; x_wconf 76' lang='grc' dir='ltr'><strong><em>τῶν</em></strong></span> <span class='ocrx_word' id='word_1_146' title='bbox 1041 1407 1232 1466; x_wconf 79' lang='grc' dir='ltr'><strong><em>πράξεων</em></strong></span> <span class='ocrx_word' id='word_1_147' title='bbox 1259 1410 1493 1464; x_wconf 69' lang='grc' dir='ltr'><strong><em>ἀποβάσεις</em></strong></span> <span class='ocrx_word' id='word_1_148' title='bbox 1502 1444 1515 1464; x_wconf 91' lang='grc'><strong><em>,</em></strong></span> <span class='ocrx_word' id='word_1_149' title='bbox 1546 1411 1599 1469; x_wconf 84' lang='grc' dir='ltr'><strong><em>τῇ</em></strong></span> <span class='ocrx_word' id='word_1_150' title='bbox 1627 1412 1676 1453; x_wconf 81' lang='grc' dir='ltr'><strong><em>δὲ</em></strong></span> 
     </span>
     <span class='ocr_line' id='line_1_20' title="bbox 212 1469 1674 1533; baseline 0.002 -17"><span class='ocrx_word' id='word_1_151' title='bbox 212 1476 302 1516; x_wconf 71' lang='grc' dir='ltr'><strong><em>τῶν</em></strong></span> <span class='ocrx_word' id='word_1_152' title='bbox 329 1469 468 1517; x_wconf 70' lang='grc' dir='ltr'><strong><em>ἄλλων</em></strong></span> <span class='ocrx_word' id='word_1_153' title='bbox 495 1477 744 1531; x_wconf 75' lang='grc' dir='ltr'><strong><em>στρατηγῶν</em></strong></span> <span class='ocrx_word' id='word_1_154' title='bbox 784 1476 966 1533; x_wconf 75' lang='grc' dir='ltr'><strong><em>α’κοσμίᾳ</em></strong></span> <span class='ocrx_word' id='word_1_155' title='bbox 993 1472 1039 1519; x_wconf 82' lang='grc' dir='ltr'><strong><em>τὸ</em></strong></span> <span class='ocrx_word' id='word_1_156' title='bbox 1069 1474 1131 1531; x_wconf 79' lang='grc' dir='ltr'><strong><em>μή</em></strong></span> <span class='ocrx_word' id='word_1_157' title='bbox 1162 1475 1351 1532; x_wconf 78' lang='grc' dir='ltr'><strong><em>φυλάξαι</em></strong></span> <span class='ocrx_word' id='word_1_158' title='bbox 1378 1475 1431 1519; x_wconf 78' lang='grc' dir='ltr'><strong><em>τὰ</em></strong></span> <span class='ocrx_word' id='word_1_159' title='bbox 1460 1475 1568 1531; x_wconf 86' lang='grc' dir='ltr'><strong><em>πρὸς</em></strong></span> <span class='ocrx_word' id='word_1_160' title='bbox 1594 1475 1674 1519; x_wconf 80' lang='grc' dir='ltr'><strong><em>αὖ-</em></strong></span> 
     </span>
     <span class='ocr_line' id='line_1_21' title="bbox 159 1532 1672 1598; baseline 0.002 -15"><span class='ocrx_word' id='word_1_161' title='bbox 159 1542 289 1584; x_wconf 66' lang='grc' dir='ltr'><strong><em>αοτοῢ</em></strong></span> <span class='ocrx_word' id='word_1_162' title='bbox 316 1541 519 1596; x_wconf 81' lang='grc' dir='ltr'><strong><em>εἰρημένα</em></strong></span> <span class='ocrx_word' id='word_1_163' title='bbox 547 1556 591 1582; x_wconf 86' lang='grc' dir='ltr'><strong><em>τε</em></strong></span> <span class='ocrx_word' id='word_1_164' title='bbox 630 1539 706 1583; x_wconf 73' lang='grc' dir='ltr'><strong><em>καὶ</em></strong></span> <span class='ocrx_word' id='word_1_165' title='bbox 731 1540 1080 1598; x_wconf 73' lang='grc' dir='ltr'><strong><em>παρεγγυηθέντα</em></strong></span> <span class='ocrx_word' id='word_1_166' title='bbox 1120 1543 1165 1592; x_wconf 83' lang='grc' dir='ltr'><strong><em>ἐς</em></strong></span> <span class='ocrx_word' id='word_1_167' title='bbox 1193 1532 1593 1597; x_wconf 20' lang='grc' dir='ltr'><strong><em>ἐσχατονχκινδόνου</em></strong></span> <span class='ocrx_word' id='word_1_168' title='bbox 1618 1542 1672 1586; x_wconf 74' lang='grc' dir='ltr'><strong><em>τὰ</em></strong></span> 
     </span>
     <span class='ocr_line' id='line_1_22' title="bbox 203 1601 1854 1665; baseline -0.001 -17"><span class='ocrx_word' id='word_1_169' title='bbox 203 1604 434 1660; x_wconf 75' lang='grc' dir='ltr'><strong><em>Ῥωμαίων</em></strong></span> <span class='ocrx_word' id='word_1_170' title='bbox 476 1601 608 1663; x_wconf 71' lang='grc' dir='ltr'><strong><em>ἤλασε</em></strong></span> <span class='ocrx_word' id='word_1_171' title='bbox 647 1606 894 1664; x_wconf 83' lang='grc' dir='ltr'><strong><em>πράγματα.</em></strong></span> <span class='ocrx_word' id='word_1_172' title='bbox 947 1605 1021 1649; x_wconf 78' lang='grc' dir='ltr'><strong><em>καὶ</em></strong></span> <span class='ocrx_word' id='word_1_173' title='bbox 1062 1606 1196 1663; x_wconf 77' lang='grc' dir='ltr'><strong><em>οὕχῆ</em></strong></span> <span class='ocrx_word' id='word_1_174' title='bbox 1226 1611 1428 1650; x_wconf 83' lang='grc' dir='ltr'><strong><em>σταλεῖσα</em></strong></span> <span class='ocrx_word' id='word_1_175' title='bbox 1454 1611 1535 1662; x_wconf 83' lang='grc' dir='ltr'><strong><em>μὲν</em></strong></span> <span class='ocrx_word' id='word_1_176' title='bbox 1562 1607 1854 1665; x_wconf 68' lang='grc' dir='ltr'><strong><em>πρὸςῦοᾱ.3αα</em></strong></span> 
     </span>
     <span class='ocr_line' id='line_1_23' title="bbox 213 1670 1674 1730; baseline 0.003 -17"><span class='ocrx_word' id='word_1_177' title='bbox 213 1674 291 1713; x_wconf 82' lang='grc' dir='ltr'><strong><em>τοῦ</em></strong></span> <span class='ocrx_word' id='word_1_178' title='bbox 332 1670 535 1728; x_wconf 81' lang='grc' dir='ltr'><strong><em>ἡγεμόνος</em></strong></span> <span class='ocrx_word' id='word_1_179' title='bbox 562 1671 674 1715; x_wconf 80' lang='grc' dir='ltr'><strong><em>κατά</em></strong></span> <span class='ocrx_word' id='word_1_180' title='bbox 704 1689 752 1715; x_wconf 89' lang='grc' dir='ltr'><strong><em>τε</em></strong></span> <span class='ocrx_word' id='word_1_181' title='bbox 794 1673 843 1715; x_wconf 89' lang='grc' dir='ltr'><strong><em>τὸ</em></strong></span> <span class='ocrx_word' id='word_1_182' title='bbox 870 1672 1060 1728; x_wconf 80' lang='grc' dir='ltr'><strong><em>Λούβιον</em></strong></span> <span class='ocrx_word' id='word_1_183' title='bbox 1071 1676 1146 1716; x_wconf 79' lang='grc' dir='ltr'><em>καί</em></span> <span class='ocrx_word' id='word_1_184' title='bbox 1167 1670 1353 1730; x_wconf 85' lang='grc' dir='ltr'><strong><em>Ἰβηρίαν</em></strong></span> <span class='ocrx_word' id='word_1_185' title='bbox 1380 1676 1517 1717; x_wconf 82' lang='grc' dir='ltr'><strong><em>ταῦτα</em></strong></span> <span class='ocrx_word' id='word_1_186' title='bbox 1545 1675 1674 1718; x_wconf 80' lang='grc' dir='ltr'><strong><em>ἐδυσ-</em></strong></span> 
     </span>
     <span class='ocr_line' id='line_1_24' title="bbox 302 1766 1668 1822; baseline 0.002 -15"><span class='ocrx_word' id='word_1_187' title='bbox 302 1771 339 1817; x_wconf 67' lang='lat'><strong><em>4.</em></strong></span> <span class='ocrx_word' id='word_1_188' title='bbox 369 1771 593 1821; x_wconf 80' lang='grc' dir='ltr'><strong><em>Ῥωμαϊκῆς]</em></strong></span> <span class='ocrx_word' id='word_1_189' title='bbox 618 1772 816 1811; x_wconf 80' lang='grc' dir='ltr'><strong><em>δυνάιιεως</em></strong></span> <span class='ocrx_word' id='word_1_190' title='bbox 832 1774 918 1809; x_wconf 83' lang='lat' dir='ltr'><strong>add.</strong></span> <span class='ocrx_word' id='word_1_191' title='bbox 941 1775 979 1807; x_wconf 93' lang='lat' dir='ltr'><strong><em>B.</em></strong></span> <span class='ocrx_word' id='word_1_192' title='bbox 1076 1786 1108 1819; x_wconf 88' lang='lat'><strong><em>7.</em></strong></span> <span class='ocrx_word' id='word_1_193' title='bbox 1121 1766 1216 1808; x_wconf 69' lang='grc' dir='ltr'><strong><em>κατὰ</em></strong></span> <span class='ocrx_word' id='word_1_194' title='bbox 1243 1774 1306 1814; x_wconf 88' lang='grc' dir='ltr'><strong><em>Ν.,</em></strong></span> <span class='ocrx_word' id='word_1_195' title='bbox 1347 1777 1410 1808; x_wconf 81' lang='grc' dir='ltr'><strong><em>καὶ</em></strong></span> <span class='ocrx_word' id='word_1_196' title='bbox 1437 1767 1479 1808; x_wconf 80' lang='grc' dir='ltr'><strong><em>τὸ</em></strong></span> <span class='ocrx_word' id='word_1_197' title='bbox 1507 1775 1563 1810; x_wconf 89' lang='lat' dir='ltr'><strong><em>ed.</em></strong></span> <span class='ocrx_word' id='word_1_198' title='bbox 1634 1789 1668 1822; x_wconf 85' lang='lat'><strong><em>9.</em></strong></span> 
     </span>
    </p>
   </div>
   <div class='ocr_carea' id='block_1_3' title="bbox 300 1805 1666 1915">
    <p class='ocr_par' dir='ltr' id='par_1_3' title="bbox 300 1805 1666 1915">
     <span class='ocr_line' id='line_1_25' title="bbox 300 1805 1666 1867; baseline 0.004 -14"><span class='ocrx_word' id='word_1_199' title='bbox 300 1819 379 1854; x_wconf 73' lang='grc' dir='ltr'><strong><em>ταῖν</em></strong></span> <span class='ocrx_word' id='word_1_200' title='bbox 401 1824 486 1864; x_wconf 81' lang='lat' dir='ltr'><strong>post</strong></span> <span class='ocrx_word' id='word_1_201' title='bbox 509 1821 642 1855; x_wconf 75' lang='grc' dir='ltr'><strong><em>ἵππων</em></strong></span> <span class='ocrx_word' id='word_1_202' title='bbox 676 1805 762 1857; x_wconf 75' lang='lat' dir='ltr'><strong>add.</strong></span> <span class='ocrx_word' id='word_1_203' title='bbox 786 1822 824 1866; x_wconf 82' lang='lat' dir='ltr'><strong><em>B.</em></strong></span> <span class='ocrx_word' id='word_1_204' title='bbox 923 1833 974 1856; x_wconf 84' lang='lat'><strong><em>12.</em></strong></span> <span class='ocrx_word' id='word_1_205' title='bbox 1001 1823 1232 1867; x_wconf 83' lang='grc' dir='ltr'><strong><em>κατέργαζον</em></strong></span> <span class='ocrx_word' id='word_1_206' title='bbox 1254 1816 1299 1856; x_wconf 75' lang='grc' dir='ltr'><strong><em>τὰ</em></strong></span> <span class='ocrx_word' id='word_1_207' title='bbox 1327 1814 1427 1856; x_wconf 76' lang='grc' dir='ltr'><strong><em>κακὰ</em></strong></span> <span class='ocrx_word' id='word_1_208' title='bbox 1455 1821 1511 1856; x_wconf 87' lang='lat' dir='ltr'><strong><em>ed.</em></strong></span> <span class='ocrx_word' id='word_1_209' title='bbox 1610 1824 1666 1860; x_wconf 80' lang='lat'><strong><em>18.</em></strong></span> 
     </span>
     <span class='ocr_line' id='line_1_26' title="bbox 300 1864 1094 1915; baseline 0.001 -16"><span class='ocrx_word' id='word_1_210' title='bbox 300 1864 344 1901; x_wconf 81' lang='grc' dir='ltr'><strong><em>δὲ</em></strong></span> <span class='ocrx_word' id='word_1_211' title='bbox 367 1866 428 1909; x_wconf 91' lang='grc' dir='ltr'><strong><em>Β.,</em></strong></span> <span class='ocrx_word' id='word_1_212' title='bbox 461 1875 501 1900; x_wconf 90' lang='grc' dir='ltr'><strong><em>τε</em></strong></span> <span class='ocrx_word' id='word_1_213' title='bbox 525 1866 582 1902; x_wconf 88' lang='lat' dir='ltr'><strong><em>ed.</em></strong></span> <span class='ocrx_word' id='word_1_214' title='bbox 694 1879 744 1915; x_wconf 90' lang='lat'><strong><em>¹9·</em></strong></span> <span class='ocrx_word' id='word_1_215' title='bbox 771 1865 834 1912; x_wconf 86' lang='grc' dir='ltr'><strong><em>τὸ]</em></strong></span> <span class='ocrx_word' id='word_1_216' title='bbox 859 1869 911 1913; x_wconf 69' lang='grc' dir='ltr'><strong><em>τῷ</em></strong></span> <span class='ocrx_word' id='word_1_217' title='bbox 932 1868 1027 1902; x_wconf 84' lang='lat' dir='ltr'><strong>coni.</strong></span> <span class='ocrx_word' id='word_1_218' title='bbox 1055 1869 1094 1902; x_wconf 88' lang='grc' dir='ltr'><strong><em>Β.</em></strong></span> 
     </span>
    </p>
   </div>
   <div class='ocr_carea' id='block_1_4' title="bbox 201 1960 1668 2806">
    <p class='ocr_par' dir='ltr' id='par_1_4' title="bbox 209 1960 1668 2043">
     <span class='ocr_line' id='line_1_27' title="bbox 210 1960 1668 2009; baseline -0.001 -13"><span class='ocrx_word' id='word_1_219' title='bbox 210 1962 314 1996; x_wconf 87' lang='lat' dir='ltr'><strong>Solet</strong></span> <span class='ocrx_word' id='word_1_220' title='bbox 336 1962 433 1995; x_wconf 87' lang='lat' dir='ltr'><strong>enim</strong></span> <span class='ocrx_word' id='word_1_221' title='bbox 452 1971 588 1994; x_wconf 89' lang='lat' dir='ltr'><strong>numen</strong></span> <span class='ocrx_word' id='word_1_222' title='bbox 609 1960 748 2008; x_wconf 85' lang='lat' dir='ltr'><strong>iniquis</strong></span> <span class='ocrx_word' id='word_1_223' title='bbox 771 1972 840 1995; x_wconf 87' lang='lat' dir='ltr'><strong><em>nec</em></strong></span> <span class='ocrx_word' id='word_1_224' title='bbox 862 1960 1102 2006; x_wconf 76' lang='lat' dir='ltr'><strong>opinantibus</strong></span> <span class='ocrx_word' id='word_1_225' title='bbox 1125 1972 1263 2009; x_wconf 84' lang='lat' dir='ltr'><strong>poenas</strong></span> <span class='ocrx_word' id='word_1_226' title='bbox 1286 1961 1473 2008; x_wconf 83' lang='lat' dir='ltr'><strong>infligere,</strong></span> <span class='ocrx_word' id='word_1_227' title='bbox 1495 1966 1538 1996; x_wconf 86' lang='lat' dir='ltr'><strong><em>ut</em></strong></span> <span class='ocrx_word' id='word_1_228' title='bbox 1561 1961 1668 1996; x_wconf 86' lang='lat' dir='ltr'><strong>subi-</strong></span> 
     </span>
     <span class='ocr_line' id='line_1_28' title="bbox 209 2008 931 2043; baseline -0.003 0"><span class='ocrx_word' id='word_1_229' title='bbox 209 2009 259 2043; x_wconf 85' lang='lat' dir='ltr'><strong>tis</strong></span> <span class='ocrx_word' id='word_1_230' title='bbox 283 2008 427 2043; x_wconf 84' lang='lat' dir='ltr'><strong>casibus</strong></span> <span class='ocrx_word' id='word_1_231' title='bbox 451 2009 691 2043; x_wconf 83' lang='lat' dir='ltr'>modestiores</span> <span class='ocrx_word' id='word_1_232' title='bbox 716 2008 931 2043; x_wconf 82' lang='lat' dir='ltr'><strong>reddantur.</strong></span> 
     </span>
    </p>

    <p class='ocr_par' dir='ltr' id='par_1_5' title="bbox 202 2054 1668 2338">
     <span class='ocr_line' id='line_1_29' title="bbox 304 2054 1668 2101; baseline -0.001 -10"><span class='ocrx_word' id='word_1_233' title='bbox 304 2057 361 2092; x_wconf 80' lang='lat'><strong><em>36.</em></strong></span> <span class='ocrx_word' id='word_1_234' title='bbox 409 2056 502 2090; x_wconf 88' lang='lat' dir='ltr'><strong><em>Nam</em></strong></span> <span class='ocrx_word' id='word_1_235' title='bbox 536 2067 650 2101; x_wconf 90' lang='lat' dir='ltr'><strong>quum</strong></span> <span class='ocrx_word' id='word_1_236' title='bbox 683 2055 803 2089; x_wconf 88' lang='lat' dir='ltr'><strong>adhuc</strong></span> <span class='ocrx_word' id='word_1_237' title='bbox 845 2054 992 2089; x_wconf 86' lang='lat' dir='ltr'><strong>hostilis</strong></span> <span class='ocrx_word' id='word_1_238' title='bbox 1027 2055 1158 2101; x_wconf 90' lang='lat' dir='ltr'><strong>procul</strong></span> <span class='ocrx_word' id='word_1_239' title='bbox 1186 2058 1281 2090; x_wconf 88' lang='lat' dir='ltr'><strong>esset</strong></span> <span class='ocrx_word' id='word_1_240' title='bbox 1305 2054 1514 2097; x_wconf 78' lang='lat' dir='ltr'><strong>exercitus,</strong></span> <span class='ocrx_word' id='word_1_241' title='bbox 1537 2055 1668 2100; x_wconf 88' lang='lat' dir='ltr'><strong>copia-</strong></span> 
     </span>
     <span class='ocr_line' id='line_1_30' title="bbox 208 2100 1666 2151; baseline -0.001 -14"><span class='ocrx_word' id='word_1_242' title='bbox 208 2113 365 2151; x_wconf 79' lang='lat' dir='ltr'><strong>rumque</strong></span> <span class='ocrx_word' id='word_1_243' title='bbox 399 2104 638 2138; x_wconf 82' lang='lat' dir='ltr'><strong>Romanarum</strong></span> <span class='ocrx_word' id='word_1_244' title='bbox 675 2113 868 2137; x_wconf 90' lang='lat' dir='ltr'><strong>numerum</strong></span> <span class='ocrx_word' id='word_1_245' title='bbox 895 2104 1192 2148; x_wconf 83' lang='lat' dir='ltr'><strong>pertimesceret,</strong></span> <span class='ocrx_word' id='word_1_246' title='bbox 1231 2107 1342 2147; x_wconf 83' lang='lat' dir='ltr'><strong>atque</strong></span> <span class='ocrx_word' id='word_1_247' title='bbox 1374 2100 1549 2135; x_wconf 87' lang='lat' dir='ltr'><strong>idoneum</strong></span> <span class='ocrx_word' id='word_1_248' title='bbox 1572 2107 1666 2136; x_wconf 88' lang='lat' dir='ltr'><strong>tem-</strong></span> 
     </span>
     <span class='ocr_line' id='line_1_31' title="bbox 203 2148 1665 2196; baseline 0 -13"><span class='ocrx_word' id='word_1_249' title='bbox 203 2159 272 2194; x_wconf 85' lang='lat' dir='ltr'><strong><em>pus</em></strong></span> <span class='ocrx_word' id='word_1_250' title='bbox 302 2155 531 2196; x_wconf 81' lang='lat' dir='ltr'><strong>exspectaret</strong></span> <span class='ocrx_word' id='word_1_251' title='bbox 548 2175 558 2192; x_wconf 90' lang='lat'><strong>,</strong></span> <span class='ocrx_word' id='word_1_252' title='bbox 587 2150 672 2184; x_wconf 83' lang='lat' dir='ltr'><strong><em>dum</em></strong></span> <span class='ocrx_word' id='word_1_253' title='bbox 695 2148 767 2182; x_wconf 85' lang='lat' dir='ltr'><strong><em>hae</em></strong></span> <span class='ocrx_word' id='word_1_254' title='bbox 795 2148 948 2183; x_wconf 84' lang='lat' dir='ltr'><strong>fortasse</strong></span> <span class='ocrx_word' id='word_1_255' title='bbox 974 2150 1291 2196; x_wconf 83' lang='lat' dir='ltr'><strong>dispergerentur,</strong></span> <span class='ocrx_word' id='word_1_256' title='bbox 1323 2151 1434 2194; x_wconf 86' lang='lat' dir='ltr'><strong>atque</strong></span> <span class='ocrx_word' id='word_1_257' title='bbox 1459 2149 1665 2184; x_wconf 83' lang='lat' dir='ltr'><strong>incursioni</strong></span> 
     </span>
     <span class='ocr_line' id='line_1_32' title="bbox 204 2195 1665 2243; baseline 0.001 -14"><span class='ocrx_word' id='word_1_258' title='bbox 204 2195 335 2230; x_wconf 75' lang='lat' dir='ltr'><strong>hostili</strong></span> <span class='ocrx_word' id='word_1_259' title='bbox 370 2209 452 2232; x_wconf 91' lang='lat' dir='ltr'><strong><em>cum</em></strong></span> <span class='ocrx_word' id='word_1_260' title='bbox 483 2199 647 2243; x_wconf 85' lang='lat' dir='ltr'><strong>ipsorum</strong></span> <span class='ocrx_word' id='word_1_261' title='bbox 684 2196 817 2230; x_wconf 84' lang='lat' dir='ltr'><strong>damno</strong></span> <span class='ocrx_word' id='word_1_262' title='bbox 845 2201 1094 2241; x_wconf 77' lang='lat' dir='ltr'><strong>patescerent3</strong></span> <span class='ocrx_word' id='word_1_263' title='bbox 1130 2197 1250 2230; x_wconf 85' lang='lat' dir='ltr'><strong>visum</strong></span> <span class='ocrx_word' id='word_1_264' title='bbox 1275 2200 1330 2228; x_wconf 86' lang='lat' dir='ltr'><strong><em>est</em></strong></span> <span class='ocrx_word' id='word_1_265' title='bbox 1351 2196 1539 2230; x_wconf 85' lang='lat' dir='ltr'><strong>nonnullis</strong></span> <span class='ocrx_word' id='word_1_266' title='bbox 1563 2197 1665 2241; x_wconf 86' lang='lat' dir='ltr'><strong>opti-</strong></span> 
     </span>
     <span class='ocr_line' id='line_1_33' title="bbox 203 2241 1662 2290; baseline 0.001 -14"><span class='ocrx_word' id='word_1_267' title='bbox 203 2253 304 2277; x_wconf 87' lang='lat' dir='ltr'><strong><em>mum</em></strong></span> <span class='ocrx_word' id='word_1_268' title='bbox 327 2244 426 2286; x_wconf 85' lang='lat' dir='ltr'><strong>sore,</strong></span> <span class='ocrx_word' id='word_1_269' title='bbox 450 2246 496 2285; x_wconf 85' lang='lat' dir='ltr'><strong><em>si,</em></strong></span> <span class='ocrx_word' id='word_1_270' title='bbox 519 2245 583 2290; x_wconf 89' lang='lat' dir='ltr'><strong><em>qui</em></strong></span> <span class='ocrx_word' id='word_1_271' title='bbox 600 2244 825 2277; x_wconf 87' lang='lat' dir='ltr'><strong>coniunctim</strong></span> <span class='ocrx_word' id='word_1_272' title='bbox 850 2243 980 2279; x_wconf 87' lang='lat' dir='ltr'><strong>invicti</strong></span> <span class='ocrx_word' id='word_1_273' title='bbox 1002 2248 1136 2286; x_wconf 80' lang='lat' dir='ltr'><strong>essent,</strong></span> <span class='ocrx_word' id='word_1_274' title='bbox 1161 2253 1223 2277; x_wconf 86' lang='lat' dir='ltr'><strong><em>eos</em></strong></span> <span class='ocrx_word' id='word_1_275' title='bbox 1249 2253 1315 2288; x_wconf 85' lang='lat' dir='ltr'><strong><em>per</em></strong></span> <span class='ocrx_word' id='word_1_276' title='bbox 1337 2241 1511 2277; x_wconf 81' lang='lat' dir='ltr'><strong>hostilem</strong></span> <span class='ocrx_word' id='word_1_277' title='bbox 1535 2253 1662 2289; x_wconf 82' lang='lat' dir='ltr'><strong>agrum</strong></span> 
     </span>
     <span class='ocr_line' id='line_1_34' title="bbox 202 2290 793 2338; baseline 0.003 -15"><span class='ocrx_word' id='word_1_278' title='bbox 202 2290 370 2335; x_wconf 81' lang='lat' dir='ltr'><strong>palantes</strong></span> <span class='ocrx_word' id='word_1_279' title='bbox 394 2293 568 2338; x_wconf 87' lang='lat' dir='ltr'><strong>periculis</strong></span> <span class='ocrx_word' id='word_1_280' title='bbox 592 2291 793 2325; x_wconf 83' lang='lat' dir='ltr'><strong>irretirent.</strong></span> 
     </span>
    </p>

    <p class='ocr_par' dir='ltr' id='par_1_6' title="bbox 201 2334 1658 2806">
     <span class='ocr_line' id='line_1_35' title="bbox 296 2334 1656 2385; baseline -0.003 -13"><span class='ocrx_word' id='word_1_281' title='bbox 296 2339 351 2384; x_wconf 84' lang='lat'><strong><em>37.</em></strong></span> <span class='ocrx_word' id='word_1_282' title='bbox 400 2339 595 2385; x_wconf 89' lang='lat' dir='ltr'><strong>Postquam</strong></span> <span class='ocrx_word' id='word_1_283' title='bbox 623 2338 784 2372; x_wconf 73' lang='lat' dir='ltr'><strong>narravit</strong></span> <span class='ocrx_word' id='word_1_284' title='bbox 811 2336 856 2371; x_wconf 81' lang='lat' dir='ltr'><strong><em>tle</em></strong></span> <span class='ocrx_word' id='word_1_285' title='bbox 872 2336 1090 2382; x_wconf 84' lang='lat' dir='ltr'><strong>octingentis</strong></span> <span class='ocrx_word' id='word_1_286' title='bbox 1114 2335 1208 2370; x_wconf 85' lang='lat' dir='ltr'><strong>albis</strong></span> <span class='ocrx_word' id='word_1_287' title='bbox 1235 2335 1340 2382; x_wconf 87' lang='lat' dir='ltr'><strong>equis</strong></span> <span class='ocrx_word' id='word_1_288' title='bbox 1365 2335 1412 2369; x_wconf 85' lang='lat' dir='ltr'><strong><em>ab</em></strong></span> <span class='ocrx_word' id='word_1_289' title='bbox 1425 2334 1656 2380; x_wconf 82' lang='lat' dir='ltr'><strong>Azarephtho</strong></span> 
     </span>
     <span class='ocr_line' id='line_1_36' title="bbox 204 2382 1658 2431; baseline -0.001 -14"><span class='ocrx_word' id='word_1_290' title='bbox 204 2386 320 2429; x_wconf 79' lang='lat' dir='ltr'><strong>captis</strong></span> <span class='ocrx_word' id='word_1_291' title='bbox 349 2389 460 2431; x_wconf 85' lang='lat' dir='ltr'><strong>atque</strong></span> <span class='ocrx_word' id='word_1_292' title='bbox 485 2388 524 2420; x_wconf 92' lang='lat' dir='ltr'><strong><em>in</em></strong></span> <span class='ocrx_word' id='word_1_293' title='bbox 555 2384 741 2429; x_wconf 85' lang='lat' dir='ltr'><strong>triumpho</strong></span> <span class='ocrx_word' id='word_1_294' title='bbox 768 2383 904 2426; x_wconf 85' lang='lat' dir='ltr'><strong>ductis,</strong></span> <span class='ocrx_word' id='word_1_295' title='bbox 936 2384 1139 2418; x_wconf 87' lang='lat' dir='ltr'><strong>Menander</strong></span> <span class='ocrx_word' id='word_1_296' title='bbox 1162 2383 1356 2418; x_wconf 85' lang='lat' dir='ltr'><strong>historicus</strong></span> <span class='ocrx_word' id='word_1_297' title='bbox 1380 2383 1451 2416; x_wconf 85' lang='lat' dir='ltr'><strong>ait:</strong></span> <span class='ocrx_word' id='word_1_298' title='bbox 1500 2382 1658 2428; x_wconf 87' lang='lat' dir='ltr'><strong>„Quan-</strong></span> 
     </span>
     <span class='ocr_line' id='line_1_37' title="bbox 202 2428 1656 2478; baseline -0.002 -14"><span class='ocrx_word' id='word_1_299' title='bbox 202 2435 241 2464; x_wconf 77' lang='lat' dir='ltr'><strong>ta</strong></span> <span class='ocrx_word' id='word_1_300' title='bbox 268 2431 416 2478; x_wconf 85' lang='lat' dir='ltr'><strong>quidem</strong></span> <span class='ocrx_word' id='word_1_301' title='bbox 443 2433 537 2466; x_wconf 87' lang='lat' dir='ltr'>mala</span> <span class='ocrx_word' id='word_1_302' title='bbox 567 2444 588 2465; x_wconf 88' lang='lat' dir='ltr'>a</span> <span class='ocrx_word' id='word_1_303' title='bbox 617 2432 738 2465; x_wconf 86' lang='lat' dir='ltr'><strong>stultis</strong></span> <span class='ocrx_word' id='word_1_304' title='bbox 763 2432 925 2465; x_wconf 88' lang='lat' dir='ltr'><strong>consiliis</strong></span> <span class='ocrx_word' id='word_1_305' title='bbox 951 2437 989 2466; x_wconf 89' lang='lat' dir='ltr'><strong><em>et</em></strong></span> <span class='ocrx_word' id='word_1_306' title='bbox 1015 2431 1238 2476; x_wconf 83' lang='lat' dir='ltr'><strong>negligentia</strong></span> <span class='ocrx_word' id='word_1_307' title='bbox 1259 2429 1507 2470; x_wconf 81' lang='lat' dir='ltr'><strong>manaverint,</strong></span> <span class='ocrx_word' id='word_1_308' title='bbox 1541 2428 1656 2462; x_wconf 90' lang='lat' dir='ltr'><strong>intel-</strong></span> 
     </span>
     <span class='ocr_line' id='line_1_38' title="bbox 201 2474 1657 2526; baseline -0.002 -16"><span class='ocrx_word' id='word_1_309' title='bbox 201 2476 403 2523; x_wconf 85' lang='lat' dir='ltr'><strong>ligentibus</strong></span> <span class='ocrx_word' id='word_1_310' title='bbox 426 2481 512 2513; x_wconf 81' lang='lat' dir='ltr'><strong>satis</strong></span> <span class='ocrx_word' id='word_1_311' title='bbox 542 2479 827 2513; x_wconf 88' lang='lat' dir='ltr'><strong>demonstratum</strong></span> <span class='ocrx_word' id='word_1_312' title='bbox 850 2484 925 2512; x_wconf 87' lang='lat' dir='ltr'><strong>est:</strong></span> <span class='ocrx_word' id='word_1_313' title='bbox 951 2478 1124 2526; x_wconf 90' lang='lat' dir='ltr'><strong>quodque</strong></span> <span class='ocrx_word' id='word_1_314' title='bbox 1151 2476 1242 2510; x_wconf 88' lang='lat' dir='ltr'><strong>deus</strong></span> <span class='ocrx_word' id='word_1_315' title='bbox 1259 2501 1269 2518; x_wconf 94' lang='lat'><em>‚</em></span> <span class='ocrx_word' id='word_1_316' title='bbox 1303 2477 1377 2510; x_wconf 86' lang='lat' dir='ltr'><strong>nisi</strong></span> <span class='ocrx_word' id='word_1_317' title='bbox 1410 2478 1451 2510; x_wconf 86' lang='lat' dir='ltr'><strong><em>in</em></strong></span> <span class='ocrx_word' id='word_1_318' title='bbox 1489 2474 1657 2521; x_wconf 73' lang='lat' dir='ltr'><strong><em>partibus</em></strong></span> 
     </span>
     <span class='ocr_line' id='line_1_39' title="bbox 202 2523 1652 2572; baseline -0.001 -15"><span class='ocrx_word' id='word_1_319' title='bbox 202 2526 338 2558; x_wconf 86' lang='lat' dir='ltr'><strong>nostris</strong></span> <span class='ocrx_word' id='word_1_320' title='bbox 375 2526 442 2568; x_wconf 90' lang='lat' dir='ltr'><strong>sit,</strong></span> <span class='ocrx_word' id='word_1_321' title='bbox 478 2537 521 2561; x_wconf 84' lang='lat' dir='ltr'><strong><em>ea</em></strong></span> <span class='ocrx_word' id='word_1_322' title='bbox 549 2537 708 2572; x_wconf 88' lang='lat' dir='ltr'><strong>quoque,</strong></span> <span class='ocrx_word' id='word_1_323' title='bbox 746 2535 840 2571; x_wconf 85' lang='lat' dir='ltr'><strong>quae</strong></span> <span class='ocrx_word' id='word_1_324' title='bbox 875 2530 972 2559; x_wconf 89' lang='lat' dir='ltr'><strong>recte</strong></span> <span class='ocrx_word' id='word_1_325' title='bbox 997 2524 1199 2570; x_wconf 82' lang='lat' dir='ltr'><strong>excogitata</strong></span> <span class='ocrx_word' id='word_1_326' title='bbox 1220 2523 1413 2564; x_wconf 85' lang='lat' dir='ltr'><strong>videntur,</strong></span> <span class='ocrx_word' id='word_1_327' title='bbox 1443 2524 1482 2557; x_wconf 94' lang='lat' dir='ltr'><strong><em>in</em></strong></span> <span class='ocrx_word' id='word_1_328' title='bbox 1507 2528 1652 2556; x_wconf 85' lang='lat' dir='ltr'><strong>contra-</strong></span> 
     </span>
     <span class='ocr_line' id='line_1_40' title="bbox 204 2569 1653 2620; baseline -0.001 -16"><span class='ocrx_word' id='word_1_329' title='bbox 204 2570 300 2604; x_wconf 84' lang='lat' dir='ltr'><strong><em>rium</em></strong></span> <span class='ocrx_word' id='word_1_330' title='bbox 313 2577 448 2608; x_wconf 82' lang='lat' dir='ltr'><strong>vertat:</strong></span> <span class='ocrx_word' id='word_1_331' title='bbox 473 2579 510 2606; x_wconf 88' lang='lat' dir='ltr'><strong><em>et</em></strong></span> <span class='ocrx_word' id='word_1_332' title='bbox 533 2573 633 2620; x_wconf 87' lang='lat' dir='ltr'><strong>quod</strong></span> <span class='ocrx_word' id='word_1_333' title='bbox 661 2573 775 2618; x_wconf 83' lang='lat' dir='ltr'><strong>gravis</strong></span> <span class='ocrx_word' id='word_1_334' title='bbox 802 2572 850 2605; x_wconf 84' lang='lat' dir='ltr'><strong>sit</strong></span> <span class='ocrx_word' id='word_1_335' title='bbox 873 2583 914 2605; x_wconf 82' lang='lat' dir='ltr'><strong><em>ae</em></strong></span> <span class='ocrx_word' id='word_1_336' title='bbox 937 2570 1226 2618; x_wconf 84' lang='lat' dir='ltr'><strong>pessumdandae</strong></span> <span class='ocrx_word' id='word_1_337' title='bbox 1256 2571 1310 2604; x_wconf 87' lang='lat' dir='ltr'><strong><em>rei</em></strong></span> <span class='ocrx_word' id='word_1_338' title='bbox 1323 2570 1494 2615; x_wconf 83' lang='lat' dir='ltr'><strong>publicae</strong></span> <span class='ocrx_word' id='word_1_339' title='bbox 1517 2569 1653 2602; x_wconf 83' lang='lat' dir='ltr'><strong>idonea</strong></span> 
     </span>
     <span class='ocr_line' id='line_1_41' title="bbox 202 2616 1654 2661; baseline -0.003 -10"><span class='ocrx_word' id='word_1_340' title='bbox 202 2616 434 2652; x_wconf 87' lang='lat' dir='ltr'><strong>subditorum</strong></span> <span class='ocrx_word' id='word_1_341' title='bbox 463 2619 726 2654; x_wconf 86' lang='lat' dir='ltr'><strong>inobedientia.</strong></span> <span class='ocrx_word' id='word_1_342' title='bbox 763 2619 960 2652; x_wconf 80' lang='lat' dir='ltr'><strong><em>Mam-icius</em></strong></span> <span class='ocrx_word' id='word_1_343' title='bbox 981 2619 1093 2660; x_wconf 83' lang='lat' dir='ltr'><strong>enim,</strong></span> <span class='ocrx_word' id='word_1_344' title='bbox 1117 2618 1359 2651; x_wconf 78' lang='lat' dir='ltr'><strong>Romanorum</strong></span> <span class='ocrx_word' id='word_1_345' title='bbox 1392 2616 1484 2657; x_wconf 81' lang='lat' dir='ltr'><strong>dux,</strong></span> <span class='ocrx_word' id='word_1_346' title='bbox 1522 2626 1654 2661; x_wconf 87' lang='lat' dir='ltr'><strong>quam-</strong></span> 
     </span>
     <span class='ocr_line' id='line_1_42' title="bbox 205 2663 1652 2711; baseline -0.001 -14"><span class='ocrx_word' id='word_1_347' title='bbox 205 2675 316 2710; x_wconf 82' lang='lat' dir='ltr'><strong>quam</strong></span> <span class='ocrx_word' id='word_1_348' title='bbox 340 2667 494 2702; x_wconf 87' lang='lat' dir='ltr'><strong>consilio</strong></span> <span class='ocrx_word' id='word_1_349' title='bbox 525 2673 734 2711; x_wconf 73' lang='lat' dir='ltr'><strong>praestanS,</strong></span> <span class='ocrx_word' id='word_1_350' title='bbox 761 2671 798 2699; x_wconf 87' lang='lat' dir='ltr'><strong><em>et</em></strong></span> <span class='ocrx_word' id='word_1_351' title='bbox 821 2671 999 2711; x_wconf 88' lang='lat' dir='ltr'><strong>quantum</strong></span> <span class='ocrx_word' id='word_1_352' title='bbox 1036 2663 1179 2699; x_wconf 84' lang='lat' dir='ltr'><strong>homini</strong></span> <span class='ocrx_word' id='word_1_353' title='bbox 1210 2665 1316 2704; x_wconf 90' lang='lat' dir='ltr'><strong>licet,</strong></span> <span class='ocrx_word' id='word_1_354' title='bbox 1344 2665 1500 2696; x_wconf 82' lang='lat' dir='ltr'><strong>incertos</strong></span> <span class='ocrx_word' id='word_1_355' title='bbox 1531 2671 1652 2695; x_wconf 82' lang='lat' dir='ltr'><strong>rerum</strong></span> 
     </span>
     <span class='ocr_line' id='line_1_43' title="bbox 205 2707 1652 2757; baseline -0.003 -13"><span class='ocrx_word' id='word_1_356' title='bbox 205 2711 324 2745; x_wconf 84' lang='lat' dir='ltr'><strong>exitus</strong></span> <span class='ocrx_word' id='word_1_357' title='bbox 351 2713 586 2756; x_wconf 82' lang='lat' dir='ltr'><strong>praevidens3</strong></span> <span class='ocrx_word' id='word_1_358' title='bbox 610 2718 732 2747; x_wconf 85' lang='lat' dir='ltr'><strong>tamen</strong></span> <span class='ocrx_word' id='word_1_359' title='bbox 756 2712 890 2745; x_wconf 88' lang='lat' dir='ltr'><strong>ducum</strong></span> <span class='ocrx_word' id='word_1_360' title='bbox 913 2716 1116 2746; x_wconf 86' lang='lat' dir='ltr'><strong>ceterorum</strong></span> <span class='ocrx_word' id='word_1_361' title='bbox 1138 2712 1382 2757; x_wconf 87' lang='lat' dir='ltr'><strong>incomposito</strong></span> <span class='ocrx_word' id='word_1_362' title='bbox 1408 2709 1557 2749; x_wconf 87' lang='lat' dir='ltr'><strong>ordine,</strong></span> <span class='ocrx_word' id='word_1_363' title='bbox 1586 2707 1652 2753; x_wconf 88' lang='lat' dir='ltr'><strong><em>qui</em></strong></span> 
     </span>
     <span class='ocr_line' id='line_1_44' title="bbox 204 2754 1651 2806; baseline -0.003 -15"><span class='ocrx_word' id='word_1_364' title='bbox 204 2757 284 2793; x_wconf 88' lang='lat' dir='ltr'><strong>eius</strong></span> <span class='ocrx_word' id='word_1_365' title='bbox 308 2758 405 2794; x_wconf 84' lang='lat' dir='ltr'><strong>dicta</strong></span> <span class='ocrx_word' id='word_1_366' title='bbox 430 2765 468 2794; x_wconf 88' lang='lat' dir='ltr'><strong><em>et</em></strong></span> <span class='ocrx_word' id='word_1_367' title='bbox 490 2761 630 2797; x_wconf 87' lang='lat' dir='ltr'><strong>monita</strong></span> <span class='ocrx_word' id='word_1_368' title='bbox 655 2760 916 2806; x_wconf 78' lang='lat' dir='ltr'><strong>neglexerunt,</strong></span> <span class='ocrx_word' id='word_1_369' title='bbox 947 2769 1004 2795; x_wconf 80' lang='lat' dir='ltr'><strong><em>res</em></strong></span> <span class='ocrx_word' id='word_1_370' title='bbox 1029 2759 1207 2796; x_wconf 84' lang='lat' dir='ltr'><strong>Romanas</strong></span> <span class='ocrx_word' id='word_1_371' title='bbox 1231 2760 1272 2794; x_wconf 87' lang='lat' dir='ltr'><strong><em>in</em></strong></span> <span class='ocrx_word' id='word_1_372' title='bbox 1295 2763 1498 2797; x_wconf 59' lang='lat' dir='ltr'><strong>extremum</strong></span> <span class='ocrx_word' id='word_1_373' title='bbox 1522 2754 1651 2790; x_wconf 79' lang='lat' dir='ltr'><strong>discti-</strong></span> 
     </span>
    </p>
   </div>
  </div>
 </body>
</html>
