1924 3164
723 151 996 235 PANEGYRI
1001 194 1117 236 CUS.
1128 217 1133 226 2

203 297 391 352 Votaque
419 299 637 351 suscipiunt
664 312 738 351 pro
765 306 806 337 te
832 305 1049 351 noctesque
1076 298 1253 352 diesque.

203 364 287 403 Nec
317 379 398 403 non
426 364 586 417 eloquio
612 364 816 403 decoratos
837 394 848 411 ‚
876 364 1046 402 maxime
1074 364 1292 418 Princeps,

204 431 317 480 Quos
346 431 528 470 doctrina
556 437 697 483 potens
725 436 764 469 et
796 429 920 468 sudor
946 430 1120 469 musicus
1151 438 1268 484 auget
1288 461 1298 479 ‚

204 497 391 547 Quorum
415 497 614 535 Romanas
642 496 775 534 munit
801 495 994 548 sapientia
1021 494 1123 548 leges
1139 524 1150 543 ⁷

206 562 396 601 Adsumis
424 563 576 610 socios,
608 562 712 600 iusto
739 561 1012 600 moderamine
1039 574 1175 600 rerum
1195 591 1207 612 ‚

203 627 260 667 Et
285 627 394 667 solus
422 627 548 667 doctis
578 627 649 666 das
676 628 854 680 praemia
881 626 1002 679 digna
1032 625 1170 665 labore
1184 656 1195 677 ‚

205 693 443 733 Muneribus
471 692 604 732 ditans
634 699 674 731 et
701 705 866 746 pascens
891 699 1024 731 mente
1050 691 1238 745 benigna.

316 759 426 798 Haec
454 766 617 812 propter
645 757 739 798 celsi
762 758 987 798 dominator
1011 759 1207 796 maximus
1235 759 1317 797 axis

205 825 373 864 Infestos
404 827 545 864 vestris
573 826 719 864 avertit
750 825 801 863 ab
831 824 988 863 arcibus
1016 824 1150 863 hostes
1164 853 1176 874 ‚

207 891 320 941 Quos
346 890 460 929 furor
489 892 661 930 iniustus
689 889 838 930 violato
863 889 1023 930 foedere
1051 891 1179 929 movit

205 955 426 1009 Euphratis
454 957 556 997 vasti
584 970 707 1010 prope
735 956 906 996 maxima
930 955 1097 995 flumina
1125 956 1270 1009 raptim
1286 986 1298 1007 ,

205 1021 266 1060 Ex
293 1023 509 1076 improviso
540 1022 741 1061 latronum
770 1035 881 1061 more
908 1028 1085 1061 ruentes.

206 1087 286 1127 Sed
313 1089 423 1127 Deus
450 1090 492 1127 in
522 1089 724 1142 propriam
753 1088 907 1127 cladem
935 1095 1186 1127 converterat
1213 1087 1327 1139 illos,

207 1152 469 1207 Consiliimue
497 1155 577 1193 tuis
606 1155 818 1193 iustissima
846 1153 995 1192 damna
1020 1153 1215 1193 tulerunt.

209 1220 318 1258 Haec
347 1221 486 1259 eadem
514 1228 678 1259 cunctos
700 1251 711 1271 ‚
740 1220 847 1259 bello
873 1221 1103 1273 quicunque
1131 1219 1331 1259 lacessunt

206 1286 365 1339 Imperii
396 1285 578 1325 columen
609 1287 730 1325 vestri
757 1300 975 1339 pacemque
994 1315 1005 1336 ‚
1036 1285 1288 1335 manebunt3

205 1352 268 1390 Ut
294 1352 353 1391 sol
381 1366 530 1391 oceano
557 1352 701 1391 tollens
730 1366 990 1405 mergensque
1018 1345 1167 1404 iugales

208 1418 354 1457 Cernat
380 1418 578 1458 Anastasii
606 1417 747 1457 ssorere
769 1432 840 1472 per
873 1419 1008 1457 omnia
1029 1431 1191 1457 nomen.

316 1485 500 1538 Utraque
529 1485 657 1524 Roma
683 1484 757 1524 tibi
787 1498 881 1524 nam
910 1498 1027 1538 spero
1053 1491 1190 1538 pareat
1216 1486 1312 1533 uni,

207 1550 370 1590 Auxilio
398 1553 569 1602 summi,
596 1551 665 1605 qui
694 1553 888 1604 conspicit
914 1552 1047 1590 omnia
1064 1581 1074 1598 ‚
1107 1550 1262 1602 Patris,

208 1617 339 1666 Quem
368 1616 500 1670 placas
527 1618 637 1656 omni
665 1616 816 1656 stabilis
843 1619 988 1671 pietate
1019 1631 1090 1670 per
1116 1617 1255 1655 orbem
1276 1647 1288 1667 ‚

205 1682 375 1735 Templa
403 1697 557 1722 novans
589 1697 865 1737 renovansque
893 1684 981 1722 Deo
1008 1683 1201 1737 fulgentia
1229 1698 1383 1738 semper
1400 1716 1410 1733 ‚

206 1748 419 1801 Lucraque
446 1761 541 1787 vera
568 1755 713 1801 putans
741 1763 885 1787 aurum
912 1763 1145 1788 consumere
1177 1750 1295 1788 iuste.

316 1813 479 1866 Experti
507 1827 637 1867 nuper
662 1827 799 1853 sumus
827 1827 920 1867 ergo
936 1843 947 1864 ‚
975 1814 1192 1867 Sceptrifer
1207 1844 1220 1865 ‚
1249 1827 1386 1857 omnes
1401 1846 1411 1863 ‚

211 1879 374 1929 Quanta
401 1886 517 1917 tuum
546 1886 683 1932 pectus
708 1887 841 1918 servat
867 1881 1094 1932 praesentia
1120 1880 1224 1933 regis

208 1943 395 1983 Caelestis
410 1974 421 1995 ,
453 1946 614 1998 propria
640 1945 818 1984 bonitate
842 1944 1018 1998 pericula
1046 1945 1209 1998 pellens.

207 2009 314 2049 Nam
341 2024 432 2049 cum
460 2010 567 2049 mole
594 2025 700 2050 nova
728 2025 848 2064 supra
874 2018 915 2050 te
951 2014 1066 2050 navis
1094 2011 1233 2065 iniqua

207 2075 301 2115 Sese
331 2090 423 2115 cum
452 2077 581 2116 ventis
609 2077 773 2116 veheret
800 2077 976 2130 velisque
1006 2077 1215 2125 nefandis,

209 2141 342 2196 Atque
371 2142 476 2182 salus
503 2143 650 2182 dubiae
677 2143 868 2196 penderet
896 2145 1067 2182 maxima
1094 2145 1226 2194 vitae,

208 2207 351 2256 Vitae,
383 2223 464 2262 qua
492 2208 596 2262 leges
623 2210 783 2259 Latiae,
818 2224 898 2262 qua
926 2217 1070 2249 cuncta
1095 2217 1304 2250 tenentur:

210 2272 301 2325 lpse
329 2274 440 2315 Deus
467 2274 607 2327 pelago
635 2289 819 2328 praesens
848 2275 1027 2314 exhausit
1055 2275 1106 2314 ab
1135 2275 1242 2327 alto,

211 2340 396 2389 Quantus
424 2340 534 2379 adest
560 2355 632 2393 pro
658 2348 722 2391 te,
750 2341 962 2380 ostendens
989 2341 1220 2381 discrimine
1239 2357 1383 2398 magno
1402 2375 1412 2393 ‚

212 2402 305 2443 Non
336 2404 450 2444 aliter
476 2420 676 2445 summum
707 2405 846 2445 solitus
874 2414 1094 2446 monstrare
1123 2408 1317 2449 savorem.

212 2469 356 2508 Sancta
383 2472 471 2523 pios
502 2471 684 2542 homiyes
712 2480 907 2512 testantur
934 2473 1080 2526 scripta
1109 2488 1181 2527 per
1207 2488 1348 2516 aevum
1362 2507 1373 2527 ‚

213 2534 259 2573 ln
281 2536 426 2588 quibus
454 2536 642 2577 historiae
669 2537 768 2578 tales
799 2547 891 2578 sunt
918 2538 1026 2578 mille
1056 2539 1253 2580 bonorum
1275 2572 1285 2589 ‚

214 2601 398 2650 Quorum
425 2605 480 2642 sic
509 2605 636 2643 virtus
663 2605 924 2658 praesulserat
951 2607 1137 2645 omnibus
1164 2610 1276 2647 annis
1293 2638 1304 2660 ,

213 2667 363 2706 Dextra
390 2669 498 2721 quod
529 2671 675 2723 eripuit
703 2671 839 2711 divina
867 2686 888 2710 e
915 2671 1070 2711 casibus
1101 2672 1200 2716 illos.

314 2753 391 2787 270.
419 2744 533 2779 omnis
558 2745 634 2780 cod.

1532 174 1563 230 Οἱ

1572 198 1599 231 ω
1604 185 1609 188 ‹

1611 177 1638 231 m

1568 510 1645 536 230

1573 823 1648 866 255

1573 1152 1651 1195 260

1572 1832 1649 1871 270

1627 2149 1648 2187 δέ(

1576 2478 1652 2516 280
