1924 3164
732 152 1131 197 PANEGYRICUS.
1468 200 1470 206 y
1544 133 1655 209 491

198 254 308 314 πρὸς
332 257 534 313 εὔποριῖτν
561 258 839 310 καθίσταται,
885 258 997 312 μέγα
1022 258 1150 299 τοῦτο
1180 255 1256 298 καὶ
1280 253 1474 310 λαμπρὸν
1499 257 1561 304 εἷς
1590 255 1663 298 εύ-

198 325 354 377 τυχίαν
381 324 501 376 ἐμοί·
546 325 717 366 δέδοικα
748 325 797 366 δὲ
842 323 902 379 μή
938 327 990 380 τῇ
1017 325 1112 366 λιάν
1127 322 1343 379 ὑπερβολῇ
1369 323 1444 364 καί
1466 323 1526 380 τῷ
1552 319 1661 378 πλή-

196 391 269 431 θει
305 391 390 430 τῶν
418 388 701 445 ὑπαρχόντων
742 391 1024 444 καταπλαγεὶς
1039 406 1071 442 ,·
1089 390 1166 430 οὐκ
1192 386 1303 442 ἔχων
1333 384 1418 441 δ’,τι
1436 386 1661 444 χρήσομαι

195 460 284 504 τοῖς
314 457 554 510 παροῦσιν,
599 457 661 505 εἰς
696 455 890 512 οἷφωνίαν
926 453 1181 509 μεταβάλλω
1225 452 1299 497 τὸν
1336 453 1545 508 πλοῦτον,
1586 456 1662 500 καί

168 518 484 577 5ἅπορούμενος
511 519 735 576 στήσομαι.
792 518 932 576 ὥσπερ
976 523 1022 563 ἐν
1059 523 1236 573 λειμῶνι
1279 521 1438 578 τερπνῷ
1464 521 1538 562 καί
1559 512 1658 561 ’ποι-ι

191 589 310 642 κίλην
339 589 613 644 παρεχομένῳ
641 586 720 642 τὴν
745 590 866 641 θέαν,
896 586 1035 630 πάντα
1065 589 1145 640 μὲν
1187 589 1248 636 εἰς
1287 585 1435 635 κάλλος
1465 585 1655 643 ὁρᾶται·

191 651 214 694 ὅ
249 655 297 695 δὲ
336 653 517 708 θεατὴς,
547 655 717 695 πάντων
746 651 903 708 ὁμοίως
931 650 1275 710 εὖφραινόντων,
1327 653 1403 695 οὐκ
1431 651 1543 707 ἔχων
1574 648 1656 705 3,ss

188 717 444 776 προτιμήσει
470 722 545 762 καί
571 721 803 775 θρέψεται,
857 719 1024 762 πάντων
1063 717 1221 773 ὅμοίως
1247 718 1507 774 ἀπεχόμενος
1534 718 1655 775 ἕστη-

189 798 274 828 κεν.
333 785 382 826 οὗ
409 784 495 841 μὴν
523 783 660 839 ἀλλὰ,
703 785 855 843 καίπερ
883 784 1043 829 τούτων
1079 783 1217 836 οὕτως
1253 785 1464 840 ἑχόντων,
1510 784 1654 827 πάντα

139 852 421 905 ιοτολμῶντες
450 851 491 894 οἱ
518 851 635 907 λόγοι
666 855 739 897 καί
764 857 842 896 νῦν
868 852 1024 907 ὁμοίως
1050 852 1367 909 θρασύνονται,
1410 852 1493 894 καί.
1510 852 1654 907 7171ch-

187 930 257 961 σιν
285 917 500 973 ἀτάκτως,
529 918 604 961 καί
646 915 786 976 ὥσπερ
818 919 896 976 ὑφ’
939 919 1087 975 ἡδονῆς
1124 918 1408 974 βακχεύοντες
1445 916 1650 973 πάρεισι,

184 982 296 1043 τύχῃ
324 987 486 1038 μᾶλλον
515 980 544 1040 ἢ
570 986 715 1044 γνώμῃ
735 982 1025 1043 θαρροῦντες,
1051 985 1126 1027 καί
1150 989 1235 1028 τῶν
1260 983 1498 1040 μελλόντων
1526 980 1651 1026 οὗδὲν

131 1078 134 1080 v
184 1049 459 1106 λογιζόμενοι.
517 1048 620 1095 ὅθεν
648 1051 913 1108 τολμήσομέν
939 1069 982 1094 τι
1009 1053 1084 1094 καί
1110 1050 1226 1107 παρὰ
1256 1049 1462 1105 δύναμιν,
1492 1046 1651 1106 ἀρκοῦ-

183 1134 265 1160 σαν
292 1118 354 1167 εἰς
379 1118 632 1175 συγγνώμην
658 1117 736 1174 τὴν
764 1121 1010 1175 προθυμίαν
1037 1120 1387 1174 προβεβλημένοι.

134 1189 183 1231 15
293 1181 344 1238 β’.
402 1186 481 1226 Σοί
504 1182 587 1240 γὰρ
619 1180 759 1241 ὥσπερ
789 1185 816 1241 ἦ
844 1184 952 1241 τύχη
1003 1186 1143 1235 καλῶς
1183 1183 1231 1227 τὸ
1259 1185 1415 1238 μέλλον
1441 1199 1650 1238 μαντευο-

183 1251 315 1305 μένη,
356 1252 569 1305 πρέποντα
598 1249 733 1293 πάντα
760 1251 951 1307 παρέσχε
976 1250 1031 1308 ’τῇ
1069 1249 1296 1304 Ῥωμαιῖων
1321 1250 1545 1309 ἡγεμονίᾳ·
1575 1249 1652 1292 καὶ

186 1316 379 1372 πρῶτον,
409 1313 553 1373 ὥσπερ
585 1315 672 1359 ἔδει
690 1351 703 1370 ,
741 1316 967 1373 χαρίζεται
1008 1316 1197 1373 πατρίδα
1230 1317 1415 1359 νικῶσαν
1457 1313 1535 1372 τήν
1561 1317 1648 1359 ταῖν

182 1375 322 1424 ἄλλων
351 1377 654 1437 εὖὸαιμονίαν·
680 1381 759 1439 τήν
785 1381 868 1438 γάρ
896 1381 1147 1436 Ἐπάῖαμνον
1174 1377 1329 1440 ᾄδουσι
1352 1383 1438 1436 μὲν·
1458 1398 1647 1438 συγγρα-

182 1452 279 1504 φεῖς
295 1481 308 1500 ,
336 1449 473 1502 βοῶσι
501 1450 549 1490 δὲ
575 1451 651 1490 καί
675 1451 768 1503 μετ’
796 1447 964 1491 ἐκείνων
990 1447 1037 1491 αἱ
1065 1451 1219 1506 φῆμαι,
1247 1447 1372 1491 πόλιν
1398 1450 1444 1498 ἐξ
1469 1444 1646 1504 ἦπείρου

126 1517 526 1571 αοπροβεβλημένην
553 1516 614 1566 εἷς
640 1513 858 1558 θάλατταν
874 1548 886 1570 ,
917 1512 1056 1572 ὥσπερ
1088 1513 1286 1571 ἑκάτερον
1310 1517 1394 1558 τῶν
1423 1515 1648 1569 στοιχείων

181 1583 442 1637 οἰκουμένην,
471 1583 546 1624 καί
570 1585 897 1625 πλεονεκτοῦσαν
927 1577 989 1632 οἷς
1017 1584 1165 1639 φέρειν
1193 1579 1280 1625 οἶδε
1307 1584 1363 1638 γῆ
1388 1598 1434 1624 τε
1462 1584 1538 1624 καί
1561 1580 1647 1623 θά-

178 1650 310 1689 λαττα
332 1665 343 1675 ·
371 1646 549 1703 πάρεστι
566 1646 648 1705 γὰρ
679 1650 864 1694 ἐνταῦθα
893 1650 970 1691 καί
995 1650 1124 1704 νῆσον
1151 1650 1198 1691 ἐκ
1226 1649 1388 1706 μὲρους
1416 1649 1545 1692 οἰκεῖν
1572 1647 1649 1690 καί

179 1711 425 1770 ἠπειρώτας
448 1709 569 1768 εἶναι,
598 1717 673 1757 καί
697 1717 782 1758 τῶν
807 1718 896 1758 κατ’
914 1714 1141 1772 ἀμφότερα
1168 1717 1368 1771 λυπηρῶν
1386 1714 1642 1772 ἀφεστάναι,

273 1815 329 1839 20.
353 1803 539 1851 ἑκάτερον
562 1805 641 1838 cod.
659 1831 670 1848 ‚
694 1805 886 1851 ἑκατέρων
909 1806 1054 1840 Villois.

177 1884 435 1931 splendidum,
459 1896 593 1932 meque
617 1886 786 1921 adiuvat:
810 1892 934 1921 metuo
959 1891 1104 1929 autem,
1133 1897 1181 1921 ne
1205 1899 1326 1922 rerum
1351 1887 1580 1922 abundantia
1604 1891 1644 1923 et

175 1932 417 1966 multitudine
439 1933 739 1979 obstupefactus,
766 1933 914 1967 dicendi
938 1934 1091 1968 materia
1118 1935 1175 1967 uti
1199 1935 1390 1977 nesciens,
1415 1946 1492 1969 non
1512 1935 1643 1982 eloqui

177 1979 325 2013 divitias
355 1981 513 2025 possim,
545 1986 656 2027 atque
689 1981 835 2014 consilii
858 1981 965 2026 inops
1002 1993 1206 2027 appaream.
1255 1982 1359 2016 Sicut
1382 1983 1421 2015 in
1444 1987 1551 2026 prato
1576 1983 1640 2016 iu-

177 2026 298 2060 cundo
325 2032 362 2061 et
384 2029 527 2061 varium
563 2029 809 2072 spectaculum
834 2029 1035 2073 praebente
1061 2030 1185 2062 omnia
1225 2029 1377 2075 quidem
1402 2030 1529 2074 pulcra
1551 2035 1641 2064 sunt

175 2080 345 2118 aspectu:
371 2079 554 2119 spectator
579 2081 722 2116 autem,
746 2085 827 2108 cum
853 2076 975 2108 omnia
1001 2076 1109 2109 simul
1133 2075 1345 2117 delectent,
1370 2076 1516 2110 nescius
1544 2077 1639 2123 quid

161 2118 361 2167 'praeferat
396 2127 433 2155 et
458 2121 648 2166 decerpat,
688 2122 734 2157 ah
772 2123 943 2156 omnibus
978 2123 1090 2164 simul
1113 2122 1303 2157 abstinens
1333 2124 1534 2167 consistit„
1561 2123 1637 2158 Sed

176 2178 400 2214 quamquam
434 2181 491 2203 res
524 2170 575 2202 sic
599 2180 637 2201 se
668 2169 817 2209 habeat,
844 2170 962 2203 oratio
986 2175 1111 2204 tamen
1136 2170 1184 2203 ad
1209 2171 1332 2216 omnia
1355 2168 1475 2204 audax
1499 2170 1637 2205 fiducia

174 2214 329 2260 impleta
353 2220 431 2256 est,
469 2221 506 2250 et
529 2217 739 2261 petulanter
763 2216 873 2257 salit,
911 2222 948 2249 et
972 2228 1061 2262 prae
1087 2217 1278 2262 voluptate
1303 2216 1523 2260 bacchatur,
1556 2214 1637 2253 for-

173 2266 340 2309 tunaque
364 2264 477 2309 magis
503 2274 612 2309 quam
638 2264 791 2297 consilio
818 2263 1005 2297 confidens
1021 2290 1031 2305 ,
1057 2276 1151 2311 quae
1176 2264 1302 2298 futura
1327 2269 1414 2298 sunt
1446 2265 1545 2299 nihil
1570 2277 1636 2299 cu-

174 2313 243 2342 rat.
291 2309 375 2354 Qua
400 2310 445 2344 de
472 2321 580 2344 causa
609 2309 826 2345 audebimus
846 2310 990 2358 aliquid
1017 2321 1126 2358 supra
1144 2311 1255 2353 vires,
1279 2321 1374 2359 quae
1401 2312 1635 2359 indulgentia

175 2361 306 2400 egent,
329 2356 444 2390 animi
469 2356 590 2391 studio
618 2358 794 2394 excusati,
979 2369 988 2378 ⁴
1255 2394 1261 2397 x

269 2414 301 2438 2.
351 2403 441 2437 Tibi
475 2405 573 2438 enim
593 2405 758 2439 Fortuna
784 2405 890 2451 quasi
931 2405 1055 2439 futura
1093 2404 1189 2439 bene
1215 2407 1470 2451 prospiciens,
1505 2408 1633 2441 omnia

174 2448 280 2483 dedit
319 2461 413 2496 quae
450 2452 710 2496 Imperatorem
754 2453 955 2486 Romanum
982 2453 1163 2486 decerent.
1212 2453 1258 2486 Et
1282 2454 1465 2498 primum,
1499 2460 1541 2488 ut
1565 2465 1634 2501 par

174 2501 271 2536 erat,
298 2496 448 2533 donavit
471 2499 650 2544 patriam,
680 2510 776 2544 quae
800 2499 957 2533 aliarum
979 2505 1154 2534 terrarum
1178 2498 1394 2534 felicitatem
1419 2506 1632 2546 superaret:

171 2542 415 2587 Epidamnum
444 2547 544 2579 enim
569 2552 706 2580 canunt
734 2547 948 2591 scriptores,
986 2551 1023 2579 et
1050 2557 1131 2579 cum
1156 2547 1231 2580 illis
1257 2547 1415 2581 clamans
1446 2546 1633 2582 collaudat
1684 2587 1686 2589 Ι

164 2590 290 2633 sama,
315 2590 443 2626 urbem
464 2603 508 2626 ex
534 2594 748 2627 continente
775 2594 976 2638 proiectam
1001 2594 1039 2626 in
1068 2604 1177 2635 marc,
1202 2596 1306 2639 quasi
1335 2600 1531 2641 utrumque
1551 2596 1630 2628 ele-

171 2641 335 2672 mentum
367 2638 624 2681 habitantem,
656 2645 768 2686 atque
802 2640 984 2674 fruentem
1019 2641 1078 2682 iis,
1114 2652 1210 2687 quae
1249 2641 1443 2686 proferunt
1467 2653 1566 2676 mare
1589 2646 1628 2676 et

171 2687 292 2716 terra:
321 2685 409 2720 licet
447 2689 546 2720 enim
569 2686 624 2720 ibi
663 2693 700 2722 et
725 2687 881 2723 insulam
910 2700 954 2721 ex
976 2694 1079 2733 parte
1105 2689 1265 2723 incolere
1290 2690 1386 2723 etin
1412 2690 1626 2723 continente

171 2729 305 2772 vivere,
331 2736 367 2765 et
393 2744 485 2779 quae
511 2736 550 2769 in
576 2739 734 2781 utroque
759 2735 911 2769 molesta
929 2740 1014 2770 suut
1039 2736 1167 2777 vitare,
1197 2747 1290 2782 quae
1318 2736 1435 2780 bona,
1446 2736 1491 2770 iis
1515 2737 1626 2783 plane
