1924 3164
304 212 415 269 338
728 228 730 230 ·
894 215 1174 260 nemu

115 336 154 372 A.
175 327 293 383 (2579
306 330 484 388 σβευτὴν
510 324 746 380 ἐξεπίτηδες
774 321 880 377 πρὸς
907 322 986 362 τοῦ
1026 318 1231 375 βασιλέως
1259 317 1639 370 συμπεπλασμένα,
1679 315 1754 356 καὶ

153 382 359 448 lammah
386 395 459 439 τὸν
487 392 568 436 οἷπό
607 388 806 446 Τούρκων
848 387 993 437 αὐτοῖς
1036 379 1376 440 προβαλλόμενος
1419 380 1550 439 φόβον
1587 382 1750 437 ἐφέξειν

131 429 173 447 r*-

137 430 446 520 ὶὼθι-ἀἦλπιζε
486 461 560 513 τῆς
599 455 784 504 ἐπινοίας
824 450 991 501 αύτούς.
1048 449 1164 502 ἔδοξε
1203 451 1240 491 δ’
1270 444 1346 492 οὖν
1383 449 1631 500 πείθεσθαι,
1681 444 1755 487 καί

297 527 539 571 συνετίθετο
580 521 748 570 πάντως
783 515 1029 574 ἐπισχήσειν
1070 514 1145 558 τὸν
1176 512 1391 569 Χαγοένον.
1448 509 1501 568 ἦν
1543 514 1590 555 δὲ
1631 505 1752 560 οὗτος

299 594 321 635 ὃ
350 587 723 647 μάλιστα-ἐνάρκων
759 582 889 627 azizim
932 581 1002 624 αἐἰ
1038 580 1112 624 καί
1147 579 1418 636 παροτρύνων
1457 580 1501 627 ἐς
1541 577 1615 620 τὸν
1643 575 1777 632 κατά5

289 655 510 712 Ῥωμαίων
543 653 738 706 πόλεμον.
796 650 869 692 καί
895 643 1018 698 οὗτος
1042 649 1123 701 μὲν
1150 647 1267 701 δῶρα
1285 679 1297 698 ,
1328 646 1397 701 ἐφ’
1428 640 1491 693 οἶς
1517 641 1750 697 ὑπέσχετο,

294 721 427 764 πολλοὶ
450 718 726 774 κομισάμενος
753 716 968 771 ἐξώρμησε
996 715 1070 769 τῆς
1096 713 1340 767 βασιλίδος·
1367 712 1441 752 καί
1465 712 1619 764 συνέβη
1639 706 1747 751 κατὰ

293 787 369 843 τὴν
382 788 600 842 Ἰλλυριῶν
621 781 746 826 αὐτὸν
766 783 1012 824 διοδεύοντα
1028 777 1135 833 μετὰ
1152 779 1234 820 ταῖν
1247 774 1578 832 προπεμπόντων
1596 774 1748 829 ὀλίγων

290 853 522 906 ιΡωμαίων
558 847 666 906 πρὸς
706 850 790 890 τῶν
826 842 1170 901 κατατρεχόντων
1211 841 1288 898 τὴν
1320 843 1467 898 χώραν
1486 840 1748 895 -Σκλαβηνῶν

296 918 590 973 ἀναιρεθῆναι.
649 915 700 955 ού
736 910 890 956 πολλαὶ
917 911 964 952 δὲ
998 910 1227 965 διέδραμον
1254 907 1437 963 ἡμέραι,
1479 906 1554 948 καί
1578 920 1803 960 παραυ-πο

171 984 392 1026 Ρ.ι3οτίκα
433 985 571 1037 ἕτερος
609 973 708 1034 ἧκεν
741 981 788 1021 ἐκ
825 978 902 1020 τοῦ
928 973 1131 1030 Χαγοὶνου
1171 971 1338 1022 σταλεὶς
1378 974 1422 1022 ἐς
1447 970 1524 1027 τὴν
1548 972 1749 1026 βασιλίδα

294 1047 575 1104 πρεσβευτὴς,
605 1042 794 1098 Σόλαχος
820 1036 1037 1095 τοῦνομα,
1067 1037 1113 1089 ὃς
1140 1040 1308 1081 εἰσόδου
1336 1036 1442 1095 πρὸς
1469 1040 1647 1091 βασιλέα
1675 1033 1751 1079 τν-

292 1114 385 1170 χών
424 1113 700 1171 φανερώτατα
739 1105 820 1165 ἤδη
858 1106 935 1150 καὶ
967 1105 1072 1161 μετὰ
1112 1108 1272 1161 γυμνῆς
1308 1107 1382 1160 τῆς
1420 1104 1639 1152 ἀναιδείας
1665 1101 1748 1159 ἔφη

295 1176 378 1222 ὧδε
397 1197 412 1208 ·
442 1179 529 1232 »ὥς
573 1177 596 1218 ὃ
626 1175 735 1224 Σάος
761 1176 841 1228 μὲν
867 1169 950 1229 ἤδη
989 1173 1303 1227 διαπέφρακται
1331 1167 1517 1224 ποταμὸς
1554 1185 1750 1226 γεφυρω-

293 1247 407 1299 θείς,
447 1241 615 1301 ἠλίθιόν
654 1259 694 1284 τι
737 1241 897 1294 νομίζω
939 1239 1322 1292 διαβεβαιοῦσθαι·
1361 1235 1406 1279 τὰ
1436 1235 1516 1292 γάρ
1546 1231 1807 1291 προδηλό-15

292 1327 414 1355 τατον
453 1312 499 1352 ἐν
541 1308 676 1351 εἰδόσι
714 1309 848 1361 λέγειν
884 1303 1018 1359 ψόγος
1044 1305 1100 1360 τῷ
1131 1304 1318 1358 λέγοντι·
1359 1303 1432 1344 καί
1460 1303 1637 1357 ου’δεμία
1663 1319 1748 1357 μη-

289 1375 400 1432 χανὴ
435 1372 684 1428 ζΡωμαίους
726 1371 959 1427 ἐπαρκέσαι
987 1369 1149 1426 Σιρμίῳ
1178 1371 1232 1426 τῇ
1258 1367 1403 1421 πόλει,
1451 1368 1558 1423 μήτε
1586 1370 1747 1424 τροφῆς

291 1440 395 1498 μήτε
422 1440 508 1496 μὴν
553 1439 698 1494 ἑτέρας
740 1435 853 1485 τινὸς
879 1435 1079 1490 βοηθείας
1110 1432 1182 1475 διὰ
1210 1437 1288 1476 τοῦ
1313 1435 1505 1487 ποταμοῦ
1531 1432 1576 1476 τὸ
1604 1431 1748 1475 λοιπὸν

290 1510 336 1557 ἐς
379 1504 513 1561 αύτὴν
551 1503 906 1556 ἐσπλευσομένης,
958 1499 1067 1554 πλὴν
1114 1500 1158 1541 εἰ
1192 1497 1252 1554 μὴ
1292 1498 1476 1554 τοσαύτη
1516 1499 1747 1553 ζΡωμαίων

292 1573 486 1628 ἀφίκοιτο
518 1567 707 1624 πληθύς,
738 1565 795 1617 ὥς
825 1564 1004 1618 δυνάμει
1031 1564 1106 1606 καί
1129 1565 1202 1622 βίᾳ
1228 1563 1303 1620 τήν
1338 1581 1381 1606 τε
1418 1567 1500 1607 τῶν
1546 1561 1800 1621 Ἀβάρωναο

251 1636 504 1683 Βοῖπελοίσαι
531 1632 730 1689 στρατιάν
756 1633 831 1673 καί
857 1632 1059 1673 διαλῦσαι
1085 1629 1161 1685 τὴν
1189 1631 1421 1686 γέφυραν.”
1463 1633 1621 1686 χρῆναι
1646 1631 1746 1685 γοῦν

288 1702 362 1745 τὸν
401 1699 689 1756 αὐτοκράτορα
723 1698 933 1753 μηδαμῶς
981 1696 1271 1748 ἐκπολεμῶσαι
1307 1697 1411 1748 μιᾶς
1439 1698 1559 1738 ἕνεκα
1587 1697 1745 1747 πόλεως

288 1767 507 1818 εὐτελοῦς,
555 1766 718 1818 μᾶλλον
761 1764 809 1805 δὲ
837 1761 1017 1818 χύτρας,
1050 1758 1213 1817 (ταύτῃ
1255 1759 1336 1817 γὰρ
1382 1761 1494 1819 αύτῇ
1531 1761 1744 1817 δήπουθεν

382 1848 415 1882 3.
442 1843 477 1878 δ’
501 1842 583 1877 add.
596 1842 634 1875 B.
696 1844 727 1877 8.
740 1839 965 1894 διοδεύοντα
988 1839 1067 1874 Val.
1084 1864 1094 1881 ,
1124 1826 1316 1874 διοδεύειν
1339 1832 1386 1874 τὰ
1410 1842 1505 1886 vulg.
1581 1841 1740 1876 roarol-

379 1892 443 1926 λαὶ
460 1910 524 1945 ⁸-—
551 1888 690 1935 ἡμέραι
720 1888 778 1930 B„
803 1887 952 1925 πολλας
974 1906 1022 1912 -
1045 1887 1187 1933 ἡμέρας
1210 1886 1304 1932 vulg.
1404 1890 1456 1923 16.
1482 1886 1642 1935 οὐδεμιᾷ
1663 1901 1741 1936 μη-

380 1949 478 1984 χανῃ
508 1937 605 1981 vulg.

288 2020 328 2044 re
355 2012 441 2043 nata
477 2005 522 2040 ab
547 2005 772 2049 Imperatore
811 2002 987 2044 conficta,
1028 2002 1092 2048 qui
1117 2001 1261 2047 obiecto
1291 2002 1493 2037 Turcorum
1517 2008 1616 2038 metu
1642 2003 1738 2038 Cha-

289 2066 420 2101 ganum
453 2053 635 2087 abducere
671 2049 716 2083 ab
743 2051 914 2095 incoepto
947 2059 1056 2094 opere
1089 2049 1268 2094 sperabat.
1317 2050 1391 2083 Sed
1412 2050 1507 2084 idem
1538 2062 1576 2085 se
1601 2053 1737 2085 sentire

289 2101 475 2135 simulavit
499 2105 536 2133 et
559 2096 748 2143 promisit,
783 2107 821 2130 se
847 2098 1080 2137 effecturum,
1112 2102 1153 2129 ut
1175 2097 1225 2130 ab
1248 2107 1289 2129 ea
1314 2101 1434 2130 mente
1459 2097 1648 2142 Chaganus
1674 2099 1742 2134 de-

290 2149 444 2182 sisteret.
493 2147 620 2191 Itaque
644 2144 784 2187 legatus
800 2167 809 2184 ‚
834 2143 899 2190 qui
923 2144 1118 2188 praecipue
1143 2143 1350 2189 Chaganum
1374 2143 1420 2177 ad
1443 2143 1579 2177 bellum
1608 2145 1740 2178 Roma-

288 2195 346 2227 nis
372 2192 603 2231 inferendum
618 2190 834 2236 impulerat,
861 2189 1093 2234 amplissimis
1118 2189 1223 2224 donis
1247 2192 1423 2236 acceptis,
1447 2202 1541 2236 quae
1561 2203 1624 2236 pro
1642 2203 1740 2225 mer-

290 2241 377 2275 cede
403 2240 677 2285 postulaverat,
705 2247 724 2269 e
750 2237 848 2281 regia
874 2236 965 2272 urbe
989 2237 1241 2280 proficiscitur.
1291 2236 1363 2271 Sed
1387 2247 1466 2270 cum
1491 2249 1556 2282 per
1573 2238 1738 2282 Illyrium

288 2289 361 2321 iter
388 2287 524 2320 faceret
554 2295 635 2317 cum
669 2284 795 2328 paucis
820 2283 992 2316 Romanis
1025 2282 1071 2316 ad
1106 2294 1189 2317 eum
1222 2283 1413 2317 tutandum
1449 2286 1676 2328 praemissis,
1714 2295 1736 2318 a

290 2334 489 2373 Sclavinis,
530 2330 763 2364 excursiones
790 2330 831 2363 in
855 2340 913 2363 eas
943 2334 1063 2375 partes
1097 2329 1338 2372 facientibus,
1373 2331 1510 2364 occisus
1537 2337 1604 2367 est.
1652 2331 1735 2366 Non

287 2381 414 2414 multis
439 2378 640 2411 interiectis
667 2375 818 2417 diebus,
854 2387 936 2409 ecce
964 2377 1057 2410 alter
1081 2376 1220 2420 legatus
1243 2378 1342 2411 venit
1369 2386 1390 2408 a
1416 2376 1586 2423 Chagano
1611 2379 1650 2411 in
1674 2389 1735 2411 re-

288 2428 383 2471 giam
408 2425 556 2465 urbem,
582 2422 754 2457 Solachus
780 2423 928 2456 nomine
944 2448 952 2463 ‚
978 2424 1041 2468 qui
1067 2424 1295 2468 apertissima
1324 2428 1360 2456 et
1383 2423 1481 2456 nuda
1506 2425 1735 2471 impudentia

288 2474 340 2507 ita
363 2473 507 2506 locutus
534 2476 607 2504 est:
635 2470 771 2508 „Ponte
797 2469 960 2502 iunctum
987 2470 1134 2502 fluvium
1161 2470 1292 2511 Saum,
1321 2481 1578 2514 supervacuum
1605 2472 1735 2505 existi-

285 2530 345 2554 mo
375 2518 560 2571 affirmare.
609 2517 804 2549 Manifesta
829 2517 927 2549 enim
953 2517 1004 2556 is,
1039 2518 1102 2561 qui
1127 2517 1240 2561 probe
1265 2516 1393 2550 scienti
1419 2524 1560 2559 narrat,
1585 2519 1733 2564 vitupe-

288 2567 430 2600 ratione
457 2563 584 2606 dngnus
612 2568 678 2615 est.
726 2563 854 2607 Neque
879 2573 964 2596 vero
991 2563 1063 2596 ulla
1086 2569 1162 2597 arte
1191 2564 1341 2597 Romani
1367 2564 1534 2598 Sirmium
1556 2565 1732 2610 oppidum

286 2613 332 2648 ab
367 2611 560 2646 obsidione
594 2607 771 2648 liberare,
809 2620 929 2654 neque
963 2616 1224 2651 commeatum,
1259 2616 1322 2643 aut
1352 2612 1460 2644 aliam
1493 2613 1605 2646 ullam
1630 2624 1728 2654 rem,

286 2671 382 2705 quae
405 2657 561 2692 obsessis
590 2656 792 2709 levamento
826 2656 892 2694 sit,
936 2655 1086 2690 flumine
1122 2656 1160 2690 in
1195 2656 1322 2691 urbem
1354 2659 1525 2693 invehere
1550 2665 1728 2704 possunt,

285 2708 358 2740 nisi
388 2710 525 2738 tantam
550 2700 824 2734 multitudinem
848 2702 937 2734 illuc
960 2703 1127 2743 mittant,
1159 2715 1254 2748 quae
1276 2705 1311 2738 vi
1336 2710 1373 2738 et
1395 2706 1614 2740 fortitudine
1637 2717 1727 2752 pos..

285 2754 335 2786 sit
358 2753 513 2785 Avarum
546 2747 743 2797 exercitum
780 2747 825 2781 ab
858 2748 1056 2782 obsidione
1092 2748 1275 2795 depellere
1308 2757 1345 2785 et
1373 2758 1521 2796 pontem
1555 2754 1727 2788 deiicere,

285 2801 412 2845 ltaque
436 2800 692 2843 Imperatorem
728 2793 929 2828 consultius
965 2796 1167 2839 facturum,
1203 2798 1234 2831 si
1264 2809 1330 2844 pro
1358 2810 1431 2835 una
1454 2800 1605 2835 minime
1631 2811 1726 2847 opu-
