1924 3164
608 206 640 247 E
677 206 847 249 Piuscl
885 207 1156 251 nlsTomA.
1487 193 1595 267 '195

156 306 327 361 ἐπάγειν
354 306 491 360 θέμις.
547 308 792 365 ἒλευθεριας
823 310 870 350 δὲ
896 309 1045 366 τρόποι
1070 313 1168 366 παρ’
1196 306 1348 361 ἀὕτοΐς
1380 315 1772 373 πλεῖστοι,Α.0.448

155 370 206 428 ἣν
234 371 285 413 οὕ
314 369 442 425 μόνον
470 372 692 429 περιόντες,
721 373 828 416 ἀλλὰ
855 377 929 417 καί
953 379 1218 426 τελευτῶντες
1241 376 1507 432 χαρίζονται,
1533 373 1709 420 δι-ῙῙΠῘ·Ι

155 436 396 488 ατάττοντες
411 437 518 480 κατὰ
538 440 614 493 τῆς
638 442 882 494 περιουσίας
911 437 959 483 ὃν
985 439 1206 495 βούλονται
1226 440 1393 498 τρόπον.
1419 444 1494 485 καί
1517 420 1788 502 νό-ἕῘέΞΟιΜι

153 519 233 556 μος
262 505 374 546 ἐστίν
402 500 504 560 ὅπερ
533 506 707 553 ἕκαστος
736 507 938 547 τελευτῶν
965 509 1065 562 περὶ
1085 508 1169 548 τῶν
1187 506 1475 563 προσηκόντων
1496 513 1600 562 βου-

130 566 387 617 5λεύσοιτο.”
442 571 515 611 καί
540 566 587 619 ὃς
609 568 822 624 δακρύσας
850 570 944 628 ἔφη,
975 571 1032 621 ὥς
1061 572 1099 614 οἱ
1125 574 1204 626 μὲν
1231 571 1354 626 νόμοι
1380 575 1503 616 καλοί
1527 575 1603 617 καὶ

154 634 183 688 ἧ
216 636 403 676 πολιτεία
424 632 654 687 “Ρωμαίων
682 631 826 690 ἆγαθὴ
842 670 855 689 ,
888 636 927 678 οἱ
958 638 999 678 δ’
1029 633 1226 693 ἄρχοντες
1255 635 1334 692 οὐχ
1363 635 1489 693 ὅμοια
1515 645 1601 691 τοῖς

155 697 288 741 πάλαι
316 702 562 756 φρονοῦντες
589 699 720 755 αὐτὴν
750 703 1117 754 διαλυμαίνονται.
1171 695 1173 698 ”

273 766 414 807 Ταῦτα
461 767 766 820 διαλεγομένων
816 766 963 821 ἡμῶν,
1011 767 1256 823 προσελθών
1303 787 1364 819 τις
1407 773 1491 813 τῶν
1535 769 1602 814 ἕν·-

157 832 282 872 δοθεν
323 831 479 885 ἀνοίγει
520 831 594 879 τὰς
634 831 773 888 θύρας
801 835 878 874 τοῦ
906 833 1151 889 περιβόλου.
1205 834 1286 889 ἐγώ
1313 837 1361 877 δὲ
1388 839 1602 892 προσδρα-

106 894 246 950 Ῑομών
274 894 490 951 ἐπυθόμην
519 892 603 951 ὅ,τι
640 895 833 952 πράττων
857 898 1107 953 Ὂνηγήσιος
1133 898 1358 954 τυγχάνοι·
1404 897 1638 957 ἆπαγγεῖ-Β

155 966 230 1004 λαι
256 959 335 1017 γὰρ
368 958 481 1020 αὖτῷ
509 978 563 1015 με
605 961 844 1016 βούλεσθαί
866 979 908 1005 τι
934 962 1051 1020 παρὰ
1076 965 1154 1006 τοῦ
1179 962 1407 1018 ζΡωμαίων
1434 964 1603 1022 ἥκοντος

154 1029 430 1082 πρεσβευτοῦ.
461 1023 507 1076 ὃς
535 1029 582 1069 δὲ
610 1028 877 1083 ἀπεκρίνατο,
907 1029 1021 1086 αὐτῷ
1051 1045 1126 1082 μοι
1152 1032 1422 1082 ἐντεύξεσθαι
1451 1032 1603 1087 μικρὸν

155 1093 444 1145 ἀναμείναντι·
474 1094 640 1146 μέλλειν
663 1092 742 1148 γὰρ
767 1090 897 1135 αὖτὸν
925 1094 1153 1145 ὑπεξιέναι.
1183 1095 1258 1137 καί
1284 1096 1336 1152 δὴ
1367 1095 1416 1138 οὔ
1447 1099 1604 1139 πολλοῦ

154 1159 450 1212 διαγενομένου
477 1155 660 1215 χρόνου,
701 1157 759 1208 ὥς
786 1160 987 1214 προϊόντα
1015 1157 1141 1213 εἶδον,
1173 1161 1419 1216 προσελθών
1446 1162 1601 1217 ἔλεγον,

104 1220 212 1272 ιόὧς
240 1220 514 1276 ὃζΡωμαίων
546 1220 679 1266 αὖτὸν
706 1223 942 1274 α’σπάζεται
968 1225 1250 1280 πρεσβευτής,
1293 1228 1367 1269 καί
1404 1229 1520 1283 δῶρα
1558 1230 1604 1279 ἐξ

155 1289 288 1330 αὐτοῦ
327 1286 411 1344 ἥκω
452 1290 596 1345 φέρων
637 1287 718 1336 συν
755 1289 829 1330 καὶ
863 1291 923 1347 τῷ
961 1288 1078 1344 παρὰ
1117 1293 1326 1343 βασιλέως
1364 1293 1604 1348 πεμφθέντι

150 1354 328 1411 χρυσίῳ.
385 1352 665 1397 ἐσπουδακότι
709 1357 756 1396 δὲ
793 1355 837 1405 ἐς
874 1352 1023 1410 λόγους
1050 1357 1190 1398 ἐλθεῖν
1219 1350 1252 1414 ᾧ
1280 1356 1354 1399 καί
1378 1358 1476 1399 πότε
1505 1356 1603 1412 βού-

152 1424 270 1463 λεται
300 1421 595 1474 διαλέγεσθαι.
650 1421 724 1462 καί
750 1417 794 1469 ὃς
819 1418 928 1475 τό,τε
964 1423 1156 1476 χρυσίον,
1193 1422 1247 1463 τά
1274 1438 1320 1464 τε
1359 1424 1476 1478 δῶρα
1512 1424 1602 1465 ἐκέ-

153 1490 274 1527 λευσε
303 1484 399 1535 τοὺς
425 1483 715 1541 προσήκοντας
743 1487 970 1539 δέξασθαι,
1006 1487 1083 1540 ἐμὲ
1119 1489 1166 1530 δὲ
1194 1484 1466 1542 ἀπαγγέλλειν
1492 1491 1636 1533 Moe-c

100 1552 310 1610 Ζοξιμίνῳ,
341 1550 398 1601 ὥς
426 1547 518 1606 ἥξοι
545 1552 696 1593 αὐτίκα
724 1554 821 1608 παρ’
849 1548 993 1594 αὐτόν.
1049 1550 1226 1609 ἐμήνυον
1259 1556 1402 1596 τοίνυν
1429 1556 1604 1597 ἐπανελ-

249 1665 302 1687 ιι.
327 1643 431 1698 παρὰ
465 1655 550 1686 ante
581 1651 997 1708 ‘Pw‘uafwr-excidisse,
1033 1659 1096 1688 aut
1130 1655 1201 1688 τοῦ
1225 1652 1330 1700 παρὰ
1367 1655 1602 1691 scribendum

244 1710 321 1778 essle
344 1703 451 1744 putat
474 1699 512 1732 B.
612 1711 663 1745 ¹7·
687 1697 731 1746 ῳ]
758 1701 795 1733 οἱ
816 1699 911 1742 vat,
934 1701 1013 1735 ποῦ’
1026 1700 1062 1733 Β.
1162 1703 1214 1738 18·
1238 1703 1303 1735 καὶ
1326 1699 1368 1740 ὃς
1390 1703 1442 1745 Β.,
1470 1701 1510 1740 ὃς
1537 1705 1604 1737 καὶ

245 1757 294 1781 vu
310 1757 340 1790 g.
378 1785 382 1789 .
587 1770 590 1772 v

155 1823 231 1858 Nec
256 1824 353 1857 enim
376 1834 495 1857 servos
515 1829 630 1858 morte
655 1824 794 1858 afficere
811 1850 821 1867 ,
844 1826 939 1859 sicut
963 1825 1062 1871 apud
1088 1826 1259 1869 scythas,
1283 1827 1335 1861 fas
1361 1834 1425 1862 est.
1473 1828 1606 1862 Liber-

154 1872 243 1904 tatis
267 1880 351 1904 vero
377 1870 634 1915 adipiscendae
658 1871 782 1914 plures
807 1877 892 1905 sunt
914 1873 1026 1905 modi.
1074 1873 1157 1905 Non
1183 1874 1279 1906 enim
1305 1875 1421 1906 solum
1437 1875 1502 1921 qui
1528 1877 1602 1909 vita

155 1917 348 1957 fruuntur,
379 1917 443 1949 sed
467 1918 578 1950 etiam
609 1918 673 1962 qui
697 1927 717 1950 e
748 1917 840 1953 vivis
866 1918 1069 1957 excedunt,
1094 1917 1303 1952 libertatem
1329 1920 1491 1954 tribuere
1516 1932 1603 1966 pos-

157 1968 261 2002 sunt,
295 1974 408 2008 quum
452 1962 496 1995 de
525 1963 632 1996 honis
665 1963 762 2003 suis,
800 1969 842 1996 ut
873 1965 1006 2008 cuique
1030 1963 1190 2007 placeat,
1225 1971 1384 2000 statuere
1406 1968 1538 2008 liceat,
1566 1974 1604 2001 et

157 2010 405 2054 quodcunque
451 2011 534 2054 quis
558 2010 717 2042 moriens
751 2008 797 2042 de
830 2009 937 2042 rebus
964 2009 1173 2044 domesticis
1206 2012 1376 2054 iusserit,
1422 2013 1482 2046 lex
1518 2016 1603 2047 sit.“

158 2056 255 2089 Tum
279 2056 343 2088 ille
379 2056 526 2099 plorans
558 2057 701 2101 inquit,
725 2056 823 2100 leges
853 2055 953 2100 apud
981 2056 1157 2089 Romanos
1188 2064 1303 2092 nonas
1336 2065 1373 2092 et
1420 2071 1495 2093 rem
1530 2071 1602 2104 pu·

156 2101 292 2135 blicam
322 2102 505 2146 praeclare
538 2103 772 2136 constitutam
798 2113 875 2135 esse
892 2128 902 2143 ‚
927 2102 992 2135 sed
1028 2102 1275 2147 magistratus,
1301 2105 1365 2150 qui
1390 2117 1463 2139 non
1489 2117 1606 2152 aeque

158 2159 200 2181 ac
223 2149 332 2194 prisci
365 2149 473 2194 probi
499 2154 536 2183 et
557 2148 754 2193 prudentes
780 2154 884 2189 sunt,
909 2159 987 2182 eam
1013 2149 1237 2183 labefactant
1269 2155 1306 2184 et
1338 2158 1558 2195 pervertunt.

254 2196 350 2229 Hae'c
385 2196 483 2229 inter
526 2206 593 2229 nos
629 2195 893 2229 disserentibus
933 2196 1068 2240 aliquis
1101 2207 1146 2229 ex
1190 2196 1396 2231 domesticis
1436 2199 1605 2244 Onegesii

161 2246 346 2285 septorum
380 2241 505 2274 domus
531 2242 642 2275 -fores
676 2243 830 2287 aperuit.
885 2242 959 2286 Ego
983 2242 1109 2275 statim·
1140 2253 1323 2276 accurrere
1356 2249 1394 2277 et
1416 2256 1605 2290 quaerere,

160 2299 250 2332 quas
283 2298 339 2321 res
376 2295 499 2332 ageret
523 2288 745 2334 Onegesius3
790 2298 848 2320 me
884 2289 981 2321 enim
1005 2288 1142 2322 habere
1167 2300 1187 2321 a
1210 2290 1436 2331 Maximino,
1461 2292 1524 2337 qui
1548 2293 1603 2326 le-

159 2338 260 2378 gatus
283 2346 304 2367 a
328 2336 497 2368 Romanis
522 2335 697 2375 venisset,
734 2335 834 2379 quod
857 2334 915 2367 illi
938 2335 1107 2370 dicerem.
1155 2335 1222 2370 Ille
1261 2347 1345 2370 vero
1382 2338 1602 2381 Onegesium

159 2379 252 2412 mihi
278 2381 334 2413 sui
355 2380 534 2415 facturum
559 2382 700 2427 copiam
725 2381 927 2426 respondit,
948 2382 979 2414 si
1002 2383 1166 2425 paullum
1191 2384 1395 2428 opperirer3
1423 2385 1606 2418 exiturum

161 2427 259 2459 enim
283 2438 370 2461 esse.
418 2427 494 2461 Nec
515 2428 632 2461 multo
657 2428 828 2473 temporis
855 2428 972 2472 spatio
1009 2429 1223 2470 interiecto,
1254 2435 1296 2462 ut
1318 2430 1438 2474 ipsum
1463 2442 1603 2465 exeun-

161 2477 236 2506 tem
259 2472 354 2514 vidi,
375 2485 580 2519 progressus
606 2474 701 2507 dixi:
726 2475 802 2513 „Te
826 2474 1064 2507 Romanorum
1100 2475 1239 2519 legatus
1263 2477 1418 2517 salutat,
1445 2483 1482 2511 et
1506 2477 1602 2511 dona

159 2519 230 2551 tibi
254 2517 299 2550 ab
325 2521 404 2564 ipso
439 2533 512 2553 una
541 2533 622 2554 cum
642 2532 744 2557 ,auro
770 2521 814 2552 ab
837 2521 1056 2565 Imperatore
1073 2522 1181 2555 misso
1213 2522 1375 2556 adfero-‘t
1410 2524 1456 2556 Et
1489 2536 1601 2570 quum

159 2564 314 2598 maxime
338 2567 401 2599 ille
426 2577 508 2600 eum
534 2568 726 2601 convenire
763 2572 929 2610 cuperet,
963 2566 1028 2599 ubi
1061 2573 1097 2601 et
1122 2568 1267 2613 quando
1290 2569 1404 2602 vellet
1428 2571 1602 2614 colloqui,

163 2612 339 2656 quaesivi.
386 2613 455 2647 Ille
481 2624 577 2654 suos,
603 2615 666 2660 qui
696 2613 870 2653 aderant,
895 2613 1002 2646 iussit
1034 2624 1159 2647 aurum
1191 2621 1227 2648 et
1257 2626 1407 2648 munera
1431 2617 1603 2662 recipere,

162 2665 200 2691 et
222 2669 278 2691 me
302 2659 501 2692 Maximino
538 2660 765 2700 renuntiare,
801 2671 838 2692 se
863 2659 1027 2704 protinus
1053 2660 1099 2693 ad
1125 2671 1206 2695 eum
1230 2661 1410 2694 accedere.
1459 2664 1603 2696 Reverti

161 2705 271 2747 igitur
294 2704 341 2737 ad
367 2705 621 2746 Maximinum,
660 2712 697 2739 et
721 2706 947 2744 renuntiavi,
972 2705 1181 2751 Onegesium
1213 2708 1259 2740 ad
1291 2718 1373 2740 eum
1407 2713 1601 2742 venturum

160 2761 250 2784 csse:
276 2761 342 2784 nec
363 2762 460 2785 mora
475 2778 485 2793 ‚
508 2752 547 2787 in
573 2754 770 2788 tentorium
787 2758 946 2785 nostrum
962 2753 1129 2793 advenit,
1159 2759 1196 2787 et
1212 2754 1450 2788 Maximinum
1474 2757 1600 2788 affatus
