1924 3164
415 185 470 225 m
508 181 754 242 ECLocAs
791 182 1137 230 THEOPHAle,
1171 183 1439 227 BYzANTn.
1531 163 1639 240 597

210 286 440 340 phylaetus
452 286 668 326 simocatta
699 301 787 340 cap.
835 302 895 327 io.
943 287 1037 327 libri
1074 289 1184 328 tertii
1237 289 1490 327 Marcianum
1534 287 1643 326 hunc

208 342 419 390 patricium
434 372 446 391 ‚
488 357 534 381 ac
561 342 850 408 propemodum
884 342 935 381 de
975 343 1128 382 familia
1157 344 1412 409 imperatoria
1447 341 1641 408 appellat.

202 392 432 442 Ἰουστινος
464 392 485 434 ὅ
527 396 602 435 τοῦ
626 395 863 445 Ῥωμαϊκοῦ
872 395 1100 460 mssacnkezig
1137 411 1217 460 εις..
1238 393 1313 449 τὴν
1346 396 1405 436 ἕω
1443 393 1646 458 ἐκπέμπει

210 447 467 499 Μαρκιανὸν
485 446 731 515 στρατηγὸν,
759 450 804 489 ἐν
832 464 888 488 τυ
916 447 1129 514 καταλόγω
1156 451 1239 491 τῶν
1246 451 1491 518 πατρικίων
1519 463 1640 500 οντα,

209 503 480 568 περίβλεπτον
515 499 672 555 ανδρα,
698 502 774 542 ουκ
807 501 888 543 ἀπὸ
909 518 981 544 του
1010 505 1154 557 γένους
1188 506 1263 545 τοῦ
1296 504 1511 556 βασιλείου
1546 518 1644 556 τυγ-

207 555 416 610 χάνοντα,
442 574 535 612 pag.
555 540 623 612 75.
654 559 839 597 editionis
858 560 1000 612 regiae.

319 614 422 665 Pag.
449 615 583 656 221).
610 612 724 667 [486,
752 612 814 666 5.]
854 615 1039 653 illel-anes
1056 645 1067 662 ,
1106 616 1202 653 Pero
1194 628 1320 654 amm
1349 614 1436 654 dux
1454 644 1465 662 ‚
1513 614 1584 669 qui
1609 621 1648 651 et

208 667 498 706 Baramaanes
553 650 772 706 Ductorem
797 668 904 708 hunc
926 669 1076 708 Persici
1101 672 1294 708 exercitus
1319 670 1518 723 Euag1ius
1546 667 1577 707 l.
1602 669 1646 708 5.

211 737 296 775 cap.
317 736 356 776 9.
384 719 686 775 ’.Αδααρμάνην
718 722 918 775 appellat,
941 724 1269 777 Theophylactus
1297 725 1514 763 Simocatta
1552 722 1690 798 libriV

208 778 315 815 tertii
341 791 431 829 cap.
459 791 519 816 10
542 785 581 817 et
610 792 669 831 17.
689 775 1001 830 Ἀὸορμαὰνην,
1034 779 1282 832 Nicephorus
1306 778 1376 817 lib.
1408 794 1469 832 17.
1498 793 1539 816 e
1558 764 1690 816 158.γ

207 828 582 897 Ουαρὸαιιαάνην,
617 832 883 885 Theophanes
917 833 1130 872 confessor
1164 834 1215 871 ad
1246 847 1398 872 annum
1431 833 1572 872 lustini
1600 846 1641 885 9.

207 883 482 938 Ἀρδαβάνην,
514 887 747 926 Anastasius
771 887 1101 926 Bibliothecarius
1126 887 1421 936 Ardamenmn,
1455 902 1544 940 pig.
1574 887 1644 940 69.

208 940 393 980 editionis
420 943 582 994 regiae,
621 943 789 980 Ioannes
809 944 1012 981 Diaconus
1041 944 1124 981 sive
1156 942 1381 980 Landulfus
1415 943 1541 994 Sagax
1563 942 1643 979 Mi—

207 994 350 1033 scellae
373 995 477 1035 libro
499 997 561 1035 16.
581 995 915 1036 Arimardanem:
936 1004 982 1035 ut
996 997 1138 1035 merito
1161 996 1226 1035 hic
1254 971 1491 1035 exclamare&
1488 997 1613 1048 possis
1631 1010 1643 1033 :

206 1058 262 1088 tot
282 1051 414 1104 capita
435 1080 445 1099 ‚
475 1059 534 1089 tot
553 1051 777 1089 sententiae.
835 1052 956 1102 Quod
983 1066 1082 1090 vero
1111 1052 1272 1090 maioris
1293 1059 1352 1090 est
1383 1051 1432 1089 ad
1457 1065 1544 1089 rem
1569 1064 1648 1088 no-

206 1110 333 1142 stram
359 1107 579 1154 momenti,
611 1105 668 1144 illi
687 1120 826 1145 omnes
856 1121 936 1145 non
960 1120 1083 1158 prope
1108 1106 1282 1144 Nisibim
1316 1121 1341 1149 a.
1369 1106 1645 1145 Romanorum

206 1158 309 1197 duce
335 1160 539 1198 Marciano
569 1161 743 1207 victum,
774 1160 842 1199 sed
883 1162 1076 1200 victorem
1110 1160 1364 1210 desciibunt,
1405 1175 1452 1199 ae
1486 1160 1536 1198 de
1562 1160 1647 1198 Ro.-

206 1214 336 1252 manis
368 1221 457 1253 toto
481 1229 606 1269 paene
638 1215 806 1254 Oriente
833 1216 1150 1268 triumphantem
1176 1217 1401 1266 Meranem,
1437 1228 1567 1267 neque
1592 1214 1652 1258 ob-

205 1268 409 1307 affectati
398 1270 557 1322 imperii
579 1270 839 1322 suspicionem
868 1278 1100 1310 revocatum
1123 1284 1147 1308 a
1182 1270 1342 1308 Iustino
1364 1270 1616 1308 Marcianum
1631 1299 1649 1316 ,

206 1323 276 1362 sed
305 1331 469 1376 propter
501 1339 645 1377 parum
686 1325 835 1364 faustos
877 1326 918 1364 in
962 1325 1068 1363 bello
1116 1338 1317 1363 successus
1367 1331 1408 1362 et
1447 1331 1581 1377 captas
1622 1337 1647 1361 a

205 1377 338 1417 Persis
358 1379 622 1418 nobilissimas
647 1381 840 1418 civitates.
901 1380 1089 1418 Ceterum
1115 1394 1241 1431 paene
1268 1379 1482 1418 omiseram
1509 1378 1651 1416 obser-

205 1445 302 1471 vare
333 1447 378 1471 ex
403 1434 604 1486 Procopio
631 1433 700 1473 lib.
732 1447 766 1472 1.
798 1435 1072 1483 Persicorum,
1109 1436 1318 1472 Meranem
1347 1432 1643 1484 nomendigni—

204 1489 297 1526 tatis
327 1494 446 1540 atque
473 1488 592 1527 officii
615 1488 733 1526 fuisse
759 1489 866 1541 apud
898 1490 1066 1537 Persas,
1094 1487 1436 1540 quemadmodum
1465 1494 1504 1525 et
1540 1487 1646 1525 Clm-

204 1556 430 1595 narangem.
489 1544 610 1593 Quod
634 1545 739 1581 enim
772 1545 814 1581 in
843 1543 1016 1582 editione
1044 1542 1334 1581 Hoescheliaua
1353 1555 1444 1594 pag.
1458 1555 1530 1607 19.
1557 1555 1651 1579 cor-

204 1604 371 1649 ruptum
391 1597 550 1636 videtm
573 1599 650 1638 hoc
671 1598 816 1637 modo:
847 1594 1074 1660 στρατηγὸς
1104 1596 1150 1634 δὲ
1184 1591 1243 1643 εἷς
1259 1591 1415 1635 α’πασιν
1449 1592 1647 1659 ἐφειστή-

205 1664 266 1689 κει
288 1651 462 1714 Πέρσης
488 1649 617 1704 οἶνηρ,
649 1648 878 1705 ῙΡΙιρράνης
905 1652 983 1700 μὲν
1009 1647 1054 1690 τὸ
1079 1649 1260 1714 a'g't'wua,
1295 1645 1421 1705 (οὕτω
1455 1646 1535 1702 γοῖρ
1570 1646 1647 1701 τήν

206 1701 345 1756 ἀρχὴν
356 1706 540 1744 ’καλοῦσι
559 1707 730 1756 Πέρσαι
736 1703 980 1759 ,)Πεοόζης
1004 1705 1048 1744 δὲ
1078 1718 1236 1753 οιομα,
1257 1706 1295 1743 in
1327 1705 1517 1756 excerptis
1538 1704 1647 1767 apud

203 1759 399 1799 Photium
427 1760 568 1799 codice
594 1742 661 1800 63.
699 1760 947 1799 emendatius
974 1760 1147 1821 legitur:
1170 1755 1390 1824 Καβοίδης
1422 1758 1468 1796 δὲ
1502 1756 1647 1807 Heud-

206 1813 303 1866 ζην,
340 1808 474 1879 ανὸξα
519 1813 717 1878 Πέρσην,
755 1810 967 1877 ῙΙΙηράνην
1006 1814 1050 1852 δὲ
1078 1809 1124 1851 τὸ
1157 1810 1349 1863 ἀξίωμα,
1382 1826 1454 1850 του
1491 1808 1644 1850 οικείου

204 1868 388 1924 στρατοῦ
418 1866 599 1920 ἡγεμόνα
617 1865 908 1919 κατεστήσατο.

313 1924 417 1975 Pag
436 1937 502 1961 22.
517 1924 569 1961 D.
587 1922 701 1974 [486,
719 1922 771 1976 5.]
815 1922 988 1974 Abasgz',
1021 1930 1063 1960 ec
1086 1920 1258 1965 Sar-065,
1308 1934 1384 1959 rex
1404 1920 1643 1959 Alanonmz.

175 1977 438 2017 Anastasius
478 1977 807 2016 Bibliothecarius
847 1978 1127 2029 aspirationem
1184 1975 1378 2028 Habasgis
1426 1977 1645 2028 praemittit

200 2047 290 2086 pag.
317 2034 386 2087 93.
438 2033 622 2072 editionis
646 2033 810 2086 regiae,
832 2032 882 2070 de
918 2032 1064 2084 quibus
1100 2030 1216 2082 plura
1245 2043 1316 2067 suo
1340 2030 1443 2068 loeo.
1501 2031 1646 2068 Unum

204 2088 272 2126 hic
307 2102 477 2136 moneo,
510 2088 550 2125 in
578 2088 784 2140 Excerptis
815 2100 860 2124 ex
893 2085 1185 2138 Theophylacti
1214 2085 1451 2122 Simocattae
1499 2085 1568 2123 lib.
1605 2100 1644 2138 7.

205 2143 316 2194 apud
346 2143 544 2181 Photium
563 2156 683 2194 grave
705 2142 865 2181 subesse
892 2141 1108 2189 mendum,
1138 2139 1247 2191 quod
1275 2140 1403 2191 ipsam
1435 2141 1555 2178 etiam
1579 2141 1646 2177 in-

203 2199 530 2250 terpretationem
554 2197 701 2246 inficit3
732 2196 828 2249 quid
852 2196 964 2234 enim
987 2196 1218 2232 Turcorum
1245 2194 1433 2246 Chagano
1457 2195 1540 2233 sive
1563 2195 1644 2232 Im-

203 2254 379 2305 peratoii
414 2267 486 2304 per
519 2265 565 2290 ea
591 2259 773 2303 tempora
801 2252 932 2314 potuit
959 2263 1041 2288 esse
1068 2248 1294 2286 commercii
1328 2262 1420 2286 cum
1451 2248 1647 2302 Agarenis

203 2313 289 2345 tota
307 2308 431 2346 ferme
454 2306 555 2344 Asia
575 2306 845 2344 distantibus?
880 2300 942 2344 ἔτι
969 2303 1015 2342 δὲ
1047 2317 1143 2349 τους
1171 2299 1301 2353 Ἅγαρ
1339 2299 1383 2341 τὸ
1415 2279 1540 2349 ἔθνος
1575 2302 1649 2341 καί

204 2357 256 2413 δὴ
290 2376 359 2400 και
387 2356 486 2406 τούς
520 2356 720 2426 Κόλχους
745 2354 847 2411 α’χρι
879 2353 1096 2421 τριάκοντα
1130 2355 1352 2409 μυριαὸων
1388 2355 1644 2409 διέφθειρεν.

202 2415 282 2455 Vel
310 2417 418 2454 enim
465 2414 679 2479 legendum
706 2411 924 2465 Ἀβασγῶν
957 2409 1010 2450 τὸ
1041 2408 1162 2456 ἔθνος
1192 2411 1383 2450 suadebat
1403 2411 1647 2450 Colchoium

205 2469 540 2524 Abasgoi-umque
586 2470 755 2518 vicinia,
796 2467 864 2506 vel-
893 2466 1007 2520 quod
1032 2467 1162 2518 ipsum
1195 2465 1485 2518 Theophylacti
1527 2473 1647 2518 caput

207 2532 398 2565 octavum
433 2524 737 2577 expressissimis
767 2522 902 2561 verbis
932 2522 1074 2568 docet,
1116 2519 1308 2573 Ἀβαρῶν
1346 2521 1650 2573 subrogandum

206 2581 370 2620 omnino
406 2579 546 2618 fuerat.
604 2578 726 2628 Quod
757 2576 904 2615 Davidi
959 2574 1217 2625 Hoeschelio‚
1255 2575 1323 2628 qui
1365 2574 1555 2613 sollicitus
1595 2573 1645 2612 de

206 2643 371 2674 accentu
388 2664 400 2684 ,
428 2629 564 2685 '‘Aya9
634 2631 846 2686 legendum
877 2645 963 2670 esse
993 2629 1228 2680 contendit,
1286 2630 1471 2667 Pontano
1529 2635 1647 2681 atque

205 2688 708 2742 Schotto‚1nte1p1etibus
729 2685 910 2735 erud-itis,
938 2684 1071 2724 fraudi-
1093 2684 1214 2723 fuisse
1233 2698 1349 2736 saepe
1375 2698 1452 2721 mn
1455 2690 1542 2721 atus
1560 2697 1648 2722 sum

203 2742 267 2781 De
314 2745 491 2796 δαόιηζς,
548 2743 702 2782 Saberzs
762 2746 831 2779 aut
866 2740 1019 2794 Sapzris
1072 2739 1186 2792 plura
1218 2739 1312 2777 alias
1344 2753 1389 2777 ex
1425 2737 1648 2792 Procopio,
