1924 3164
669 193 704 232 E
740 189 915 233 Pmscl
955 189 1228 233 fflsTmuA.
1526 170 1631 245 173

186 292 494 350 διεπόρθμευον
530 291 604 335 τόν
643 292 860 347 ποταμὸν,
899 294 980 347 ου’χ
1005 292 1127 349 ἡμῶν
1156 293 1276 335 ἕνεκα
1304 291 1629 348 παρασκευασά-
1643 296 1682 331 Δ.
1697 296 1818 342 (3.448

183 375 333 415 μενοι,
359 358 467 402 α’λλοὶ
497 360 917 414 διαπορθμεύσαντες
943 360 1105 413 πλῆθος
1141 356 1429 414 βαρβαρικὸν,
1459 353 1559 413 ὅπερ
1579 343 1824 437 5-{191‘13‘33‘1'4'

183 431 259 479 μῖν
301 423 406 467 κατὰ
447 423 524 480 τὴν
560 421 659 467 ὁδόν
695 422 944 479 ἀπηντήκει,
989 420 1059 467 οἷα
1098 422 1150 479 δὴ
1187 424 1445 478 βουλομένου
1476 419 1534 472 ὥς
1559 425 1665 471 ἔπιε

182 488 327 548 θήραν
347 486 526 547 Ἀττήλα
564 490 795 544 διαβαίνειν
820 490 876 539 ’ἒς
902 488 981 544 τὴν
1012 490 1243 543 “Ρωμαι’ων
1283 490 1379 545 γῆν.
1431 491 1552 532 τοῦτο
1584 490 1633 531 δὲ

156 553 236 613 ὄῆν
263 558 447 610 πολέμου
474 553 744 612 παρασκευήν
769 557 1005 613 ποιουμένῳ
1035 557 1095 612 τῷ
1120 558 1319 613 βασιλείῳ
1334 555 1502 613 Σκύθῃ,
1527 571 1635 612 προ-

184 620 315 679 φάσει
351 623 431 664 τοῦ
471 619 530 677 μὴ
566 618 727 670 πάντας
761 621 878 679 αὐτῷ
922 620 1019 671 τούς
1046 619 1241 678 φυγάδας
1269 621 1502 664 δεδόσθαι.
1555 637 1634 664 πε-

181 689 437 744 ραιωθέντες
474 688 522 729 δὲ
561 685 636 730 τόν
683 681 848 743 Ἴστρον
903 684 979 730 καί
1012 685 1094 730 συν
1131 693 1219 738 τοῖς
1253 685 1487 744 βαρβάροις
1513 686 1571 738 ὥς
1598 687 1630 730 ο’

180 754 459 810 πορευθέντες
503 751 724 807 σταδίους,
762 755 808 796 ἒν
832 755 962 812 πεδίῳ
1000 751 1086 795 τινὶ
1123 754 1331 806 ἐπιμένειν
1365 751 1634 809 ἠναγκάσθη-ο

175 835 282 874 μεν,
309 815 417 862 ὥστε
442 816 543 868 ’τους
571 814 688 876 ἀμφὶ
710 817 783 862 τὸν
804 819 1010 862 Ἐδέκωνα
1039 820 1099 877 τῷ
1134 819 1305 877 Ἀπήλᾳ
1332 821 1530 873 γενέσθαι
1556 821 1633 874 τῆς

124 881 388 941 Ιοῆμετέρας
424 879 610 941 ἀφίξεως
657 883 874 940 μηνυτάς.
941 882 1280 938 καταμεινάντων
1328 885 1375 926 δὲ
1414 882 1493 926 σὺν
1528 884 1631 940 ἧμῖν

177 951 255 992 καί
278 952 363 992 ταῖν
400 947 705 1006 ξεναγησάντων
743 948 857 1006 ἡμᾶς
882 949 1138 1007 βαρβάρων,
1180 949 1296 1007 α’μφί
1330 947 1470 1006 δειλην
1497 949 1630 1004 ὄψιάν

178 1017 347 1067 δεῖπνον
372 1016 492 1072 ἡμῶν
529 1015 803 1072 αἱρουμένων,
831 1015 977 1072 κρότος
1004 1018 1143 1060 ἳππων
1168 1016 1226 1066 ὥς
1251 1016 1365 1071 ἡμᾶς
1391 1018 1630 1073 ἐρχομένων

176 1078 381 1136 ἠκούετο.
435 1083 510 1123 καί
549 1079 601 1138 δὴ
639 1077 792 1138 ἄνδρες
829 1079 905 1124 δύο
948 1079 1113 1124 Σκύθαι
1156 1083 1424 1138 παρεγίνοντο
1461 1081 1518 1131 ὥς
1558 1082 1632 1124 τὸν

168 1142 379 1203 ’.Αττήλαν
405 1144 514 1203 ἡμᾶς
540 1143 712 1190 ἀπιέναι
737 1146 1141 1204 παρακελευόμενοι.
1195 1145 1316 1202 ἡμῶν
1344 1148 1391 1190 δὲ
1418 1145 1663 1203 πρότερονῐ)

128 1212 253 1256 1δέπί
287 1211 335 1256 τὸ
385 1215 549 1256 δεῖπνον
585 1211 745 1263 αΰτούς
790 1213 930 1255 ἐλθεῖν
964 1209 1245 1268 αἰτησάντων,
1288 1210 1520 1267 ἀποβάντες
1546 1213 1630 1255 τῶν

175 1277 316 1321 ἳππων
352 1276 664 1334 εὐωχήθησαν,
700 1279 777 1320 καί
810 1278 913 1333 ἡμῖν
942 1278 1016 1332 τῆς
1058 1277 1165 1319 ὅδοῦ
1190 1279 1243 1334 τῇ
1283 1277 1486 1336 ὑστεραίᾳ
1526 1277 1630 1334 ἡγή-

176 1358 330 1387 σαντο.
401 1345 748 1401 παραγενομένων
785 1345 833 1386 δὲ
874 1345 918 1393 ἐς
943 1342 1020 1393 τάς
1062 1342 1238 1399 Ἀττήλα
1264 1341 1418 1399 σκηνάς
1446 1343 1563 1400 ἀμφὶ
1585 1343 1631 1386 θ’

174 1411 253 1465 τῆς
279 1409 440 1466 ἡμέρας
466 1406 570 1468 ω’ρᾳ,
600 1408 783 1467 (πολλαὶ
813 1410 861 1451 δὲ
889 1409 1006 1467 αὐτῷ
1032 1402 1263 1464 ἐτύγχανον
1294 1406 1454 1468 οὖσαι)
1484 1408 1561 1452 ἐπί
1579 1425 1627 1452 τε

177 1471 314 1531 λόφου
350 1472 464 1525 τινός
500 1477 801 1532 σκηνοποιῆσαι
837 1478 1149 1531 βουληθέντων,
1179 1473 1219 1517 οἶ
1245 1474 1512 1530 ἐπιτυχόντες
1539 1477 1628 1517 διε-

119 1537 371 1596 Βοκοόλυσαν
396 1539 624 1598 βάρβαροι,
657 1541 715 1591 ὥς
739 1542 813 1596 τῆς
839 1538 1015 1597 Ἀπήλα
1042 1542 1088 1584 ἐν
1115 1543 1326 1600 χθαμαλῷ
1350 1541 1628 1598 ὑπαρχούσης

173 1608 351 1662 σκηνῆς.
405 1605 726 1650 καταλυσάντων
763 1609 811 1650 δὲ
848 1604 953 1649 ὅπου
983 1613 1072 1657 τοῖς
1113 1606 1301 1657 Σκύθαις
1327 1605 1489 1661 ἐδόκει,
1511 1608 1628 1651 Ἐδέ-

173 1687 258 1715 κων
284 1672 359 1715 καί
382 1673 581 1729 Ὀρέστης
617 1672 693 1715 καὶ
730 1671 914 1723 Σκόττας
946 1674 1019 1715 καί
1045 1674 1180 1729 ἕτεροι
1205 1675 1289 1717 τῶν
1317 1674 1363 1717 ἐν
1390 1671 1534 1724 αὖτοῖς
1557 1678 1628 1716 λο-

268 1775 302 1809 3.
321 1772 560 1819 βουλόμενον
581 1773 676 1818 vulg.
746 1773 778 1808 5.
798 1765 1022 1819 παρασκευὴ
1049 1774 1264 1820 ποιουμένη
1288 1776 1381 1809 coni.
1407 1774 1446 1807 B.
1500 1786 1551 1810 ιι.
1577 1775 1627 1808 25-

267 1822 344 1867 μᾶς
367 1821 460 1865 vulg.
559 1831 611 1864 ¹7·
634 1818 703 1857 τὰς
727 1821 780 1862 Β.,
803 1822 874 1854 τοῦ
895 1820 993 1867 vulg.
1068 1821 1233 1867 ι8.αυ’τῷ
1253 1822 1304 1863 Β.,
1329 1821 1456 1856 αὐτῶν
1479 1822 1578 1866 vulg.

174 1915 308 1951 cavatis
339 1914 542 1954 adornant,
577 1918 818 1959 exceperunt,
856 1919 893 1947 et
924 1914 1060 1948 flumen
1094 1915 1387 1952 transmiserunt.
1448 1917 1494 1950 Et
1512 1916 1627 1950 lembi

174 1962 325 2009 quidem
354 1962 504 1995 minime
529 1959 576 1993 ad
599 1971 666 1993 nos
701 1959 964 2001 traducendos,
989 1961 1054 1994 sed
1088 1960 1135 1993 ad
1154 1962 1430 1995 multitudinem
1452 1963 1628 1997 barbaro-

173 2021 255 2043 rum
276 2006 529 2042 traiiciendam
567 2011 670 2040 erant
700 2008 928 2051 praeparati,
963 2017 1057 2052 quae
1089 2007 1197 2041 nobis
1237 2008 1277 2041 in
1309 2010 1369 2043 via
1402 2015 1627 2051 occurreret,

202 2057 263 2090 uia
286 2055 417 2089 Attilas
453 2055 499 2088 ad
529 2053 759 2087 venationem
783 2053 822 2086 in
839 2053 1079 2087 Romanorum
1114 2055 1204 2087 fines
1239 2055 1439 2100 transgredi
1467 2057 1624 2090 volebat.

205 2113 309 2137 evera
322 2106 443 2135 autem
454 2101 593 2134 bellum
614 2105 738 2133 contra
751 2100 928 2133 Romanos
946 2101 1098 2144 paravit,
1111 2101 1213 2134 cuius
1232 2101 1381 2146 gerendi
1398 2104 1626 2138 occasionem

173 2148 361 2190 sumebat,
393 2147 493 2194 quod
524 2147 731 2192 transfugae
759 2157 835 2179 non
859 2145 1108 2180 redderentur.
1159 2147 1388 2183 Transmisso
1421 2151 1534 2191 Istro,
1562 2161 1623 2184 se-

171 2197 363 2242 ptuaginta
385 2195 459 2229 fere
485 2193 685 2228 stadiorum
706 2194 777 2227 iter
806 2204 886 2225 cum
900 2193 1064 2227 barbaris
1092 2195 1229 2227 emensi
1254 2195 1293 2228 in
1318 2206 1442 2241 campo
1462 2190 1622 2243 q‘uodam

173 2241 372 2276 subsistere
394 2242 509 2275 coacti
530 2251 652 2274 sumus
666 2265 677 2281 ‚
702 2241 882 2283 tantisper
908 2238 992 2272 dum
1008 2239 1156 2273 Edecon
1174 2241 1324 2275 Attilam
1347 2243 1462 2276 nostri
1483 2242 1622 2278 adven-

172 2293 232 2322 tus
254 2290 444 2324 certiorem
475 2287 634 2328 faceret,
658 2286 890 2320 manentibus
910 2287 1051 2320 interea
1073 2286 1262 2321 nobiscum
1282 2299 1326 2321 ex
1347 2288 1532 2331 barbaris,
1556 2292 1623 2336 qui

171 2346 240 2370 nos
257 2341 359 2370 erant
377 2334 576 2368 deducturi.
629 2333 732 2367 Circa
758 2343 945 2377 vesperam
969 2333 1075 2366 nobis
1108 2335 1368 2377 coenantibus,
1393 2337 1540 2370 auditus
1565 2343 1622 2372 est

173 2384 346 2428 strepitus
383 2392 558 2428 equorum
589 2379 636 2412 ad
662 2391 729 2413 nos
760 2380 996 2414 venientium.
1052 2381 1098 2414 Et
1128 2379 1200 2414 duo
1227 2382 1297 2414 viri
1325 2382 1478 2426 Scythae
1507 2385 1619 2418 adve-

170 2434 325 2470 nerunt,
349 2428 414 2474 qui
437 2439 503 2462 nos
529 2424 576 2460 ad
599 2427 750 2460 Attilam
780 2426 905 2460 venire
942 2427 1136 2461 iusserunt.
1182 2427 1297 2462 Nobis
1318 2440 1402 2463 vero
1429 2430 1530 2476 prius
1555 2442 1617 2464 eos

171 2475 219 2508 ad
236 2486 385 2509 coenam
411 2473 582 2508 accedere
609 2473 833 2518 rogantibus,
860 2472 905 2506 de
925 2474 1028 2519 equis
1063 2473 1320 2509 descendentes
1358 2487 1430 2511 una
1454 2478 1616 2512 convivi..

171 2533 235 2555 um
264 2522 447 2563 inierunt,
473 2526 511 2555 et
536 2520 712 2568 postridie
736 2521 831 2552 viam
855 2526 1071 2564 praeeuntes
1093 2519 1397 2558 demonstrarunt.
1448 2524 1530 2568 Qua
1555 2525 1615 2558 die

169 2568 262 2602 hora
283 2568 358 2602 fere
376 2579 473 2601 nona
493 2566 539 2600 ad
554 2567 688 2601 Attilae
708 2568 867 2600 tentoria
889 2567 1134 2611 pervenimus:
1159 2580 1241 2602 nam
1270 2574 1373 2603 erant
1392 2571 1426 2603 ei
1446 2571 1614 2615 plurima.

169 2616 218 2649 Et
234 2626 315 2648 cum
334 2615 372 2648 in
394 2615 487 2648 colle
503 2613 662 2660 quodam
693 2613 851 2647 tentoria
878 2613 986 2657 figere
1004 2614 1176 2648 vellemus
1190 2641 1199 2655 ,
1224 2615 1325 2649 obvii
1353 2616 1498 2650 barbari
1527 2628 1615 2662 pro-—

170 2661 390 2702 hibuerunt,
437 2661 608 2707 quoniam
645 2660 780 2694 Attilae
814 2660 1012 2693 tentorium
1044 2667 1140 2695 esset
1173 2662 1212 2695 in
1256 2663 1411 2707 planitie
1442 2665 1613 2707 positum.

172 2707 419 2754 Quamobrem
472 2706 518 2741 ad
557 2707 796 2742 barbarorum
834 2706 1026 2740 arbitrium
1064 2708 1185 2741 locum
1219 2710 1372 2743 tentorii
1412 2710 1615 2744 collocandi

174 2755 345 2801 cepimus.
392 2754 472 2790 Huc
495 2753 660 2797 Edecon,
694 2754 859 2797 Orestes,
890 2752 1012 2791 scotta
1038 2758 1075 2790 et
1105 2755 1172 2792 alii.
1194 2765 1239 2790 ex
1271 2755 1412 2804 Scythis
1436 2757 1612 2804 primores
