1924 3164
477 499 587 540 ΕΚ
646 496 826 538 ΤΗΣ
886 493 1370 537 ΙΣΤΟΡΙΑΣ

311 598 846 659 MAAXOY
919 593 1534 653 ΡΗΤΟΡΟΣ

625 705 1232 756 ΦΙΛΑΛΕΛΦΕΩΣ

292 826 619 870 ΕΚΛΟΓΑΙ
654 825 843 866 ΠΕΡΙ
876 820 1275 865 ΠΡΕΣΒΕΩΝ
1311 819 1561 866 ΕΘΝΩΝ.
1633 864 1636 877 ,

573 924 792 960 ΠΡΟΣ
835 922 1269 957 ΡΩΜΑιοτΣ.

616 1077 726 1118 EX.
782 1073 1247 1116 HISTORIA

267 1176 789 1241 MALCHI
866 1172 1578 1237 RHETORIS

542 1296 1302 1348 PHILADELPHENSIS

229 1405 583 1450 EXCERPTA
628 1406 713 1448 DE
747 1402 1268 1444 LEGATIONIBUS
1297 1401 1612 1442 GENTIUM

658 1497 691 1534 Δ
713 1497 746 1531 D
794 1498 826 1532 R
851 1497 883 1531 Ο
907 1496 947 1530 M
970 1497 1001 1531 A
1026 1497 1059 1530 N
1082 1496 1113 1531 Ο
1143 1496 1177 1530 S.

749 1719 1096 1756 ARGUMENTUM.

282 1818 503 1851 Amor-cesus
526 1815 748 1858 Byzantium
771 1822 926 1848 vocatus
950 1824 975 1846 a
1010 1813 1131 1847 Leone
1155 1811 1318 1846 Arabiae
1341 1812 1446 1857 parti
1466 1811 1649 1858 praefici-

191 1872 253 1897 tur
275 1863 338 1908 (ι).
388 1861 688 1901 ΊΙιειιιΙενίοΙιιιε,
721 1859 968 1906 Arcadiopoli
995 1860 1037 1892 in
1063 1857 1289 1892 deditionem
1315 1867 1494 1903 accepta,
1518 1869 1647 1902 pacem

190 1918 225 1944 et
237 1908 377 1955 findas
402 1921 482 1943 cum
508 1909 628 1943 Leone
653 1908 839 1951 componit
862 1907 926 1951 (2).
978 1904 1146 1938 Odoacer
1168 1912 1205 1938 et
1223 1906 1370 1949 Nepos,
1397 1903 1648 1947 legationibus

190 1955 316 1990 eodem
342 1964 501 2001 tempore
526 1954 747 1998 Byzantium
771 1954 915 1991 missis,
951 1952 1117 1984 Zenonis
1149 1952 1354 1983 amicitiam
1380 1951 1545 1983 ambiunt
1576 1951 1640 1994 (3).

190 2004 323 2047 Legati
351 2001 594 2036 Theuderichi
615 2001 792 2034 tributum
820 2010 843 2031 a
868 1999 1043 2032 Romanis
1062 2004 1226 2041 petentes
1263 2009 1342 2030 cum
1377 1996 1642 2040 indignatione

191 2051 430 2083 remittuntur·
441 2049 504 2093 (4).
554 2046 788 2082 ΗοηονίσῘιυε
813 2047 955 2090 legatos
979 2041 1022 2076 de
1046 2054 1140 2088 pace
1165 2044 1280 2075 mittit
1300 2041 1353 2075 ad
1374 2044 1560 2077 Zenonem
1578 2043 1642 2085 (5).

195 2097 355 2141 Utroque
368 2094 621 2129 Theudericho
635 2092 792 2137 foedere
816 2093 916 2124 inter
937 2101 976 2123 se
999 2090 1230 2129 coniunctis,
1257 2091 1360 2124 Zeno
1383 2089 1516 2124 bellum
1542 2090 1643 2123 acri-

192 2151 249 2177 ter·
273 2150 406 2178 contra
430 2154 492 2177 eos
515 2149 718 2186 susceptum
743 2139 846 2173 brevi
870 2138 1006 2172 omittit
1028 2137 1091 2182 (6).

303 2349 355 2395 α’.
387 2327 515 2395 “On
556 2352 602 2393 ἕν
627 2352 685 2408 τῷ
721 2345 1054 2406 ἑπτακαιδεκάτῳ
1091 2344 1175 2389 ἔτει
1201 2347 1276 2401 τῆς
1302 2346 1519 2400 βασιλείας
1548 2347 1807 2404 Λέ-Α.(3.473

196 2431 310 2465 onoc
334 2418 411 2458 τοῦ
439 2418 671 2471 Μακέλλη,
701 2414 869 2457 πάντων
897 2410 1164 2468 πανταχόθεν
1181 2412 1443 2467 τεταράχθαι
1462 2404 1725 2484 &cmiv-¹39¹

194 2498 299 2536 των,
327 2483 570 2538 ἀφικνεῖταί
590 2499 655 2533 τις
680 2484 764 2524 τῶν
792 2482 992 2536 σκηνιτῶν
1019 2477 1225 2535 Ἀράβων,
1254 2475 1326 2527 οὓς
1351 2476 1530 2519 καλοῦσι
1548 2479 1635 2518 Σα-
1679 2453 1741 2485 '6²

293 2657 322 2679 ι.
370 2612 556 2689 Septimo
581 2645 722 2679 decimo
754 2643 900 2688 imperii
933 2642 1064 2676 Leonis
1086 2642 1232 2675 Macelli
1265 2651 1381 2679 anno,
1405 2651 1486 2673 cum
1511 2641 1637 2683 ingens

198 2690 362 2737 undique
385 2703 505 2727 rerum
527 2692 755 2736 perturbatio
790 2702 867 2723 esse
892 2690 1094 2729 videretur,
1130 2688 1278 2722 advenit
1304 2686 1453 2733 quidam
1476 2686 1636 2719 Arabum

198 2738 435 2782 scenitarum,
468 2751 559 2787 quos
582 2744 712 2775 vocant
736 2738 950 2779 Saracenos,
986 2735 1149 2772 sacculos
1183 2746 1320 2778 eorum,
1347 2732 1411 2781 qui
1433 2737 1518 2766 sunt
1540 2732 1639 2778 apud
