1924 3164
558 171 592 211 E
628 162 916 211 MENANnm
950 161 1226 208 ms'romA.
1510 144 1641 218 409>-

173 256 263 327 ὶῗμα
290 263 338 315 >,ἓν
365 277 452 323 τοῖς
484 268 628 320 αῧτοῖς
656 272 833 326 χωριόις
852 302 864 321 ,
894 269 941 311 ἓν
970 267 1207 318 αὐταῖς-ὦς
1233 267 1364 309 etum
1395 269 1490 316 ταῖς
1527 265 1632 322 ἧμέ-
1644 265 1824 311 A·C·573

171 356 270 396 ραις
300 341 484 392 πολέμου
515 354 561 382 τε
590 335 665 380 καί
685 338 880 390 ’ταραχῆς
908 338 981 378 καί
998 335 1189 378 σπονδῶν
1207 329 1452 388 συγχύσεως
1481 312 1801 396 αἴτιονῆἒῗξὲέἑι

171 407 321 450 ’τοῦτον
353 403 403 460 δὴ
423 400 498 448 οὖν
517 403 593 447 τὸν
611 399 804 462 Μεβιόᾷη
823 402 1127 456 βουλευμάτων
1146 416 1192 443 τε
1211 396 1449 461 ἡγούμενον
1466 402 1539 443 καὶ
1557 400 1636 442 τοῦ

172 470 327 521 παντὸς
355 469 507 526 ἔχοντα
533 471 658 525 κῦρος
688 468 865 517 ὁπλίσας
893 469 1115 521 ἐξέπεμψε·
1145 464 1251 523 πρός
1278 481 1324 521 γε
1351 465 1426 508 καὶ
1452 465 1637 522 Σαπαὶην

144 527 247 580 ὄτὸν
277 536 558 592 Μεαιράνου,
589 532 744 591 ἀνδρὸς
774 534 848 576 οὐκ
878 534 1075 588 ἀγεννοῦς
1103 529 1433 588 ἆπενεγκοίμενον
1461 530 1603 585 δόξαν.

284 603 352 660 ιη’.
397 601 490 646 (Ότι
516 602 539 644 ὅ
573 602 766 657 Τιβέριος
794 602 868 642 καί
895 598 1037 655 ἔτερόν
1061 617 1104 642 τι
1131 602 1391 656 προστίθησι
1425 602 1486 658 τῷ
1515 597 1692 642 (ἡδο-Ἀ.
1714 602 1832 650 C.579

170 671 333 728 γμένῳ,
362 669 436 711 καί
461 670 505 717 ἐς
543 666 596 710 τὰ
637 664 826 721 μάλιστα
861 668 949 724 θεῷ
976 663 1304 721 κεχαρισμένον.
1337 663 1530 716 πολλοὺς·
1550 665 1604 722 yn}
1643 650 1778 732 Issidljgff
1790 708 1811 731 2

172 738 259 779 τῶν
303 734 421 792 παρὰ
460 734 696 787 “Ρωμαίοις
736 730 1003 789 ὁόρυκτήτων
1049 733 1258 787 Περσῶν,
1298 729 1487 786 μάλιστα
1533 731 1636 783 τούς
1763 726 1772 736 ’

173 804 220 845 ἐν
263 802 374 844 τὲλει
401 834 413 857 ,
469 795 530 843 ιῖν
583 799 690 843 ἔνιοι
737 798 811 840 καὶ
857 801 915 856 τῷ
961 798 1165 856 βασιλείῳ
1214 799 1326 853 γένει
1381 800 1635 855 ξυνημμένοι

124 863 304 925 ιοῆσαν,
334 866 489 910 ἔστειλε
518 864 695 923 Χοσρόῃ
736 864 1052 922 δωροφορήσας.
1101 861 1194 907 εἶτα
1230 865 1435 921 πρέσβεις·
1468 865 1543 908 ἐπὶ
1575 867 1636 923 τῷ

118 936 313 994 ῳτοιῷὸε
357 935 567 988 ἐξέπεμψε
612 934 840 988 Ζαχαρίαν
889 947 934 974 τε
975 926 1109 981 αὖθις
1132 965 1146 985 ‚
1184 929 1256 973 τὸν
1292 933 1505 985 βασίλειον
1566 933 1635 974 ιά-

168 1000 274 1059 τρὸν
288 1035 302 1056 ‚
337 998 412 1044 ἅτε
435 999 636 1050 πολλάκις
662 995 977 1056 χρησιμώτατοί»
1005 1013 1052 1041 τε
1079 996 1154 1040 καί
1189 997 1460 1040 εὔνούστατα-
1480 1000 1641 1054 ἔξυπηι

171 1064 451 1124 ρετησάμενον
477 1072 573 1116 ταῖς
603 1065 711 1117 κατὰ
741 1063 815 1109 τὸν
842 1064 1023 1118 πόλεμον
1048 1066 1196 1107 τοῦτον
1223 1065 1489 1120 πρεσβείαις.
1535 1065 1634 1107 τοῦ-

170 1149 244 1177 τον
273 1133 325 1189 δη
367 1128 442 1176 οὖν
477 1130 553 1176 τὸν
580 1127 717 1188 ἄνδρα
745 1134 799 1189 τῇ
836 1131 1036 1189 λεγομένῃ
1065 1129 1148 1172 «ind
1178 1130 1379 1185 ἐπάρχων
1406 1131 1500 1189 ἀξία
1539 1132 1634 1173 δια-

126 1200 395 1256 ιὸκοσμήσας
424 1199 716 1255 ἐχειροτόνησε
752 1199 827 1240 καί
861 1197 1016 1253 πάλιν,
1056 1195 1132 1239 καὶ
1167 1195 1217 1253 δι)
1266 1196 1632 1251 πρεσβευσάμενον

174 1268 366 1324 ἀφῆκεν,
403 1262 472 1309 οἷα
502 1265 554 1321 δὴ
595 1269 671 1307 καί
696 1264 834 1307 αὐτοῦ
864 1265 1092 1320 Ζαχαρίου
1121 1261 1198 1318 τὴν
1223 1264 1453 1318 πρεσβείαν
1480 1262 1756 1319 ταύτηνΡ.ι67

171 1335 367 1388 γενέσθαι
407 1330 745 1387 ξυνωθήσαντος·
792 1329 872 1373 σύν
910 1331 970 1388 τῷ
1008 1332 1085 1372 καί
1128 1326 1350 1385 Θεόδωρόν
1388 1346 1510 1383 τινα,
1559 1329 1640 1372 ἕνα

169 1400 256 1441 τῶν
281 1400 508 1452 βασιλείων
535 1394 873 1453 μαχαιροφόρων
889 1430 901 1450 ,
946 1398 1112 1450 α’ξίωμα
1142 1395 1217 1437 καὶ
1253 1394 1372 1453 αὐτῷ
1400 1397 1638 1452 στρατηγοῦ

171 1463 376 1519 περιθείς.
411 1461 550 1506 τούτω
577 1461 635 1505 τώ
665 1459 793 1518 ἄνδρε
821 1463 1170 1518 πρεσβευσομένω
1199 1461 1434 1516 α’πονείμας
1461 1459 1638 1519 Χοσρόῃ

120 1532 443 1584 Ξοὲξέπεμψεν,
473 1527 636 1586 ἔγραψέ
662 1545 709 1571 τε
735 1529 960 1579 ἐπιεικείας
987 1527 1177 1572 α’νάπλεα
1206 1527 1386 1585 ῥήματα.
1416 1527 1439 1569 ὅ
1464 1529 1511 1569 δὲ
1537 1528 1636 1578 νοῦς

174 1598 250 1651 τῆς
277 1598 512 1650 ἐπιστολῆς·
539 1593 653 1650 „syci
691 1596 765 1637 καί
799 1591 1010 1649 βούλομαι
1046 1592 1123 1650 τήν
1163 1593 1332 1650 εἰρήνην
1371 1592 1446 1635 καὶ
1473 1591 1545 1636 &a
1587 1591 1636 1637 τὰ
1672 1622 1675 1623 ⁷

175 1663 404 1705 θεόσδοτον
429 1657 562 1704 οὖσαν
590 1661 848 1716 ἀσπάζομαι·
875 1660 951 1703 καῖ
976 1657 1117 1718 ὥσπερ
1147 1658 1278 1718 φύσει
1311 1661 1395 1704 τινί
1429 1657 1644 1716 προσιζά*

171 1745 236 1772 νει
273 1744 347 1782 μοι
389 1725 445 1770 τὰ
487 1730 562 1784 τῆς
603 1729 770 1784 φιλίας,
795 1728 931 1781 ὑμῶν.
967 1728 1194 1784 τοιγαροῦν
1226 1726 1402 1782 ἑτοίμως
1440 1725 1527 1782 ἔχω
1564 1727 1639 1782 τῆς

266 1816 526 1905 ζ’ὶπαιριῖνης
548 1829 656 1866 supra
681 1818 887 1865 appellatus
923 1822 981 1852 est
1011 1828 1047 1864 p.
1073 1819 1153 1866 329.
1180 1818 1204 1851 1.
1234 1819 1267 1853 8.
1410 1828 1467 1857 2²·
1492 1822 1639 1862 προσι-

288 1875 375 1900 (woh
397 1875 444 1898 vu
462 1877 494 1910 g.

178 1968 260 1991 rum
292 1962 420 1991 auctor
447 1961 552 1990 esset.
602 1957 637 1990 Is
663 1960 741 1992 erat
764 1955 967 1998 Mebodes,
1001 1955 1075 1990 dux
1100 1959 1138 1989 et
1173 1959 1301 1995 auctor
1322 1956 1487 1988 omnium
1513 1965 1642 1990 eorum

177 2003 425 2039 consiliorum.
474 2005 599 2044 Hunc,
624 2005 688 2049 qui
716 2015 890 2037 summam
917 2005 1081 2037 omnium
1108 2013 1231 2035 rerum
1254 2001 1410 2035 haberet
1438 2003 1640 2036 auctorita-

178 2058 277 2093 tem,
303 2063 382 2084 cum
409 2051 571 2084 exercitu
594 2051 718 2090 misit,
755 2056 792 2083 et
817 2062 888 2083 una
913 2062 994 2083 cum
1022 2049 1103 2094 ipso
1129 2050 1285 2094 Sapoem
1308 2050 1520 2091 Meaeraui,
1552 2049 1640 2091 viri,

180 2100 246 2146 qui
270 2109 435 2143 magnam
458 2099 604 2131 virtutis
628 2097 775 2130 laudem
800 2103 1069 2141 reportaverat,
1095 2097 1222 2130 filium.

279 2148 329 2181 18.
382 2145 555 2179 Tiberius
581 2143 725 2178 addidit
750 2143 895 2177 decreto
922 2143 1023 2177 aliud
1049 2143 1118 2177 deo
1149 2142 1306 2176 maxime
1330 2147 1482 2187 gratum.
1536 2142 1640 2176 Mul-

178 2197 237 2227 tos
263 2192 361 2226 enim
389 2194 507 2226 Persas
533 2193 774 2225 Romanorum
799 2191 979 2234 captivos,
1017 2191 1211 2235 praecipue
1244 2201 1288 2223 ex
1318 2190 1502 2234 primariis
1525 2189 1640 2230 viris,

182 2251 339 2284 quorum
373 2250 526 2272 numero
565 2244 669 2271 erant
701 2238 871 2272 nonnulli
907 2249 952 2270 ex
990 2237 1091 2282 regio
1127 2247 1258 2281 genere
1293 2238 1377 2278 orti,
1403 2236 1500 2270 dono
1533 2235 1640 2271 dedit

181 2286 348 2320 Chosro‘i.
399 2286 541 2320 Deinde
570 2286 708 2330 legatos
732 2285 776 2318 ad
802 2283 891 2318 haec
914 2285 1026 2324 misit,
1050 2286 1147 2318 inter
1171 2295 1232 2318 eos
1257 2283 1464 2317 Zachariam
1489 2283 1639 2324 iterum,

180 2334 320 2377 regium
347 2333 538 2366 medicum.
588 2332 657 2365 Hic
679 2332 800 2377 plures
822 2331 862 2365 ‘et
893 2330 1088 2365 admodum
1120 2331 1363 2365 Romanorum
1386 2331 1495 2365 rebus
1527 2331 1639 2364 utiles

179 2379 381 2425 legationes
408 2382 445 2413 in
485 2379 555 2412 hoc
588 2379 691 2414 hello
726 2380 873 2412 fecerat.
935 2379 1066 2423 Itaque
1088 2388 1181 2412 -eum
1211 2378 1259 2412 ad
1289 2378 1384 2412 hane
1413 2378 1638 2424 legationem

179 2427 382 2471 Imperator
407 2428 539 2471 elegit,
576 2431 613 2459 et
637 2426 814 2469 dignitate
843 2426 1046 2458 exconsulis
1079 2430 1246 2459 ornatum
1277 2426 1323 2460 ad
1354 2425 1458 2459 illam
1491 2424 1638 2459 obeun-

180 2472 262 2505 dam
288 2469 454 2514 dimisit,
489 2473 587 2519 quod
615 2479 652 2507 et
677 2475 756 2516 ipse
782 2471 969 2505 Zacharias
996 2472 1132 2518 legatos
1155 2472 1355 2506 mittendos
1385 2483 1484 2512 esse,
1518 2473 1638 2515 inpri-

176 2520 246 2553 mis
270 2520 530 2559 admonuerat,
559 2531 632 2553 una
657 2530 804 2566 quoque
831 2518 1065 2552 Theodorum
1103 2520 1287 2565 quendam
1323 2531 1369 2553 ex
1402 2518 1637 2563 Imperatoris

177 2567 423 2609 satellitibus,
457 2578 565 2613 quem
593 2566 638 2599 ad
663 2566 764 2599 ducis
793 2565 1007 2610 dignitatem
1036 2566 1179 2601 extulit.
1228 2567 1303 2600 Hos
1328 2566 1442 2611 igitur
1466 2565 1557 2598 duos
1583 2565 1641 2599 vi·-

178 2624 259 2652 ros,
286 2614 419 2658 quibus
446 2614 539 2647 hanc
561 2615 781 2658 legationem
807 2612 988 2653 attribuit,
1012 2613 1058 2647 ad
1083 2613 1292 2648 choesroen
1316 2614 1437 2654 misit,
1463 2612 1509 2645 ad
1530 2622 1642 2656 quem

178 2671 327 2705 quoque
352 2662 493 2695 litteras
518 2660 755 2693 humanitatis
778 2660 905 2704 plenas
930 2660 1087 2705 scripsit.
1111 2660 1301 2695 Sententia
1327 2660 1438 2694 huius
1458 2659 1643 2703 epistolae

178 2706 270 2740 haec
293 2707 368 2741 fere
394 2713 495 2742 erat:
525 2709 623 2751 „Ego
648 2717 774 2751 pacem
799 2712 908 2752 opto,
933 2711 1018 2741 eta
1041 2707 1110 2741 deo
1137 2707 1257 2741 datam
1283 2707 1363 2741 colo
1390 2712 1428 2740 et
1451 2711 1640 2752 tamquam

178 2753 523 2801 naturali‘quodam
550 2755 728 2790 instinctu
758 2753 806 2788 ad
829 2760 984 2790 vestram
1007 2755 1206 2790 amicitiam
1242 2755 1350 2791 feror.
1406 2754 1535 2800 Itaque
1564 2763 1634 2799 pa-
