1924 3164
388 192 442 231 m
480 189 762 233 ExcERPTA
799 180 872 232 1513
895 177 1319 235 ‘LEGAnonus
1451 173 1566 250 547

126 290 255 330 Totus
284 291 348 330 hic
376 291 487 331 loeus
513 293 682 344 pessime
710 300 894 345 aceeptus
923 300 982 332 est
1009 294 1061 333 ab
1089 289 1328 349 Interprete‚
1357 307 1478 349 quem
1498 310 1571 350 ego

123 347 183 385 sie
215 347 482 399 interpretor:
525 347 665 386 Petrus
704 356 840 386 contra
874 349 1098 402 respondit:
1132 350 1190 388 Id
1224 351 1381 406 quidem
1411 352 1573 390 minime

122 402 307 453 contigit,
349 410 560 456 propterea
600 403 708 457 quod
736 400 865 441 Suani
892 417 919 441 a
943 404 1054 442 nobis
1091 419 1170 443 non
1198 405 1422 457 defecerant
1435 436 1446 453 ‚
1485 420 1573 445 cum

132 455 231 493 Lazz'
257 455 366 495 nobis
397 458 601 495 serm'rent.
666 456 759 495 Hoc
785 459 906 509 ligitur
923 456 1101 511 cfffi'rmo,
1123 472 1472 499 servasservorum
1498 474 1577 500 no·-

122 518 294 549 *scr-orum
320 512 480 549 minime
508 525 534 549 a
562 511 670 549 nobis
698 512 894 563 desecasse-

242 566 346 618 Pag.
387 565 474 619 147.
502 565 551 604 C.
580 566 690 618 [573‚
730 565 810 618 13.]
842 560 957 616 ὅμως
990 565 1027 605 δ’
1051 558 1127 606 οὖν
1146 567 1342 608 ἐπίστατο
1365 567 1575 622 Πέρσαις.

125 618 269 658 Scribe
307 620 542 660 ἐσπείσατο.
603 619 713 658 Haec
747 619 892 673 legatio
923 621 1036 660 Petri
1065 623 1228 661 Patricii
1255 623 1476 677 foedusque
1495 626 1579 663 Ro-

131 681 346 713 manorum
385 689 478 713 cum
509 675 640 712 Persis
678 676 891 728 contigisse
920 675 1080 715 Videtur
1104 692 1210 716 anno
1236 678 1304 717 56.
1334 680 1577 729 Iustiniani,

128 736 177 767 ut
213 744 258 768 ex
279 731 361 782 ipso
386 729 608 768 Menandro
636 728 821 782 colligere
846 737 926 769 est:
958 733 1027 783 qui
1055 746 1094 784 p.
1119 731 1208 783 145.
1238 740 1276 771 et
1305 731 1396 784 146.
1425 733 1581 784 scribit,

131 783 268 822 decem
301 798 426 823 annos
457 791 554 823 tunc
579 786 850 837 praeteriisse,
894 799 940 823 ex
969 799 1050 838 quo
1072 787 1268 826 Chosro’es
1289 788 1480 826 Suaniam
1512 803 1583 827 oc-

130 845 364 892 cupaverat.
422 840 614 877 Suaniam
643 853 765 892 porro
792 848 980 892 ceperant
1006 841 1153 880 Persae
1184 856 1291 880 anno
1317 842 1359 880 6.
1389 850 1481 895 post
1499 842 1585 882 foe-

133 893 210 932 dus
238 893 537 946 quinquen-nale
571 895 716 932 initum
753 909 846 933 cum
875 895 1010 934 Persis
1028 924 1039 944 ‚
1079 903 1124 934 ut
1151 896 1267 935 docet
1292 897 1515 949 Procopius
1539 898 1584 936 in

130 947 204 986 lib.
231 950 273 999 4.
303 949 446 998 Goth„
482 949 522 987 id
544 957 601 988 est
637 963 743 987 anno
768 949 834 988 26.
865 949 1102 989 Iustiniani:
1136 953 1286 1004 quippe
1315 950 1455 990 foedus
1479 951 1584 990 illud

128 1003 433 1056 quinquennale
478 1018 569 1042 cum
596 1004 729 1042 Persis
760 1004 906 1042 initum
954 1005 1084 1043 fuerat
1118 1019 1224 1044 anno
1256 1020 1322 1045 20.
1349 1006 1582 1057 Iustiniani,

132 1059 477 1112 quemadmodum
502 1065 673 1097 testatur
702 1058 962 1097 Marcellinus
991 1060 1031 1097 in
1060 1059 1279 1100 Chronico.

245 1114 348 1165 Pag.
384 1111 471 1166 147.
502 1113 550 1152 C.
590 1113 704 1167 [3³72
744 1112 825 1167 ¹7·]
861 1112 1062 1152 κατέλυσε
1101 1111 1173 1154 τὸν
1196 1116 1305 1166 βίον.
1358 1115 1458 1154 Post
1486 1114 1586 1154 hace

133 1167 259 1206 verba
284 1167 519 1206 collocanda
544 1174 640 1207 sunt
672 1181 734 1220 ea,
762 1182 867 1221 quae
886 1167 1088 1208 habentur
1108 1183 1201 1223 pag.
1229 1185 1297 1225 99.
1326 1171 1371 1208 in
1395 1172 1458 1209 tit.
1487 1168 1588 1223 περὶ

127 1216 339 1274 Ἀβάρων
366 1230 442 1261 etc.

244 1277 347 1329 Pag.
365 1291 454 1316 100.
474 1276 522 1314 A.
539 1274 660 1330 [283,
683 1273 740 1328 2.]
776 1272 799 1314 ὅ
819 1272 900 1329 γὰρ
919 1276 1101 1330 ἔσφρθγα
1123 1274 1162 1316 οἱ
1179 1275 1224 1317 τὸ
1245 1277 1385 1328 σῶμα.
1411 1276 1554 1317 Scribe
1572 1291 1586 1317 =

136 1328 162 1369 ὅ
196 1330 392 1382 Κανὸῗὶχ,
427 1331 575 1370 αότίκα
630 1329 702 1383 (ου’
721 1326 797 1382 γὰρ
835 1330 1018 1383 ἐσφρίγα
1050 1339 1126 1371 ete.
1155 1339 1195 1370 et
1221 1340 1312 1385 post
1352 1346 1491 1371 vocem
1511 1331 1589 1387 ῥᾳ·

135 1381 373 1438 θυμότερον
433 1385 656 1424 claudenda
692 1392 750 1423 est
787 1386 1063 1438 parenthesis).
1135 1386 1246 1425 Idem
1275 1386 1325 1426 de
1366 1388 1588 1426 Iustiniana

135 1441 276 1479 scribit
304 1440 496 1493 Agathias
519 1441 559 1478 in
588 1439 692 1478 libro
722 1438 777 1487 5.,
809 1439 926 1478 illum
952 1441 1124 1491 scilicet,
1158 1444 1225 1494 qui
1257 1442 1353 1480 olim
1378 1441 1591 1480 bellicosis·

137 1497 263 1534 simus
289 1495 444 1545 fuerat,
474 1502 513 1534 et
544 1495 613 1547 qui
640 1494 817 1532 Africam
846 1503 967 1548 atque
996 1496 1151 1534 Italiam
1192 1496 1426 1549 subegerat,
1454 1497 1590 1548 ingra-

135 1557 322 1588 vescente
349 1557 479 1589 aetate
506 1549 700 1602 paulatim
724 1548 948 1589 emollitum
974 1549 1119 1590 fuisse:
1148 1551 1248 1589 adeo
1277 1558 1322 1589 ut
1347 1550 1510 1589 bellicos
1529 1550 1590 1588 la-

138 1604 256 1643 bores
300 1605 517 1644 formidare
559 1605 778 1643 videretur.
850 1605 1029 1643 Proinde
1068 1605 1110 1644 id
1141 1607 1275 1658 potius
1304 1603 1512 1653 studebat,
1544 1611 1592 1643 ut

137 1659 333 1698 barbaros
361 1661 464 1698 iuter
505 1673 545 1697 se
572 1661 860 1706 committeret,
904 1660 1322 1712 donisqueinterdum>
1333 1674 1473 1713 pacem
1495 1659 1590 1698 red·

140 1715 299 1752 imeret.
353 1714 627 1764 Quamobrem
666 1713 838 1765 legiones
867 1714 1049 1755 imminui
1081 1729 1129 1752 ac
1154 1714 1285 1753 delabi
1306 1717 1504 1767 patienter
1531 1710 1590 1752 fess
1603 1719 1638 1755 P.
1663 1719 1736 1754 ’,ιδ

146 1769 261 1807 rebat
280 1798 292 1817 ‚
322 1769 489 1821 perinde
519 1782 565 1806 ae
588 1769 620 1806 si
653 1768 755 1806 nulli
776 1767 961 1820 deinceps
991 1770 1081 1806 usui
1106 1769 1262 1806 t'uturae
1290 1776 1434 1807 essent.
1491 1767 1594 1807 Nam

83 1838 86 1840 “
141 1837 240 1862 cum
262 1825 472 1862 universae
514 1823 671 1874 imperii
704 1823 876 1860 Romani
904 1823 1045 1874 copiae
1082 1821 1178 1872 645.
1204 1822 1380 1860 militum
1414 1822 1594 1861 millibus

146 1885 330 1916 constare
366 1878 620 1926 debuissent,
650 1891 764 1930 aegre
790 1883 878 1914 tum
894 1878 1084 1929 temporis
1109 1876 1198 1915 150.
1227 1874 1405 1915 millibus
1433 1884 1595 1915 consta-

142 1932 259 1971 bant.
316 1933 376 1971 Ita
405 1932 522 1971 valde
552 1933 702 1970 accisae
734 1939 774 1970 et
805 1932 1041 1970 imminutae
1078 1939 1194 1970 erant
1225 1932 1500 1969 Romanorum
1523 1946 1594 1970 co-

145 1991 237 2041 piae
276 1988 474 2040 Principis
510 1985 776 2040 negligentia,
822 2000 901 2039 qua
938 2000 1029 2024 mox
1059 1987 1132 2038 ipsi
1157 1986 1353 2024 Praefecti
1385 1984 1595 2024 Praetorio

146 2043 264 2082 abusi
291 2041 341 2080 ad
380 2049 564 2095 quaestus
586 2041 792 2094 proprios,
834 2041 980 2093 partim
1019 2040 1214 2093 stipendIO
1233 2041 1402 2079 militem
1434 2040 1596 2080 frauda-

146 2098 248 2137 bant
264 2127 275 2148 ‚
304 2099 450 2150 partim
480 2098 604 2136 serius
631 2094 925 2148 persolvebant.
981 2095 1092 2133 Haec
1120 2095 1328 2148 Agathias.

261 2153 365 2205 Pag.
400 2166 488 2190 100.
522 2152 567 2189 B.
597 2150 710 2204 [283‚
747 2149 823 2203 11.]
862 2147 914 2188 οὕ
940 2146 1022 2200 γὰρ
1054 2149 1192 2203 πολλῷ
1226 2145 1417 2199 ὕστερον»
1486 2148 1595 2189 Haeo

148 2208 282 2260 prima
302 2207 444 2260 legatio
473 2206 655 2245 Avarum
678 2204 1065 2256 Constantinopolim
1102 2205 1285 2243 introisse
1312 2204 1461 2242 dicitur
1487 2218 1595 2243 anno

153 2264 220 2302 50.
249 2263 458 2301 Iustiniani
491 2262 532 2298 in
552 2261 655 2299 libro
690 2259 750 2298 16.
765 2259 954 2297 historiae
981 2258 1197 2297 Miscellae.
1253 2260 1495 2297 Iustinianus
1522 2274 1595 2303 au-

153 2324 235 2356 tem
263 2331 285 2356 e
313 2318 395 2356 vita
416 2317 581 2354 decessit
608 2329 714 2353 anno
732 2313 798 2365 40.
827 2315 999 2366 imperii.
1055 2314 1133 2352 Sed
1159 2314 1198 2351 in
1225 2312 1391 2352 historia
1415 2313 1596 2352 Miscella

152 2386 310 2410 annum
337 2372 456 2410 huius
478 2371 684 2423 legationis
703 2368 899 2408 Avaricae
920 2367 1023 2406 male
1043 2369 1234 2420 assignari
1260 2370 1462 2407 existimo:
1495 2380 1596 2420 qua-

156 2440 202 2465 re
229 2428 363 2479 potius
393 2427 584 2465 assentior
609 2425 765 2463 Victori
787 2424 1047 2470 Tuuunensi,
1078 2424 1148 2475 qui
1179 2423 1220 2461 id
1248 2423 1370 2461 refert
1392 2437 1499 2461 anno
1528 2423 1597 2462 36.

159 2482 396 2531 Iustiniani3
441 2481 574 2519 eodem
605 2493 709 2518 αηηο
722 2509 732 2526 ,
777 2479 907 2530 inquit
920 2504 932 2526 -‚
974 2478 1213 2516 Imtiniamzs
1235 2478 1425 2532 Princeps
1449 2479 1596 2529 legatos

158 2535 401 2586 Abammm‚
425 2536 526 2574 unde
543 2543 752 2581 venerant,
769 2534 883 2584 facit
900 2533 997 2584 (sic).
1056 2533 1174 2582 Quae
1194 2539 1326 2570 tamen
1349 2533 1472 2571 verba
1492 2532 1595 2570 rese-

159 2591 286 2629 renda
314 2591 446 2642 potius
472 2597 564 2629 sunt
588 2589 638 2628 ad
662 2588 877 2628 secundam
909 2587 1093 2626 Abarum
1115 2586 1380 2640 legationem,
1428 2587 1479 2624 de
1515 2598 1596 2638 qua

161 2646 384 2684 Menander
409 2659 501 2698 pag.
529 2658 617 2683 101.
647 2643 700 2681 A.

273 2699 375 2752 Pag.
410 2714 497 2739 100.
530 2701 575 2738 B.
605 2697 722 2752 [283,
759 2695 836 2750 ¹9·]
882 2696 964 2735 τῶν
985 2694 1214 2748 βασιλικῶν
1242 2691 1598 2747 μαχαιροφόρων.

164 2754 385 2794 Menander
414 2755 527 2794 initio
565 2753 657 2792 libri
671 2751 710 2791 S.
753 2752 802 2790 de
834 2751 973 2790 eodem
996 2751 1209 2791 Valentino
1238 2750 1406 2802 loquens
1421 2778 1433 2801 ,
1465 2742 1525 2795 εἷς
1549 2747 1596 2787 δὲ
