1924 3164
568 179 602 218 E
641 178 927 220 MENANDm
957 176 1233 220 rnsromA.
1517 160 1632 217 365

177 296 285 332 σας,
325 278 431 333 μετὰ
471 281 609 323 ταῦτα
649 282 778 337 ἐπέβη
808 283 881 337 τῆς
908 285 1108 338 Περσῶν.
1147 283 1239 324 ’καί
1264 282 1309 325 ἐν
1334 281 1476 324 τοῖσδε
1503 283 1635 338 πέρας
1650 289 1688 323 A.
1703 288 1741 324 C.
1757 291 1828 327 562

177 344 345 402 εἰλήφει
373 344 426 388 τὰ
455 348 540 389 τῶν
567 349 798 402 ξυνθηκῶν.
847 345 930 404 πρὸ
960 349 1007 389 δὲ
1035 346 1087 404 δὴ
1118 350 1193 404 τῆς
1220 345 1532 404 ἀναχωρήσεως
1556 337 1840 420 τῶνῗὲῗὶίζῖϋδ

178 414 423 467 πρέσβεων,
455 415 803 469 παραγενομένων
829 415 955 456 τινῶν
983 417 1172 470 Περσῶν
1199 415 1259 465 εἷς
1285 413 1334 457 τὸ
1362 413 1536 470 Δάρας,
1578 413 1642 466 οἷς

178 477 226 519 τὸ
254 476 416 521 τοιόνδε
444 480 490 520 ἐν
518 479 734 536 φροντίσιν
760 478 974 535 ὑπῆρχεν,
1020 477 1111 534 ἅμα
1147 482 1274 532 ἐνίοις
1307 482 1394 524 τῶν
1422 477 1672 537 ἓρμηνέωνΒ

152 545 256 591 5καί
301 550 389 596 τοῖς
424 546 508 587 τῶν
546 543 808 599 πλαστίγγων
839 545 1112 598 ἐπιστάταις,
1142 544 1396 603 ἀπεκατέστη
1423 553 1511 597 τοῖς
1538 550 1637 604 περὶ

177 609 249 652 τὸν
276 609 363 665 Ζίχ
387 609 441 654 τοὶ
465 607 720 668 ὄφειλόμενα
740 610 947 666 χρήματα
973 613 1056 655 τῶν
1081 611 1112 664 ζ’
1143 615 1369 667 ἐνιαυτῶν,
1396 615 1465 671 ἐφ’
1504 609 1568 664 οἷς
1595 614 1644 657 αἱ

179 671 386 733 ’ξυνθῆκαι
430 679 656 733 προῆλθον.
711 676 771 727 ῶς
809 679 858 719 δὲ
885 680 1058 733 Πέτρος
1099 679 1274 736 α’φίκετο
1317 679 1426 737 πρὸς
1463 682 1646 735 βασιλέα

180 746 367 799 Περσῶν
394 744 440 786 ἐν
457 745 515 802 τῷ
532 745 930 802 προσαγορευομένῳ
952 747 1204 801 Βιθαρμαῒς
1217 778 1230 800 ,
1261 745 1647 803 διαλεχθησόμενός

92 866 93 869 ¹
181 808 223 852 οἷ
265 811 365 867 περὶ
399 811 612 860 Σουανιάς
628 844 641 864 ,
682 811 726 860 ἐς
763 810 818 853 τὰ
857 813 1055 865 βασίλεια
1094 811 1331 868 προελθών
1355 811 1492 865 ἔλεξεν
1542 809 1643 857 ὧδε·

126 872 389 932 ιο,,ἦκομεν,
430 871 467 919 ῶ
495 878 676 930 βασιλεῦ’
687 910 701 930 ,
731 875 847 932 παρὰ
877 878 950 931 σὲ,
980 877 1028 919 τό
1055 881 1137 932 μὲν
1163 880 1208 921 ἐν
1235 882 1394 939 βεβαιῖρ
1422 880 1500 936 τῆν
1529 878 1642 937 εἰρή-

181 958 256 998 νην
284 940 398 996 ἔχειν
424 940 733 999 εὐτυχήσαντες
759 939 861 1000 ἤδη,
905 942 950 986 τὸ
978 946 1025 987 δὲ
1054 947 1129 987 καί
1155 944 1239 1000 ὄψὲ
1266 947 1371 1001 γοῦν
1398 947 1643 1002 τευξόμενοι

179 1010 264 1051 τῶν
292 1011 562 1066 δικαιοτέρων
588 1008 707 1066 παρα
736 1012 818 1052 σοῦ
843 1008 903 1066 μή
934 1006 1236 1067 ἇχθησόμενοι.
1269 1012 1292 1055 ὃ
1320 1011 1402 1070 γὰρ
1430 1012 1477 1056 τὸ
1506 1013 1648 1070 παρὸν

181 1070 235 1116 εὖ
264 1076 429 1124 διαθείς
456 1075 530 1117 καί
555 1074 810 1131 σχεδιάσας,
839 1075 897 1126 ῶς
933 1078 1086 1131 εἰπεῖν,
1126 1076 1174 1120 τὸ
1206 1085 1400 1122 συνοῖσον
1427 1082 1519 1130 πῶς
1545 1081 1649 1136 οὖχί

179 1144 264 1184 τῶν
297 1140 539 1194 μελλόντων
571 1142 887 1199 προμηθεύεται
930 1146 1071 1202 πολλῷ
1096 1146 1156 1203 τῷ
1184 1143 1408 1204 διαφόρῳ,
1453 1146 1688 1196 nawense>

134 1206 259 1253 ι5κάἰ
279 1205 420 1267 χρόνῳ
449 1210 508 1266 τῷ
534 1211 715 1262 πλείονι,·
759 1210 959 1264 μεγίστου
1001 1212 1146 1253 τοίνυν
1173 1212 1336 1267 πέφυκε
1361 1214 1571 1265 βασιλέως
1598 1212 1647 1255 τὸ

185 1272 397 1317 δύνασθαι
423 1276 504 1328 μὲν
530 1277 656 1333 πλέον
682 1273 814 1329 ἔχειν,
858 1274 919 1331 μὴ
950 1273 1184 1330 βούλεσθαι
1210 1278 1280 1319 δέ·
1326 1276 1374 1320 τὸ
1401 1276 1484 1334 γὰρ
1514 1276 1647 1334 ὕπερ-

183 1341 338 1396 βάλλον
374 1345 450 1397 τῆς
476 1339 624 1396 ἰσχύος
654 1343 700 1384 ἐν
724 1338 916 1398 σώφρονι
939 1342 1164 1394 κολάζεται
1193 1345 1393 1402 λογισμῷ.
1446 1344 1542 1387 ὲπεί
1562 1340 1647 1387 οὖν

183 1407 234 1450 τὸ
266 1409 358 1460 ζέον
395 1410 472 1450 τοῦ
505 1409 690 1462 πολέμου
731 1409 1010 1462 κατέσβεσται
1036 1409 1115 1451 νῦν
1146 1408 1250 1465 ἡμῖν
1275 1412 1350 1452 καί
1375 1407 1518 1466 ῶσπερ
1548 1412 1648 1454 α’νε-

183 1471 439 1529 πνεύσαμεν,
468 1469 528 1524 εἷς
548 1476 596 1517 δὲ
622 1473 747 1529 μόνος
774 1474 1046 1516 ὑπολείπεται
1072 1474 1275 1532 σπινθὴρ,
1307 1476 1443 1533 (φημί
1468 1478 1515 1520 δὲ
1526 1493 1648 1520 σπιν-

128 1544 303 1598 αοθῆρα
341 1544 481 1584 κακῶν
514 1539 590 1597 τήν
621 1543 855 1595 Σουανίαν,
896 1542 1157 1583 ἄπειλοῧσαν
1183 1539 1286 1597 ἡμῖν
1327 1541 1530 1599 μεγίστην
1557 1542 1649 1586 ἐσε-

183 1611 290 1651 σθαι
326 1609 577 1661 δυσμενείας
614 1606 910 1664 ἐμπύρωσιν,)
954 1609 1081 1662 γενοῦ
1119 1607 1296 1662 κώλυμα
1337 1611 1443 1651 τῶν,
1467 1611 1649 1664 δεινῶν,

183 1673 259 1717 καὶ
282 1672 640 1728 προκατᾰπαυσον
666 1673 766 1729 ἡμῖν
793 1675 944 1716 ἐλπίδα
973 1675 1056 1715 τῶν
1084 1675 1238 1716 κακῶν.
1287 1675 1334 1717 ἐν
1356 1675 1428 1717 σοι’
1451 1674 1534 1732 γὰρ
1564 1679 1648 1719 τῶν

278 1749 312 1782 6.
325 1747 379 1803 χαἱ
403 1749 588 1788 ξυνθῆκαι
619 1749 686 1789 Η.,
719 1747 865 1788 ἐξυνθῆ·
888 1749 952 1781 καὶ
974 1749 1071 1793 vulg.
1166 1761 1200 1795 9.
1227 1750 1419 1788 Σουανίας
1444 1756 1483 1785 et
1505 1751 1649 1798 προελ-

280 1797 366 1829 θων
385 1795 452 1836 Η.,
477 1794 657 1832 Σουάνας
681 1799 719 1829 et
741 1796 948 1841 προελθεῖν
972 1796 1066 1839 vulg.
1630 1809 1635 1814 ·

190 1863 257 1894 ret.
285 1851 382 1892 ⁸Nec
418 1858 535 1891 multo
574 1863 659 1902 post
694 1858 774 1892 illic
798 1857 918 1891 adhuc
953 1857 1182 1903 Epiphaniae
1218 1858 1352 1893 festum
1375 1860 1523 1893 solenni
1547 1871 1650 1894 more

181 1905 413 1940 celebravit:
461 1904 596 1938 deinde
629 1903 677 1937 ad
703 1905 824 1938 Persas
854 1904 1040 1949 profectus
1074 1909 1140 1938 est.
1198 1904 1245 1938 Et
1279 1906 1332 1939 sic
1365 1906 1514 1951 quidem
1546 1908 1650 1953 pacis

190 1954 391 1986 transactio
418 1951 465 1986 ad
489 1953 600 1984 finem
622 1951 797 1997 perducta
815 1957 879 1984 est.
911 1952 1006 1984 Ante
1033 1950 1300 1996 profectionem
1324 1953 1539 1998 legatorum,
1567 1965 1651 1988 cum

191 2006 239 2034 ex
263 2000 378 2034 Persis
411 1999 464 2039 hi,
490 1998 627 2044 quibus
661 2009 703 2031 ea
737 2009 793 2032 res
818 2009 924 2031 curae
953 2003 1049 2040 erat,
1090 1997 1139 2030 ad
1167 1998 1282 2031 Daras
1315 2001 1548 2035 accessissent
1574 2013 1651 2035 una

191 2057 276 2079 cum
300 2046 564 2092 interpretibus
593 2050 630 2078 et
662 2046 731 2085 iis,
775 2045 840 2090 qui
879 2045 1037 2078 trutinas
1078 2043 1317 2087 adferebant,
1357 2053 1651 2092 repraesentatae

191 2100 280 2128 sunt
315 2106 411 2142 quae
446 2093 553 2127 Zieho
585 2104 652 2138 pro
692 2097 832 2136 septem
857 2102 1035 2125 annorum
1067 2092 1310 2137 pensionibus
1335 2094 1537 2138 promissae
1561 2095 1648 2130 fue-

193 2147 276 2175 rant
300 2141 488 2187 pecuniae.
537 2141 662 2174 Petrus
687 2150 772 2173 vero
798 2139 845 2172 ad
869 2149 988 2183 regem
1014 2138 1202 2172 Persarum
1221 2141 1374 2174 accessit
1397 2140 1437 2174 in
1460 2141 1556 2183 loco,
1581 2142 1647 2189 qui

182 2188 409 2222 rBitharmais
433 2188 664 2234 appellatur,
697 2192 739 2220 nt
763 2186 810 2220 de
836 2186 972 2219 Suania
997 2197 1078 2219 cum
1103 2186 1170 2219 illo
1194 2192 1338 2231 ageret,
1376 2193 1415 2222 et
1437 2187 1478 2221 in
1510 2189 1649 2235 regiam

195 2234 424 2270 introductus
449 2237 502 2269 sic
525 2235 667 2268 locutus
693 2239 773 2267 est:
806 2232 1020 2274 ‚‚Venimus,
1068 2243 1090 2265 o
1117 2243 1193 2276 rex,
1217 2233 1265 2266 ad
1287 2238 1346 2274 te,
1377 2245 1491 2280 quum
1518 2247 1650 2282 magna

196 2292 242 2314 ex
267 2289 371 2327 parte
396 2284 494 2328 pacis
518 2281 738 2314 beneficium
767 2282 842 2314 iam
867 2279 991 2324 adepti
1027 2280 1160 2320 simus,
1192 2284 1234 2313 ut
1257 2281 1297 2314 in
1321 2281 1476 2328 reliquis
1500 2293 1652 2330 quoque

196 2332 359 2375 quamvis
385 2341 466 2364 sero
491 2330 671 2364 iustitiam
695 2339 716 2361 a
742 2333 778 2361 te
804 2329 1062 2374 impetremus;
1089 2338 1158 2361 nec
1181 2337 1248 2361 nos
1273 2327 1467 2373 deceptum
1492 2329 1541 2362 iri
1568 2340 1654 2376 spe·-

195 2387 330 2411 ramus.
377 2378 470 2411 Nam
494 2378 559 2421 qui
582 2380 811 2421 praesentem
836 2386 955 2408 rerum
982 2379 1116 2407 statum
1146 2378 1244 2408 recte
1268 2375 1496 2420 composuit,
1530 2381 1569 2410 et
1591 2378 1654 2410 in-

195 2426 330 2457 stantia
354 2425 542 2468 commoda
567 2424 750 2468 respexit,
776 2427 914 2468 quanto
939 2421 1052 2466 magis
1077 2421 1108 2454 is
1134 2421 1266 2455 suturis
1290 2421 1524 2466 providebit,
1563 2424 1653 2469 quia

197 2475 236 2503 et
265 2470 495 2505 diuturniora
538 2469 651 2504 sunt?
698 2469 821 2515 Magni
864 2468 956 2514 regis
995 2472 1051 2500 est
1081 2478 1189 2512 posse
1221 2468 1369 2514 quidem
1394 2469 1479 2514 plus
1500 2469 1653 2511 habere,

196 2517 261 2551 sed
285 2519 397 2552 nolle.
447 2517 636 2564 Quicquid
660 2517 757 2550 enim
782 2516 972 2561 potentiae
994 2520 1162 2560 superat,
1201 2515 1396 2550 cohibetur
1432 2522 1470 2550 et
1493 2517 1654 2563 compri-

196 2565 310 2598 mitur
339 2565 514 2610 prudenti
551 2565 803 2599 moderatione
873 2564 1002 2608 Itaque
1037 2573 1118 2596 cum
1156 2563 1300 2596 fervens
1338 2561 1432 2597 belli
1464 2564 1562 2598 inter
1585 2574 1653 2598 nos

198 2611 307 2645 ardor
339 2613 412 2646 iam
446 2612 674 2646 deferbuerit
706 2617 744 2645 et
774 2610 1046 2656 quodammodo
1085 2609 1328 2654 respiremus,
1379 2621 1453 2644 una
1490 2611 1654 2644 scintilla

199 2659 327 2693 relicta
354 2665 432 2693 est:
480 2660 653 2693 Suaniam
681 2658 764 2692 dico
789 2657 986 2691 scintillam
1012 2656 1190 2690 malorum
1206 2682 1216 2698 ‚
1242 2668 1335 2702 quae
1359 2658 1521 2691 minatur
1544 2657 1655 2691 nobis

200 2706 398 2740 maximum
430 2706 710 2749 inimi-citiarum
743 2704 956 2738 incendium
1017 2703 1073 2737 Sis
1110 2704 1222 2748 igitur
1255 2703 1445 2738 obstaculo
1472 2709 1510 2738 et
1532 2704 1656 2751 impe-

200 2753 367 2788 dimento
393 2754 611 2799 gravissimis
637 2755 703 2800 qui
739 2751 957 2800 impendent
989 2750 1157 2794 casibus,
1197 2755 1236 2785 et
1266 2751 1451 2797 restingue
1474 2750 1654 2786 malorum
