1924 3164
316 103 387 159 88
883 99 1162 166 rxcEnPTA

185 229 300 277 Rassf,
315 224 450 278 ἕτερος
491 223 599 265 αὐτὰ
635 221 812 280 γράφειν
863 222 1001 272 ἱκανός
1033 225 1146 277 ἐστι,
1189 223 1400 277 θαυμάζω
1444 219 1573 267 αῧτόν
1603 222 1731 280 ἔγωγε
1741 257 1755 278 ,

299 290 390 338 'nal
426 290 616 346 ἀνδρεῖος
651 290 955 345 ἀποφαινέσθω
993 305 1067 342 μοι
1091 291 1163 345 τῆς
1191 288 1450 340 ἀνεξικακίας
1475 287 1616 347 χάριν.
1664 291 1756 333 ἀλλ’

316 352 426 403 εἰκὸς
451 356 529 408 μὲν
555 354 655 403 τοὺς
682 353 735 395 τοὶ
764 350 1040 411 ἀκριβέστερα
1074 354 1323 412 γράψαντας
1349 353 1456 398 κατὰ
1478 353 1657 411 χρόνους
1682 360 1759 400 καί

317 417 422 462 κατὰ
469 415 627 475 ἄνδρας
675 421 1058 474 προσποιουμένους
1102 421 1305 478 ἀσφαλῶς
1354 437 1397 463 τι
1430 422 1590 475 λέγειν,
1635 420 1678 471 ἔς
1710 439 1757 466 τε

314 483 444 541 χάριν
481 487 554 527 καί
592 484 825 538 ἀπέχθειαν
867 482 956 538 ἅμα
992 488 1136 543 φέρειν
1171 485 1250 542 την
1285 483 1556 543 συγγραφήν·
1613 488 1672 545 τῷ
1710 489 1782 531 6ὲό

313 554 452 592 ταῦτα
480 549 685 607 γράφοντι
714 551 766 591 ου’
795 549 896 606 πρὸς
923 554 1059 594 ταῦτα
1087 551 1237 610 ἔφερεν
1263 550 1289 608 ἦ
1319 550 1442 605 ὁδὸς,
1478 548 1570 594 ἀλλ’
1596 551 1654 601 ὥς
1681 549 1758 606 ὅ,τι

316 614 499 670 μάλιστα
528 613 751 672 ἀνατρέχοι
787 616 862 658 καί
886 617 1119 673 στηρίζοιτο
1148 617 1254 676 πρὸς
1281 618 1511 674 ἀλήθειαν.
1562 617 1653 660 ἐπεὶ
1687 616 1762 660 καὶ

315 680 422 722 κατὰ
451 680 601 723 τούσδε
628 680 726 730 τούς
752 681 932 738 χρόνους
960 678 1112 738 ἤκουον
1138 683 1213 726 καί
1238 681 1623 739 συνεπυνθανόμην,
1651 682 1708 733 ὥς
1735 681 1760 724 ὅ

317 748 433 788 δεῖνα
451 747 524 788 καί
542 744 564 787 ὅ
586 748 699 789 δεῖνα
719 745 955 804 γράφουσιν
971 748 1174 805 ἱστορίαν·
1202 747 1277 798 οὓς
1304 745 1384 804 ἐγώ
1406 744 1457 790 01³5
1475 764 1515 802 τι
1534 746 1759 804 νεμεσητὸν

319 814 452 866 λέγω,
495 809 597 867 ἀλλὰ
633 812 869 866 ἐπίσταμαί
888 829 934 868 γε
963 816 1114 870 σαφῶς
1155 809 1312 871 ἄνδρας
1350 812 1591 870 ἀγερώχους
1616 829 1661 856 τε
1687 813 1814 858 analio

319 879 548 932 σκιρτῶνας
586 877 659 919 καί
685 878 886 933 ἀληθείας
923 871 1122 921 τοσοῦτον
1159 877 1474 936 ἀφεστηκότας,
1515 875 1615 922 ὅσον
1642 878 1762 929 ἐντὸς

323 939 431 984 εἶναι
469 943 724 998 ἀναγωγίας.
779 944 853 986 καί
878 940 953 986 οὒκ
982 945 1154 996 ἐκείνοις
1188 945 1437 1002 μέμφομαι,
1490 948 1566 1000 τῆς
1603 946 1650 987 δὲ
1686 944 1762 987 οἷν-

174 1010 535 1064 (Ζοιῑὸοθρωπίνης
571 1007 830 1065 κρίσεως.τό
869 1012 964 1053 λίαν
991 1011 1167 1067 ἀκρατὲς
1197 1013 1271 1052 καί
1306 1007 1531 1066 ὄλισθηρόν
1559 1009 1762 1064 καταμέμ-

322 1089 482 1131 φομαι,
537 1071 605 1116 ὅτι
635 1072 882 1130 θελγόμενοι
917 1078 990 1119 καί
1017 1075 1413 1132 καταγοητευόμενοι
1452 1074 1499 1118 τὸ
1540 1077 1635 1116 καθ’
1665 1074 1762 1116 ἕκα-

322 1155 441 1192 στον,
500 1135 554 1183 ἂν
582 1139 796 1199 ’ὀνόματος
836 1144 1010 1200 μνησθῇ
1038 1159 1099 1192 τις
1136 1142 1332 1198 περιττοῦ
1370 1141 1443 1184 καί
1475 1146 1560 1190 τοῖς
1596 1144 1814 1190 πολλοῖςι5

318 1201 554 1261 γνωρίμου,
593 1207 671 1248 καί
694 1222 738 1248 τι
768 1209 852 1249 τῶν
883 1209 981 1263 περὶ
1010 1207 1086 1263 τὴν
1124 1207 1258 1263 αὐλὴν
1284 1208 1363 1262 τὴν
1392 1204 1612 1261 βασιλικήν
1641 1206 1762 1262 ἀκρι-

318 1272 517 1325 βέστερον
561 1269 844 1328 ὑπορύξαντες
884 1273 1146 1327 ἐξενέγκωσιν
1169 1274 1228 1322 εἰς
1253 1271 1353 1323 τούς
1381 1270 1581 1325 πολλοὺς,
1622 1270 1694 1314 τόν
1716 1286 1762 1313 τε

319 1335 629 1391 κροτοθόρυβον
662 1335 833 1391 ἔχουσιν
862 1337 918 1387 ὥς
947 1337 1088 1393 ἀληθῆ
1114 1340 1298 1393 λέγοντες
1327 1337 1399 1380 καὶ
1428 1336 1562 1379 πάντα
1594 1336 1765 1389 εἰδότες,

320 1402 395 1441 καί
434 1400 564 1451 πολύς
598 1403 696 1456 περὶ
738 1398 895 1451 αὐτοὺς
937 1403 961 1443 ὅ
997 1405 1187 1446 συνθέων
1221 1399 1390 1457 ὅμιλος,
1445 1403 1762 1458 μαρτυροῦντες

319 1465 478 1524 ῥᾳδίως
495 1499 508 1518 ,
528 1463 592 1508 ὅτι
619 1469 755 1509 ταῦτα
784 1465 918 1518 οὕτως
941 1466 1043 1523 ἔχει,
1083 1469 1155 1511 καί
1181 1467 1258 1525 τὴν
1285 1469 1440 1526 ἀρετὴν
1472 1470 1547 1524 τῆς
1574 1478 1812 1523 συγγρα-αο

321 1532 406 1588 φῆς
446 1528 505 1582 εἰς
563 1529 655 1574 τόδε
713 1533 1049 1588 συμβιασάμενοι
1085 1535 1160 1576 καί
1207 1535 1541 1587 κατατείναντες,
1585 1533 1643 1583 ὥς
1677 1527 1762 1588 ἄρα

292 1597 437 1652 -ι-τοῦτο
462 1598 507 1646 ἐς
535 1597 727 1653 αἰθέριον
762 1595 835 1641 καί
863 1599 1170 1656 οὐρανόμηκες,
1201 1597 1301 1656 ὅπερ
1333 1596 1459 1642 aizoi
1479 1598 1549 1641 διὰ
1573 1600 1668 1653 βίου
1698 1614 1763 1641 τι-

317 1658 372 1703 νά
400 1660 726 1717 χλιδ“ὴν“ὶ’ὃωσι
749 1666 823 1705 καί
852 1664 1063 1720 ἁπλότητα
1089 1662 1346 1721 χαυνότερον
1380 1666 1673 1717 ἐπαινοῦντες,
1715 1665 1761 1714 ἒς

318 1725 363 1769 τὸ
391 1724 686 1781 πιστευόμενον
732 1730 805 1771 καί
829 1722 1021 1785 δημώδες
1050 1730 1280 1785 συνάγουσι
1309 1731 1383 1772 καὶ
1418 1726 1754 1785 καταβιάζονται,

411 1840 443 1873 9.
470 1827 518 1862 οὔ
541 1840 578 1862 τι
613 1829 757 1871 Maius,
788 1826 876 1864 οὖσι
903 1830 980 1864 cod.
1053 1842 1108 1866 22.
1133 1829 1184 1879 ἐς]
1209 1830 1314 1867 ἐστὶν
1339 1831 1431 1867 coni.
1455 1829 1498 1863 N.

321 1936 422 1959 suam
445 1926 660 1971 patientiam
688 1927 792 1960 fortis
817 1927 1013 1963 videbitur.
1039 1926 1111 1963 Sed
1125 1927 1299 1965 nimirum
1316 1940 1381 1974 par
1403 1927 1492 1969 fuit,
1518 1936 1592 1968 eos,
1617 1927 1680 1974 qui
1703 1936 1761 1960 ao-

322 1974 479 2005 curatius
505 1973 550 2005 de
576 1974 800 2018 temporibus
825 1980 863 2009 et
886 1975 931 2008 de
954 1974 1164 2009 hominibus
1188 1982 1358 2020 egerunt,
1394 1979 1436 2008 ut
1458 1975 1606 2018 impune
1638 1972 1760 2007 dicere

320 2024 480 2065 possent,
494 2020 539 2054 ad
557 2021 706 2064 gratiam
732 2025 768 2053 et
792 2020 916 2055 odium
940 2020 1128 2055 historiam
1149 2033 1249 2056 suam
1269 2022 1405 2067 pariter
1421 2020 1573 2054 flexisse.
1605 2019 1762 2054 Verum-

321 2073 442 2099 tamen
468 2067 510 2106 is,
535 2067 600 2112 qui
623 2066 713 2100 haec
740 2068 878 2109 scribit,
910 2068 1087 2102 diversam
1111 2068 1218 2114 plane
1238 2069 1334 2103 viam
1356 2067 1502 2109 institit,
1530 2065 1699 2112 nihilque
1723 2065 1761 2099 ei

322 2112 509 2157 antiquius
535 2113 617 2154 fuit,
641 2125 750 2158 quam
773 2118 814 2146 ut
836 2115 1025 2148 veritatem
1060 2119 1271 2169 sequeretur
1301 2120 1339 2149 et
1372 2115 1609 2148 confirmaret.
1665 2113 1760 2147 Sane

324 2163 362 2191 et
384 2158 452 2191 hac
476 2163 690 2204 tempestate
712 2159 821 2194 audio
840 2171 860 2192 a
882 2161 1069 2195 nonnullis
1087 2161 1275 2195 historiam
1300 2159 1426 2194 scribi:
1450 2171 1542 2207 quos
1565 2169 1629 2204 ego
1647 2156 1760 2204 (nihil

324 2204 586 2237 stomachosius
612 2206 750 2250 dicam)
775 2212 812 2240 et
837 2213 1024 2252 protervos
1049 2207 1214 2242 homines
1238 2218 1315 2241 esse
1338 2207 1425 2242 novi
1449 2213 1487 2241 et
1508 2205 1758 2247 lascivientes,

312 2254 536 2295 tantumque
562 2262 583 2283 a
606 2253 759 2286 veritate
783 2259 960 2296 remotos,
985 2259 1161 2299 quantum
1185 2255 1352 2288 inscitiae
1380 2254 1573 2298 proximo&
1629 2250 1758 2297 Neque

326 2307 392 2340 ego
425 2297 507 2329 illos
532 2309 678 2341 accuso;
713 2298 776 2331 sed
807 2300 914 2342 illam⁸
940 2311 1015 2332 non
1047 2302 1123 2335 fero
1154 2300 1305 2333 humani
1336 2299 1466 2334 iudicii
1498 2296 1692 2332 libidinem
1715 2308 1759 2331 ac

323 2343 606 2387 proclivitatem,
630 2357 700 2390 qua
722 2347 895 2390 pei-mulsi
919 2351 1030 2392 atque
1066 2346 1208 2392 decepti
1240 2346 1350 2380 simul
1384 2357 1426 2380 ac
1449 2356 1582 2379 nomen
1605 2344 1759 2391 aliquod

323 2389 435 2434 paulo
456 2389 633 2423 illustrius
658 2392 823 2426 insonuit
842 2393 1042 2438 multisque
1069 2390 1338 2439 famigeratum,
1362 2398 1439 2426 tum
1460 2391 1582 2437 siquid
1607 2401 1651 2423 ex
1674 2391 1759 2424 aula

325 2435 423 2479 regia
447 2437 646 2469 accuratius
677 2439 850 2480 eruerint,
875 2439 915 2473 id
939 2441 1110 2473 continuo
1133 2440 1173 2473 in
1196 2440 1321 2484 vulgus
1346 2438 1539 2479 differunt,
1565 2441 1602 2471 et
1626 2444 1757 2481 magno

325 2482 479 2526 strepitu
504 2492 542 2515 se
566 2483 721 2524 iactant,
759 2487 861 2529 quasi
894 2496 977 2519 vera
1009 2491 1158 2520 narrent
1189 2491 1228 2519 et
1255 2486 1377 2520 omnia
1407 2485 1539 2518 norint.
1598 2482 1758 2518 Plurima

325 2539 409 2561 vero
433 2529 525 2561 circa
542 2527 607 2561 hos
632 2529 738 2562 turba
757 2531 944 2565 hominum
968 2537 1148 2574 versatur,
1173 2533 1237 2578 qui
1259 2533 1366 2566 facile
1386 2531 1490 2566 <lictis
1508 2529 1756 2564 testimonium

327 2573 436 2616 ‹lant3
487 2574 597 2620 uique
622 2574 796 2610 historiae
821 2579 992 2613 virtutem
1016 2580 1058 2612 inv
1089 2578 1158 2613 hoc
1179 2580 1270 2612 verti
1302 2588 1418 2625 eoque
1451 2577 1566 2621 redigi
1602 2580 1755 2620 putant,

327 2625 369 2653 ut
393 2586 486 2654 illud
508 2621 696 2654 mirificum
721 2633 761 2655 ac
783 2624 939 2658 coeleste
965 2635 1041 2659 esse
1065 2625 1222 2666 dicatur,
1244 2625 1342 2671 quod
1363 2623 1435 2669 ipsi
1459 2634 1524 2668 pro
1550 2623 1645 2658 vitae
1669 2632 1755 2655 suae

327 2667 480 2702 mollitia
505 2677 547 2701 ac
569 2666 668 2703 sutili
694 2669 927 2716 simplicitate
963 2671 1114 2707 laudant
1147 2677 1257 2718 atque
1291 2671 1330 2706 in
1361 2669 1544 2717 publicam
1576 2667 1684 2704 fidem
1717 2668 1754 2706 vi

1908 244 1924 273 ,.”
1918 154 1924 235 ...ifl-
1910 0 1924 145 ...hau-au
