1924 3164
335 167 445 234 524
847 232 849 235 .
878 203 895 210 -=
914 181 1177 226 Pmscmm

333 291 376 329 Si
401 289 532 329 desint
542 287 728 335 imbress
754 299 836 326 nec.
850 278 1135 340 imquit-mpia
1156 288 1295 327 <vietus
1315 317 1327 338 ‚

337 345 600 407 Consiliisque
628 352 708 390 tuis
738 364 1098 405 servamur-saepe
1117 357 1308 405 paternis.

338 423 568 474 Aegyptum
595 425 743 471 septem
773 418 828 456 sic
856 423 991 456 servat
1006 417 1207 471 'losiphus
1228 433 1379 470 annos,

339 486 432 533 Ille,
457 484 668 539 pudicitiae
702 484 849 522 meruit
868 484 939 536 qui
964 483 1094 522 sidera
1120 484 1225 522 fama
1243 513 1255 534 ‚

341 552 466 591 Cuius
498 549 672 603 placavit
700 550 892 602 sapientia
916 549 1093 589 numinis
1124 551 1227 599 iras,

341 615 589 669 Memphitae
624 615 727 666 regis
753 614 911 653 solvens
933 615 1129 654 insomnia
1150 617 1268 653 mira.

342 682 499 720 Horrea
516 694 612 720 nam
640 682 792 734 primus
822 679 904 719 Nili
929 687 1202 720 construxerat
1230 683 1334 728 oris,

341 749 517 786 Luxurie
545 746 763 800 prohibens
783 746 902 785 urbes
934 754 1150 799 cautusque
1177 746 1327 798 futuri,

342 813 477 866 Atque
502 812 650 851 famem
671 812 803 865 potuit
824 811 962 851 divina
987 812 1147 851 vincere
1171 826 1282 852 cura.

458 880 536 918 Per
560 885 600 917 te
622 877 762 917 seditio
784 879 940 931 penitus
968 877 1124 918 deletur
1145 878 1196 917 ab
1227 878 1327 917 urbe
1338 910 1351 930 ‚

346 947 546 985 Innocuos
577 944 749 997 spolians
777 944 852 983 sub
878 951 1004 983 terras
1030 944 1112 983 sole
1139 950 1324 984 retracto.

348 1013 454 1051 Nam
480 1012 588 1049 cives
619 1010 761 1050 mediis
795 1009 1013 1049 caedebant
1041 1010 1252 1049 moenibus
1283 1024 1373 1049 ense
1392 1040 1403 1059 ‚

349 1076 592 1115 Bacchantes
618 1075 788 1114 stimulis
810 1076 894 1113 vini
913 1104 925 1125 ,
956 1074 1179 1128 plausuque
1204 1075 1415 1115 frementes
1431 1105 1442 1125 ‚

348 1144 404 1182 Et
422 1141 556 1195 spoliis
580 1142 688 1194 pacis
716 1140 931 1194 gaudentes
954 1147 1072 1179 nocte
1098 1141 1260 1193 paratis.

340 1209 440 1261 'lpse
468 1214 580 1246 vetas
601 1205 743 1258 ludos,
773 1207 998 1245 animarum
1028 1206 1197 1253 damna,
1228 1205 1439 1254 nefandos,

352 1273 487 1326 Atque
511 1271 734 1325 voluptates
756 1271 944 1325 prohibes
972 1286 995 1310 a
1016 1273 1208 1325 sanguine
1230 1273 1333 1310 sumi
1356 1302 1366 1320 ‚

349 1338 536 1392 Corporis
561 1344 601 1377 et
625 1351 744 1377 causa
770 1336 955 1390 pascendi
982 1337 1149 1389 perdere
1189 1338 1343 1389 vitam3

354 1405 562 1444 Humanos
591 1416 730 1442 arcens
751 1402 918 1448 lacerari
939 1402 1127 1442 dentibus
1153 1410 1264 1442 artus
1281 1432 1293 1452 ,

340 1471 552 1510 'Dentibus
567 1499 579 1520 ‚
609 1475 789 1507 armatur
807 1468 938 1508 rabies
959 1468 1106 1521 quibus
1132 1475 1220 1507 atra
1246 1468 1435 1506 serarum.

355 1538 411 1580 Et
434 1549 625 1589 superans
652 1548 790 1573 omnes
811 1535 956 1574 mentis
976 1535 1153 1572 novitate
1172 1533 1367 1586 benignae
1381 1562 1393 1583 ‚

358 1600 516 1640 Sufficis
540 1599 650 1638 haud
686 1599 819 1638 animo
838 1589 1020 1652 =cupienti
1047 1599 1257 1638 commoda
1276 1599 1429 1637 cunctis

357 1667 514 1719 Largiri
528 1696 538 1712 ,
566 1665 750 1718 quamvis
773 1678 987 1703 numerum
1017 1665 1217 1704 vincentia
1236 1664 1360 1702 donas
1377 1693 1389 1714 ‚

360 1734 561 1786 Ingenuos
582 1730 763 1769 relevans
778 1760 790 1781 ‚
820 1729 976 1769 occulte
998 1744 1165 1782 munera
1185 1736 1403 1783 praestans.

360 1798 546 1849 Namque
565 1796 676 1848 cupis
704 1796 846 1849 Superi
869 1803 910 1834 te
938 1797 1047 1834 cerni
1075 1795 1226 1834 lumine
1255 1794 1339 1834 solo
1361 1810 1372 1844 ς

362 1862 628 1915 Corrupitque
649 1868 765 1900 tuum
785 1875 867 1900 non
889 1861 972 1900 ulla
991 1861 1177 1914 superbia
1199 1868 1336 1914 pectus
1350 1890 1362 1911 ‚

364 1927 627 1979 Affectusque
651 1926 779 1965 honos
815 1927 980 1965 minime
1003 1927 1163 1966 fortuna
1186 1927 1366 1966 novavit.

362 1994 418 2033 Et
444 1994 706 2045 quicumque,
743 1994 853 2045 prius
881 2006 1041 2046 caperes
1072 2006 1192 2045 quam
1217 1999 1370 2044 sceptra
1399 1998 1580 2043 rogatus,

365 2057 545 2097 offendit
567 2059 753 2110 propriae
782 2064 997 2096 temeratus
1021 2058 1186 2096 crimine
1207 2056 1346 2110 culpae
1363 2085 1374 2107 ‚

365 2122 513 2164 Felicis
534 2112 686 2161 domini
710 2123 857 2161 fruitur
884 2137 992 2161 nunc
1021 2130 1201 2175 tempore
1227 2122 1357 2172 laeto,

364 2189 550 2229 Praemia
581 2202 656 2242 pro
676 2189 815 2241 poenis
847 2190 1014 2241 speratis
1040 2202 1195 2226 sumere
1219 2188 1384 2226 mirans.

369 2255 519 2292 Omnia
548 2254 618 2293 sed
639 2261 798 2307 superat
813 2283 824 2305 ‚
853 2254 1042 2306 Princeps
1056 2282 1067 2303 .,
1096 2253 1307 2306 praeconia
1338 2259 1468 2293 vestra

365 2319 626 2371 Propositum
653 2321 828 2373 sapiens,
851 2333 932 2372 quo
957 2319 1056 2360 fidos
1076 2318 1186 2371 eligis
1216 2318 1330 2357 aulae

369 2384 583 2432 Custodes,
619 2399 690 2437 per
715 2398 815 2437 quos
843 2385 1024 2424 Romana
1052 2386 1229 2437 potentia
1258 2390 1406 2423 crescat
1419 2412 1430 2429 ‚

365 2450 421 2489 Et
452 2463 559 2501 quo,
593 2449 721 2488 Roma
740 2457 856 2489 vetus
889 2450 996 2489 misit
1019 2463 1278 2503 quoscunque
1294 2479 1305 2501 ‚
1341 2449 1510 2502 benigne

372 2515 577 2554 Sustentas
592 2543 604 2566 ,
635 2516 742 2554 omni
767 2517 922 2569 penitus
942 2517 1095 2555 ratione
1118 2515 1288 2555 fovendo
1302 2545 1312 2564 ‚

370 2579 567 2620 Provehis
593 2586 632 2618 et
661 2580 848 2632 gradibus
873 2580 1085 2634 praeclaris
1108 2581 1233 2620 laetus
1248 2580 1447 2620 honorum
1462 2607 1473 2629 ‚

374 2645 432 2684 Ne
453 2644 588 2683 damni
620 2647 769 2697 patriae
798 2661 932 2686 sensus
959 2643 1108 2685 flantv'e
1143 2646 1313 2689 dolores.

374 2709 597 2756 Fortunam
627 2724 750 2768 quare
782 2711 854 2752 tibi
883 2712 1028 2754 debent
1063 2719 1180 2764 atque
1205 2710 1399 2760 salutem,

1692 369 1772 396 210

1699 681 1778 723 215

1709 1023 1786 1048 220

1713 1333 1791 1373 225

1722 1677 1799 1701 2³0

1723 1990 1802 2028 23)

1727 2314 1807 2366 240

1730 2642 1811 2695 24⁴5
