1924 3164
320 152 391 225 74
753 179 755 182 ·
895 166 1175 209 EXCERPTA

426 268 476 312 λ’.
518 269 847 324 -Μεγαλόψυχον
900 268 981 323 γὰρ
1023 268 1096 311 καὶ
1131 271 1227 311 λίαν
1267 270 1452 320 θεοειδὲς
1489 270 1534 312 τό
1564 272 1636 314 καὶ
1673 275 1758 316 τῶν

318 337 464 380 αἰτίων
491 337 737 393 φείσασθαι,
766 333 842 376 οὐκ
869 331 949 386 ἔξω
978 335 1024 377 δὲ
1051 337 1125 390 τῆς
1147 335 1413 391 α’νθρωπίνης
1434 333 1604 393 φύσεως
1625 336 1672 380 τό
1694 338 1754 394 μὴ

192 401 389 444 nassum*
423 404 506 444 τῶν
551 401 766 442 ἀναιτίων.
833 397 879 442 τὸ
918 401 997 452 μὲν
1034 399 1115 456 γὰρ
1167 402 1280 451 ξένον
1314 402 1386 455 τῆς
1412 404 1616 458 τιμωρίας
1648 401 1756 470 λόγιρ

312 469 471 522 γίνεται
495 468 567 522 τῆς
600 461 762 520 ἆρχῆς,
805 464 876 508 ἵνα
918 463 1034 523 φόβῳ
1061 467 1286 522 συνέχηται
1312 461 1359 508 τὸ
1395 461 1651 522 ἀρχόμενον·
1705 483 1754 511 το

316 534 364 574 δὲ
402 528 675 587 ὑπεροπτικὸν
710 532 786 584 τῆς
823 527 1032 580 κολάσεως
1075 532 1127 573 δι’
1157 527 1310 587 οἷρετῆς
1339 529 1553 587 ὑπεροχήν
1578 533 1782 589 γι’νεται,5

316 598 374 648 ὥς
408 599 481 652 τῆς
535 596 753 650 βασιλικῆς
798 597 932 652 α’ρχῆς
973 595 1044 638 διὰ
1085 599 1263 652 μέγεθος
1301 596 1374 639 καὶ
1399 591 1520 652 ὄγκον
1546 593 1759 655 ἀρκούσης

314 661 445 720 ἑαυτῇ
473 661 546 704 καὶ
572 656 672 704 ἄνευ
702 661 931 717 τιμωρίας.
1008 661 1116 705 οἷλλοὶ
1159 663 1298 705 ταῦτα
1337 664 1415 717 μὲν
1424 697 1439 717 ,
1483 660 1563 720 ὅπῃ
1591 665 1759 721 γνώμης

314 727 404 783 ἔχει
433 744 496 778 τις
522 729 596 770 καί
626 726 773 783 κρίνει,
806 723 940 777 οὕτως
967 729 1112 783 ἐχέτω.

422 793 502 835 λα’.
548 789 641 835 Ὅτι
661 792 683 834 ὅ
705 795 994 843 Ποσειδώνιος
1021 792 1170 852 ἔλεγεν,
1201 792 1756 854 ἀπελθόντοςἈλεξάνδρου

312 858 358 902 τὸ
414 859 701 914 στρατόπεδον
745 860 924 901 ἑοικέναι
971 861 1052 902 τῶν
1103 859 1366 904 Μακεδόνων
1407 863 1812 921 ἐκτετυφλωμέιίριο

315 924 537 967 Κύκλωπι.

136 986 312 1067 ᾹᾸΙῖηὲἳαῖι
427 987 502 1043 λβ’.
550 989 599 1032 Ὁ
631 991 678 1032 δὲ
708 991 923 1047 Θεόδωρος
973 990 996 1032 ὅ
1024 996 1332 1048 κατειλεγμένος
1369 998 1453 1043 τοῖς
1480 994 1684 1051 νοταρίοις
1712 998 1759 1039 ἐν

117 1056 408 1116 Valent'et‘m‘ll
438 1056 606 1109 ἐτιμᾶτο
633 1055 749 1112 παρὰ
777 1059 856 1098 τοῦ
881 1058 1110 1110 βασιλέως·
1183 1056 1292 1112 τό,τε
1333 1058 1414 1115 γὰρ
1457 1056 1510 1100 εὖ
1546 1064 1759 1115 γεγονέναι

139 1122 476 1177 ναΙ.Ι.ιιπροσῆν
512 1122 650 1178 αὐτῷ,
695 1120 769 1164 καὶ
800 1120 846 1164 τὸ
875 1117 925 1163 εὖ
955 1123 1186 1179 πεφυκέναι
1226 1122 1332 1179 πρὸς
1369 1122 1522 1180 ἀρετὴν
1561 1122 1759 1181 ἅπασαν,

139 1172 227 1207 (3⁰⁶⁵
241 1174 304 1220 ¹74
318 1187 425 1241 τό,τε
453 1189 578 1240 σῶμα
602 1186 802 1242 συνήνθει
820 1194 913 1238 ταῖς
933 1184 1112 1243 ἀρεταῖς,
1130 1188 1204 1232 καί
1224 1189 1273 1232 τό
1299 1188 1582 1247 ἐπαφρόδιτον
1606 1193 1651 1234 ἐν
1668 1197 1813 1243 ταῖς15

312 1254 556 1302 συνουσίαις
582 1252 736 1306 κόσμος
762 1251 900 1295 ἐδόκει
925 1254 1007 1296 τῶν
1034 1250 1199 1310 α’ρετῶν
1227 1252 1411 1311 ἒμμελής
1453 1272 1516 1306 τις
1546 1257 1620 1300 καί
1656 1275 1759 1300 παν-

310 1318 530 1375 αρμόνιος.
587 1319 681 1360 ἄλλ’
707 1317 882 1372 ἔλαθεν,
933 1315 963 1377 ᾗ
989 1335 1118 1375 φησιν
1137 1317 1347 1377 Ὅμηρος,
1398 1319 1478 1363 ὑπὸ
1520 1322 1603 1365 τῶν
1641 1324 1758 1366 ἰδίων

313 1383 569 1441 διαφθαρεὶς
595 1386 746 1427 καλῶν.
799 1383 845 1426 τὸ
875 1383 953 1440 γὰρ
983 1384 1259 1442 ἀνθρώπινον,
1287 1386 1360 1428 καὶ
1385 1382 1477 1428 ὅσοι
1505 1389 1604 1443 περὶ
1628 1403 1759 1444 στρα-

311 1450 422 1499 τείας
448 1451 521 1492 ἒπί
546 1448 600 1492 τοὶ
626 1451 753 1506 κέρδη
781 1449 855 1492 καὶ
877 1448 953 1499 τὰς
990 1448 1130 1500 κοινὰς
1161 1449 1293 1505 τύχας
1320 1453 1566 1507 ἐπτοημένοι
1593 1452 1668 1495 καί
1691 1469 1758 1495 κε-

308 1514 481 1570 χηνότες
495 1549 508 1569 ,
552 1514 630 1570 τήν
657 1513 900 1572 ἡμερότητα
947 1516 1264 1570 καταμαθόντες
1301 1513 1434 1559 miro&
1474 1519 1549 1560 καὶ
1573 1517 1620 1559 τὸ
1650 1517 1814 1575 πρὸςαο

310 1579 388 1631 τὰς
433 1580 602 1634 ὁμιλίας
629 1583 827 1637 εὔκρατὲς
865 1579 939 1623 κὰί
972 1582 1220 1638 πρόχειρον,
1258 1581 1366 1637 ταχύ
1397 1581 1515 1635 μάλα
1541 1583 1620 1638 τήν
1646 1578 1761 1637 ἆμα-

309 1662 389 1700 χον
415 1648 489 1688 καί
524 1645 711 1702 φοβεράν
745 1648 820 1688 καί
844 1653 928 1695 τοῖς
968 1649 1067 1689 νοῦν
1093 1646 1242 1700 ἔχουσι
1282 1649 1503 1690 κολακείαν
1546 1651 1762 1698 ποιοῦντες

317 1712 390 1753 καί
424 1710 734 1768 προβαλόμενοι
774 1710 967 1768 καθάπερ
995 1710 1184 1755 ἑλέπολίν
1209 1728 1301 1755 τινα
1329 1714 1402 1754 καί
1425 1712 1621 1768 μηχανὴν
1644 1707 1758 1770 ἔφυ-

410 1814 462 1848 13.
482 1811 566 1847 τότε
587 1805 665 1859 γὰρ
685 1808 728 1845 εὖ
750 1813 912 1858 γέγονεν
936 1809 962 1844 ἁ·
985 1811 1040 1845 cd.
1148 1822 1203 1849 21.
1229 1810 1417 1858 εὔκρατον
1431 1813 1526 1846 coni.
1552 1814 1592 1848 B.

404 1899 465 1932 30.
510 1897 781 1943 Magnanimum
806 1902 861 1931 est
885 1902 923 1931 et
946 1897 1051 1931 valde
1076 1897 1241 1931 divinum
1263 1898 1334 1931 reis
1356 1899 1559 1942 ignoscere:
1601 1908 1682 1932 non·
1703 1903 1759 1932 est

313 1949 436 1978 autem
457 1950 555 1978 extra
579 1945 774 1978 humanam
798 1949 974 1986 naturam,
999 1946 1109 1978 etiam
1134 1943 1340 1977 insontibus
1365 1956 1438 1979 non
1461 1951 1620 1989 parcere.
1666 1943 1759 1979 Nam

314 2002 455 2037 poenae
478 1992 638 2035 insignes
663 1991 809 2036 imperii
837 1991 965 2024 tuendi
990 1992 1104 2036 gratia
1128 1991 1244 2035 infligi
1279 1991 1415 2031 solent,
1450 1996 1493 2024 ut
1515 1991 1644 2024 timore
1668 2000 1758 2024 con-

315 2039 502 2071 tineantur
525 2037 701 2071 subiecti:
728 2042 766 2071 at
789 2038 886 2071 enim
911 2038 1058 2071 omissio
1083 2047 1222 2082 poenae
1247 2037 1292 2070 ab
1319 2037 1450 2070 eximia
1475 2037 1609 2070 virtute
1635 2036 1756 2072 venit:

316 2094 382 2117 ceu
407 2085 438 2117 si
463 2085 561 2128 regia
590 2084 747 2129 dignitas
770 2084 1021 2129 magnitudine
1045 2083 1263 2129 fastigioque
1289 2093 1354 2116 suo
1377 2083 1448 2117 sibi
1471 2082 1645 2124 sufficiat,
1666 2084 1758 2128 quin

317 2141 408 2208 ορᾶιε
444 2131 634 2176 suppliciis
661 2130 719 2168 sit.
766 2130 1023 2165 Verumtamen
1049 2130 1095 2164 de
1117 2129 1175 2163 his
1205 2140 1272 2174 pro
1301 2139 1364 2162 sua
1388 2129 1543 2176 quisque
1575 2130 1757 2163 sententia

317 2177 356 2208 iu
385 2177 466 2209 icet.

411 2224 468 2257 31.
519 2225 641 2270 Quum
665 2234 684 2257 e
709 2223 798 2258 vivis
824 2223 1034 2257 excessisset
1057 2221 1271 2264 Alexander,
1296 2220 1509 2256 Posidonius
1535 2220 1657 2256 aiebat
1680 2221 1758 2256 Ma-

318 2267 530 2303 cedonicum
555 2271 755 2304 exercitum
779 2270 936 2304 similem
961 2280 1038 2304 esse
1064 2268 1228 2314 Cyclopis
1251 2268 1388 2302 lumine
1413 2268 1513 2302 cassi.

412 2316 467 2348 32.
516 2316 749 2358 Theodorus,
774 2317 839 2362 qui
862 2321 941 2351 erat
964 2316 1061 2350 inter
1083 2316 1243 2349 notarios
1268 2314 1488 2358 adscriptus,
1511 2313 1591 2347 iure
1613 2315 1654 2348 in
1670 2324 1757 2358 pre·

317 2360 371 2394 tio
396 2361 494 2406 apud
518 2363 703 2397 Caesarem
727 2360 956 2397 habebatur:
987 2374 1070 2396 nam
1096 2367 1133 2396 et
1155 2361 1272 2396 nobili
1298 2362 1378 2395 loco
1402 2366 1509 2394 natus
1524 2385 1535 2401 ‚
1564 2365 1602 2394 et
1624 2365 1756 2394 natura

318 2407 365 2440 ad
389 2409 592 2453 quamlibet
615 2412 786 2444 virtutem
810 2415 915 2454 aptus
939 2414 1036 2450 erat,
1075 2413 1113 2442 et
1136 2408 1293 2453 corporis
1318 2406 1448 2448 decus,
1480 2411 1517 2439 et
1539 2406 1578 2439 in
1603 2416 1759 2440 consue-

318 2452 447 2487 tudine
483 2455 655 2489 familiari
689 2461 857 2490 venustas
888 2456 1102 2490 concinnum
1155 2453 1312 2488 uoddam
1344 2458 1382 2487 et
1405 2463 1664 2498 usquequaque
1689 2452 1755 2487 de·

319 2511 403 2534 oens
423 2502 598 2534 virtutum
631 2508 879 2536 ornamentum
918 2507 1030 2538 erant.
1079 2467 1154 2535 Seii
1175 2501 1271 2534 enim
1295 2498 1499 2539 nesciebat,
1537 2504 1579 2532 ut
1602 2499 1655 2532 ait
1677 2498 1756 2532 Ho-

318 2557 463 2588 merus,
496 2558 533 2581 se
567 2547 672 2580 bonis
697 2549 771 2581 suis
803 2548 987 2593 perditum
1012 2549 1068 2582 iri.
1114 2547 1252 2591 Vulgus
1289 2547 1385 2580 enim
1431 2550 1468 2579 et
1513 2550 1692 2590 quotquot
1715 2545 1754 2579 in

320 2594 480 2626 exercitu
511 2595 677 2639 quaestui
710 2593 938 2641 publicisque
963 2595 1068 2629 bonis
1097 2595 1203 2639 proni
1228 2592 1438 2632 inhiabant,
1471 2591 1614 2635 cognita
1644 2590 1754 2624 huius

320 2640 473 2673 mollitia
505 2645 543 2674 et
579 2641 619 2674 in
652 2640 816 2673 convictu
852 2642 1029 2675 facilitate
1065 2651 1104 2673 ac
1138 2639 1344 2678 docilitate,
1382 2638 1546 2682 protinus
1575 2636 1749 2671 adhihere

321 2692 518 2730 coeperunt
536 2686 719 2720 'invicta-m
747 2686 847 2719 illam
872 2693 909 2720 ct
934 2686 1159 2730 sapientibus
1193 2686 1302 2719 etiam
1331 2682 1598 2718 formidabilem
1624 2682 1751 2722 adsen-

322 2733 514 2777 tationem3
550 2743 654 2779 quam
680 2730 735 2766 illi
761 2743 823 2766 ceu
851 2738 1067 2766 tormentum
1103 2731 1284 2778 quoddam
1308 2737 1346 2765 et
1371 2729 1571 2764 machinam
1603 2730 1752 2773 insupe-
