1924 3164
341 165 451 222 238
554 148 557 154 ’
926 178 1207 221 EXCERPTA

145 293 237 327 A.c.
254 292 320 338 477
335 281 505 332 ἁπάσας
515 316 528 337 ,
557 279 717 334 α’ναβάς
746 278 818 319 ἔπι*
841 279 958 332 βῆμα
986 276 1119 319 πολλοὶ
1149 278 1226 319 τοῦ
1257 278 1516 335 Θευδερίχου
1545 281 1782 340 κατηγόρει,

150 340 320 420 Ζέζὲᾖῶ
335 353 380 393 ἐν
405 347 582 398 τούτοις·
604 344 717 394 ὅπως
751 360 796 386 τε
824 350 912 392 τοῖς
934 344 1167 396 “Ρωμαίοίς
1203 343 1363 401 ἐχθρὸς
1390 340 1554 391 ἄνωθεν
1586 349 1676 405 εἴη,
1707 353 1783 393 κατ’

274 411 279 417 ’
332 415 391 465 ὥς
423 410 659 467 ἐλυμήνατο
687 415 773 458 τοῖς
799 407 876 465 την
907 409 1079 466 Θρᾴκην
1116 411 1305 463 οἰκοῦσι,
1344 410 1493 468 χεῖράς
1541 430 1587 455 τε
1628 415 1781 458 οἷποτέ..

330 497 447 536 μνων
476 476 564 532 ἅμα
593 478 652 534 τῷ
673 469 895 532 ζΑρμοιτίῳ
912 477 987 516 καί
1019 474 1064 517 τὸ
1094 477 1306 532 γεωργοῦν
1334 474 1448 520 ἅπαν
1473 480 1648 534 ποιήσας
1676 479 1780 523 οἰνά-

331 561 501 590 στατον·
556 539 670 591 ὅπως
696 557 741 583 τε
765 542 995 597 τυραννίδα
1023 540 1150 584 πάλιν
1188 543 1260 584 ἐπὶ
1293 548 1381 592 τοῖς
1407 550 1558 594 κοινοῖς
1585 544 1659 601 τὴν
1685 550 1803 593 Boc-5

223 627 261 663 Ρ,
273 625 318 672 95
330 614 515 657 σιλίσκου
556 607 772 664 ἐπήγειρε,
801 608 874 649 καί
899 606 957 657 οἷς
993 605 1090 658 τους
1116 606 1380 664 στρατιώτας
1417 611 1573 653 ἐκεῖνον
1612 612 1779 654 οἷνέπει-

330 695 402 722 σεν
428 679 475 719 ἐκ
501 676 641 718 ποδῶν
667 677 951 729 ποιήσασθαι,
980 673 1038 723 ὦς
1070 675 1154 716 ταῖν
1181 676 1222 717 Γ
1220 674 1356 718 ὀτθων
1385 675 1652 732 α’ρκούντων.
1705 680 1782 720 καὶ

327 747 402 787 νῦν
440 740 492 798 δὴ
532 738 846 797 πρεσβεύεσθαι
874 741 952 782 ov’x
980 737 1145 796 εἰρήνης
1179 755 1226 794 γε
1250 743 1425 794 μᾶλλον,
1468 737 1498 796 ἢ
1523 745 1779 798 στρατηγίας

327 808 548 862 δεόμενον.
619 803 699 861 ,ἣν
738 801 816 848 οὖν
855 803 974 859 ἔχετε
1011 804 1180 860 γνώμην
1217 805 1292 847 καί
1323 806 1444 860 ὑμεῖς
1470 807 1570 863 περὶ
1593 806 1776 862 τούτων,

326 873 523 930 ταύτην”,
552 871 650 929 ἔφη,
678 874 808 927 »παρ’
821 871 941 924 ὑμῶν
955 867 1136 913 οἰκοῦσαι
1152 868 1401 925 βουλόμενος
1426 873 1523 915 νυνὶ
1546 872 1832 930 παρεκάλε-ισ

324 959 411 994 σα,
438 937 563 988 εἰδώς
599 939 682 981 τῶν
720 939 927 992 βασιλέων
967 935 1145 986 τούτους
1170 939 1373 994 ἀσφαλῶς
1407 938 1627 995 πράττειν,
1657 938 1702 981 οἳ
1724 936 1778 982 ἂν

323 1006 377 1049 τὰ
413 1005 686 1061 βουλεύματα
713 1008 800 1052 τοῖς
829 1004 1108 1058 στρατιώταις
1135 1001 1448 1046 κοινώσουσιν.”
1481 1006 1526 1047 οἳ
1550 1006 1597 1047 δὲ
1623 999 1674 1060 ἧς
1701 1022 1779 1047 κα-

321 1075 474 1115 τέτεινε
503 1072 754 1126 κατηγορίας
782 1066 1042 1118 ἀκούσαντες
1083 1068 1157 1110 καί
1182 1071 1229 1111 ἐκ
1256 1068 1410 1124 ταύτης
1451 1070 1724 1123 διδαχθέντες
1746 1068 1776 1111 ὅ

320 1140 431 1195 χρῆν
446 1133 769 1192 ἀποκρίνασθαι,
791 1133 943 1184 πάντες
963 1135 1207 1190 ἀνεβόησαν,
1229 1133 1389 1191 ἐχθρὸν
1416 1131 1523 1177 εἶναι
1544 1136 1780 1189 ζ,Ροιῃιοιιίιις

325 1205 586 1260 Θευδέριχον
610 1204 681 1262 καὶ
716 1202 872 1250 πάντας
914 1200 960 1243 εἴ
979 1217 1043 1251 τις
1070 1199 1212 1259 ἐκείνῳ
1243 1202 1516 1257 συνέστηκεν.
1557 1203 1832 1255 ου”μέντοιιᾶ

322 1277 409 1320 τοῖς
439 1270 638 1325 πρέσβεσι
662 1265 819 1329 ταύτην
846 1265 980 1316 εὐθὺς
1006 1266 1159 1309 ἔδωκεν
1188 1264 1410 1322 ἆπόκρισιν
1439 1266 1462 1308 ὅ
1485 1265 1653 1325 Ζήνων,
1683 1268 1777 1310 ἅλλῖ

287 1339 503 1390 Βέπεΐχεν,
533 1335 627 1383 ἕως,
648 1333 696 1375 τὸ
741 1335 866 1375 πλέον
905 1331 1076 1375 ἀκούσει
1118 1336 1199 1375 τῶν
1240 1330 1424 1384 ἔξωθεν.
1491 1335 1539 1382 ,ἐν
1565 1330 1699 1392 τούτῳ
1729 1335 1778 1376 δὲ

317 1401 548 1458 γράφοντες
573 1398 625 1440 τὰ
655 1397 774 1440 ἔνδον
803 1396 999 1452 γινόμενα
1024 1400 1108 1440 τῶν
1134 1399 1180 1440 ἐν
1208 1401 1262 1456 τῇ
1289 1396 1408 1440 πόλει
1435 1401 1546 1448 τινὲς
1573 1402 1632 1456 τῷ
1663 1401 1774 1442 Θευ-

319 1469 474 1524 ὃερίχῳ
517 1462 731 1518 ἑάλωσαν,
758 1458 965 1517 ’Ἀνθιμός
1002 1479 1048 1504 τε
1090 1462 1234 1519 ἰατρὸς
1271 1465 1346 1505 καί
1383 1467 1677 1521 Μαρκελλῖνος
1704 1464 1779 1508 καὶ

319 1534 559 1589 Στέφανος.
624 1532 699 1572 καὶ
738 1529 789 1570 οὔ
815 1527 944 1582 μόνον
980 1526 1143 1571 ἑαυτῶν
1170 1527 1394 1578 ε’πιστολοὶς
1422 1528 1632 1583 ἔπεμπον,
1663 1529 1833 1578 ἂλλάρο

319 1598 393 1641 καί
417 1599 502 1641 τῶν
529 1599 574 1639 ἐν
599 1598 710 1638 τέλει
739 1593 1019 1648 πλαττόμενοι
1046 1594 1275 1652 γράμματα
1318 1596 1457 1653 ἐκείνῳ
1496 1597 1771 1647 ἐπέστελλον,

411 1701 442 1745 4.
467 1699 668 1745 γεωργοῦν
688 1697 748 1738 Η.,
771 1687 944 1743 γεωργὸν
966 1696 1062 1740 vulg.
1249 1707 1307 1733 21.
1333 1693 1566 1731 α’πέστελλον
1591 1697 1684 1731 coni.
1709 1697 1749 1732 Β.

314 1790 438 1832 gestu,
463 1785 577 1818 multa
603 1783 647 1817 de
674 1780 932 1816 Theudericho
958 1786 1108 1827 questus
1134 1787 1209 1822 est,
1247 1783 1403 1815 maxime
1431 1781 1531 1826 quod
1557 1782 1775 1828 iampridem

314 1837 555 1866 Romanorum
580 1830 696 1863 hostis
735 1827 956 1868 exstitisset,
1005 1827 1105 1873 quod
1137 1828 1313 1862 Thraciae
1356 1829 1495 1862 incolas
1531 1827 1775 1874 depraedatus

314 1880 464 1919 suisset,
499 1877 599 1922 quod
623 1876 808 1909 Harmatio
834 1885 963 1907 manus
989 1880 1229 1918 amputasset3
1265 1875 1365 1921 quod
1397 1885 1504 1908 omne
1536 1875 1773 1920 agricolarum

313 1937 426 1971 genus
447 1923 596 1958 sedibus
622 1923 697 1955 suis
723 1922 943 1965 expulisset,
979 1920 1079 1966 quod
1093 1922 1255 1954 Basilisci
1287 1922 1520 1964 tyrannidem
1543 1924 1583 1956 in
1605 1934 1681 1956 rem
1701 1935 1772 1968 pu-

314 1973 447 2005 blicam
485 1971 703 2008 invexisset,
742 1967 876 2001 deinde
913 1966 959 2000 ad
992 1967 1157 2001 eiusdem
1190 1967 1337 2001 caedem
1370 1968 1507 2002 milites
1544 1969 1772 2014 instigasset,

314 2024 490 2064 tanquam
517 2017 585 2051 soli
612 2015 726 2050 Gothi
752 2014 963 2048 suffice-rent.
1014 2015 1061 2048 Et
1084 2025 1182 2047 nunc
1205 2015 1341 2059 legatos
1371 2015 1417 2048 ad
1442 2025 1480 2048 se
1502 2015 1672 2057 mittere,
1696 2028 1772 2050 non

314 2071 388 2099 tam
415 2071 456 2099 ut
479 2075 627 2110 pacem,
661 2072 772 2108 quam
792 2066 834 2094 ut
861 2062 1041 2094 exercitus
1068 2061 1262 2106 imperium
1285 2062 1499 2106 postularet.
1546 2061 1675 2099 „Nunc
1699 2063 1771 2108 igi-

314 2117 417 2152 tur“,
453 2112 597 2161 inquit,
639 2119 770 2155 „quam
794 2109 1014 2141 sententiam
1036 2119 1144 2152 super
1168 2107 1225 2141 his
1250 2107 1384 2141 dicturi
1415 2109 1516 2148 sitis,
1552 2109 1679 2142 audire
1705 2121 1772 2142 cn-

313 2160 440 2203 piens,
468 2169 531 2191 vos
563 2157 635 2190 huc
662 2155 875 2188 convocavi:
914 2154 988 2188 scio
1014 2155 1126 2196 enim,
1158 2165 1219 2187 eos
1242 2155 1479 2199 Imperatores
1503 2159 1582 2189 tuto
1607 2166 1689 2189 suas
1714 2164 1771 2189 res

316 2215 445 2250 agere,
469 2204 533 2250 qui
559 2215 624 2236 sua
645 2202 799 2235 consilia
826 2212 907 2234 cum
933 2201 1153 2234 exercitibus
1178 2201 1483 2234 communicant.“
1529 2202 1578 2234 At
1601 2203 1677 2244 illi,
1711 2213 1771 2235 ae»-

317 2251 582 2290 ousafionibus,
621 2260 710 2294 quas
743 2246 1091 2281 inTheuderichum
1122 2248 1322 2292 Imperator
1355 2246 1576 2288 intenderat,
1614 2248 1771 2290 auditis,

317 2298 405 2331 satis
429 2309 473 2330 ex
496 2298 575 2340 ipsa
600 2294 844 2335 accusatione,
869 2294 958 2339 quid
983 2293 1055 2326 sibi
1080 2294 1372 2339 respondendum
1391 2298 1494 2335 esset,
1514 2295 1771 2339 percipientes,

318 2345 608 2377 acclamaverunt
640 2351 786 2379 omnes,
828 2341 1068 2374 Romanorum
1103 2340 1246 2374 hostem
1286 2351 1364 2374 esse
1397 2340 1693 2375 Theuderichum
1731 2346 1770 2375 et

320 2401 456 2430 omnes,
481 2389 546 2434 qui
581 2389 638 2420 illi
671 2389 836 2421 faverent
866 2393 904 2421 et
926 2387 972 2420 ad
997 2388 1075 2420 eius
1101 2397 1243 2420 causam
1272 2398 1310 2421 se
1334 2387 1582 2432 adiungerent.
1631 2390 1677 2423 Et
1697 2389 1770 2423 hoc

319 2438 469 2482 quidem
493 2446 703 2479 responsum
718 2435 810 2467 Zeno
836 2444 912 2467 nou
937 2445 957 2466 e
981 2434 1134 2477 vestigio
1156 2434 1285 2478 legatis
1298 2433 1412 2475 dedit,
1437 2434 1501 2467 sed
1522 2435 1769 2480 exspectabat,—

319 2485 436 2518 donee
459 2482 694 2526 exploratius,
722 2481 905 2526 quomodo
943 2491 980 2513 se
1013 2480 1193 2514 haberent
1219 2492 1272 2521 ea,
1298 2490 1390 2526 quae
1416 2481 1504 2514 foris
1529 2482 1768 2524 gerebantur,

318 2532 437 2563 sciret.
477 2529 630 2566 ‚Interea
655 2526 907 2571 comprehensi
935 2531 1021 2560 sunt
1054 2528 1118 2572 qui
1147 2539 1209 2569 ea,
1233 2537 1327 2573 quae
1352 2528 1391 2560 in
1414 2526 1505 2561 urbe
1530 2526 1624 2562 facta
1650 2533 1766 2568 erant,

319 2578 367 2611 ad
390 2573 687 2610 Theuderichum
722 2573 962 2618 scripserant,
1001 2574 1193 2607 Anthimus
1236 2573 1418 2614 medicus,
1459 2574 1693 2609 Marcellinus
1728 2581 1767 2609 et

320 2622 524 2668 Stephanus
539 2646 548 2662 ,
575 2626 612 2654 et
635 2631 708 2653 non
733 2620 848 2652 solum
874 2631 956 2652 suas
980 2621 1143 2664 ipsorum
1167 2621 1329 2661 litteras,
1355 2621 1420 2654 sed
1444 2621 1551 2654 etiam
1576 2622 1766 2667 magistra-

319 2677 425 2704 tuum
465 2665 702 2715 quorumdam
737 2666 988 2710 supposititias
1013 2666 1060 2699 ad
1084 2677 1166 2699 eum
1192 2667 1390 2707 miserunt,
1428 2666 1562 2712 quibus
1587 2666 1766 2701 iubebant

322 2717 427 2751 illum
451 2714 550 2751 bono
575 2714 695 2748 animo
719 2722 819 2754 esse,
859 2717 1034 2759 tanquam
1070 2714 1203 2747 multos
1239 2724 1382 2747 suarum
1413 2714 1572 2758 partium
1604 2714 1765 2748 fautores
