1838 3210
247 169 284 235 l}
827 169 1106 219 Pnoomm

251 286 322 339 τῆς
350 283 468 338 σφῶν
514 278 647 320 αὐτῶν
675 271 940 326 πολυμαθίας
979 273 1123 324 ὁέἴγμα
1151 269 1318 322 ἐναργὲς
1346 270 1430 316 τοῖς
1454 268 1672 319 μετέπειτα

252 350 491 391 καταλιπεῖν
533 341 812 397 ἱμειρόμενοι,
851 339 969 378 τοῦτο
1019 338 1063 378 δὲ
1109 333 1180 376 καί
1206 329 1392 374 εὔκλειαν
1430 329 1672 385 ἇειζιινηστον

254 416 300 456 ἐκ
326 414 409 456 τῶν
436 405 766 462 ἐντυγχανόντων
803 400 1109 456 καρπώσασθαι
1150 396 1369 452 μνώμενοι.
1427 395 1518 439 ἐπεὶ
1555 397 1601 437 δὲ
1629 397 1674 437 ἐκ

219 482 329 533 (Ξτῆς
369 479 453 518 τῶν
496 467 700 515 τοσούτων
741 469 844 509 ἐτῶν
882 466 1132 521 περιδρομῆς
1171 459 1343 504 ἄπλετόν
1369 478 1408 503 τι
1435 462 1579 515 χρῆμα
1605 460 1678 500 καί

253 538 507 597 πραγμάτων
535 535 709 589 ἐγίγνετο
738 531 810 573 καὶ
836 532 965 585 λόγων
993 531 1205 581 ἐπλέκετο,
1249 526 1309 569 ἐπ’
1337 522 1508 581 ἄπειρόν
1534 540 1579 566 τε
1606 521 1676 564 καί

255 606 468 660 ἀμήχανον
495 599 519 655 ἦ
547 603 619 654 τῆς
644 596 824 652 ἱστορίας
852 595 1044 650 εὖρύνετο
1072 591 1284 647 συμπλοκὴ
1294 626 1306 644 ,
1346 591 1431 633 ἔδει
1473 591 1518 632 δὲ
1562 588 1679 643 §mgi-

257 672 498 727 ῥεπέστερον
533 662 637 719 πρὸς
687 661 738 703 τοὶ
775 659 903 716 χείρω
941 658 1013 714 τὴν
1043 662 1126 701 τῶν
1162 655 1394 712 ἀνθρώπων
1437 656 1680 710 προαίρεσιν

256 733 555 788 μετατίθεσθαι
579 725 747 782 χρόνοις
774 723 944 780 ὕστερον
961 757 972 776 ,
1004 723 1075 765 καί
1101 722 1306 778 ὀλιγώρως
1334 720 1446 774 ἔχειν
1473 717 1577 774 πρὸς
1624 715 1678 758 τοὶ

183 796 365 844 Ρ.2καλὰ
380 830 392 848 ,
420 794 491 836 καί
518 789 799 851 ῥᾳθυμότερον
831 786 1066 830 διακεῖσθαι
1091 791 1196 842 πρός
1221 785 1295 840 τὴν
1322 788 1405 846 τῶν
1433 784 1682 840 φθασάντων

257 864 451 919 γενέσθαι
478 856 740 912 κατάληψιν,
770 854 943 912 κατόπιν
971 854 1184 907 γινομένης
1201 854 1284 906 ῥτῆς
1313 851 1493 904 ἀληθοῦς
1520 844 1736 890 ἑπιτεύ-ῐο

259 933 359 980 ξεως
376 960 387 978 ,
413 924 470 973 ὥς
499 924 693 965 ἐντεῦθεν
713 922 863 976 ἄδηλία
885 919 1130 969 σκιάζεσθαι
1157 915 1233 971 τὴν
1256 918 1328 970 τῆς
1349 913 1532 968 ἱστορίας
1555 908 1683 968 ἐφεύ-

263 1008 397 1047 ρεσιν,
418 991 475 1046 πῇ
495 989 572 1042 μὲν
592 985 738 1029 σπάνει
763 984 917 1038 βιβλων
944 984 1194 1038 ἐπωφελῶν,
1222 983 1280 1036 πῇ
1306 981 1351 1021 δὲ
1383 977 1484 1033 πρὸς
1513 976 1588 1032 τὴν
1617 975 1685 1017 «ἐκ-ο

261 1055 390 1111 τάδην
418 1054 661 1106 πολυλογίαν
690 1047 984 1102 δειμαινόντων
1022 1048 1094 1088 καί
1127 1041 1523 1100 κατοᾷῥωὸούντων·
1564 1039 1585 1083 ὃ
1613 1042 1685 1095 τῆς

263 1121 484 1176 πορφύρας
512 1114 707 1171 ἀπόγονος
735 1117 1070 1162 Κωνσταντϊνος,
1102 1109 1123 1151 ὃ
1152 1107 1469 1165 ὄρθοὸοξότατος
1496 1106 1568 1148 καὶ
1591 1122 1688 1161 χριω

234 1179 605 1230 Βστιανικῶτατος
628 1174 710 1222 τῶν
749 1174 911 1220 πώποτε
945 1172 1299 1230 βεβασιλευκότων
1327 1205 1339 1226 ,
1385 1167 1742 1226 ὅξυωπέοτερονῐό

265 1249 371 1306 πρὸς
401 1247 476 1302 την
506 1249 586 1287 τῶν
613 1246 748 1285 καλῶν
778 1240 1028 1295 κατανόησιν
1050 1242 1302 1292 διακειζιιενος
1339 1237 1410 1279 καί
1449 1234 1692 1292 δραστήριον

266 1312 452 1368 ἐσχηκώς
477 1313 596 1363 νοῦν,
626 1308 757 1364 ἔκρινε
786 1309 998 1361 βέλτιστον
1025 1302 1130 1347 εἶναι
1157 1303 1229 1345 καί
1253 1303 1523 1358 κοινωφελὲς,
1563 1303 1620 1358 τῷ
1647 1315 1693 1342 τε

267 1382 344 1436 βίῳ
393 1374 642 1431 ὄνησιφόρον
662 1406 674 1427 ‚
713 1371 905 1427 πρότερον
951 1372 1026 1423 μὲν
1057 1370 1250 1425 ζητητικῇ
1284 1370 1486 1423 διεγέρσει
1523 1366 1693 1420 βίβλους

271 1439 448 1485 ἄλλοθεν
480 1435 608 1488 ἄλλας
638 1440 682 1489 ἐξ
712 1434 874 1490 ἁπάσης
892 1434 1122 1488 ἑκασταχοῦ
1141 1435 1376 1487 οἰκουμένης
1396 1433 1690 1483 συλλέξασθαι,

183 1532 186 1535 *
233 1507 533 1559 (Σπαντοδαπῆς
560 1506 633 1546 καί
656 1503 900 1549 πολυειδοῦς
926 1500 1150 1554 ἐπιστήμης
1177 1499 1403 1552 ἐγκύμονας
1427 1513 1437 1524 ·
1480 1494 1619 1537 ἔπειτα
1645 1493 1745 1538 τὸαο

269 1576 345 1627 τῆς
376 1571 650 1616 πλατυεπείας
677 1569 852 1621 μέγεθος
878 1566 950 1607 καί
977 1564 1103 1613 οἷκοιὲς
1124 1560 1357 1614 οἷποκναϊον,
1389 1558 1523 1610 ἄλλως
1550 1576 1595 1601 τε
1622 1559 1696 1600 καὶ

273 1633 454 1691 ὀχληρὸν
480 1632 553 1675 καί
579 1630 774 1689 φορτικὸν
820 1629 1063 1686 φαινόμενον
1102 1633 1186 1676 τοῖς
1211 1630 1407 1679 πολλοῖς,
1449 1628 1534 1669 δεῖν
1572 1627 1691 1685 ᾠήθη

376 1737 428 1771 ¹8.
455 1733 626 1780 διηγήσει
650 1734 726 1768 Par.

275 1826 361 1849 suae
385 1815 504 1848 variae
532 1818 568 1846 et
598 1811 809 1856 multiplicis
836 1809 1049 1844 eruditionis
1069 1811 1213 1847 illustre
1247 1815 1517 1847 monumentum
1539 1810 1692 1856 posteris

275 1863 479 1906 relinquere
514 1859 721 1902 cupientes,
758 1858 887 1902 partim
918 1863 958 1890 ut
989 1858 1084 1892 inter
1109 1871 1191 1893 suos
1227 1860 1392 1906 aequales
1420 1859 1575 1891 nominis
1602 1857 1695 1890 cele-

264 1905 609 1949 -britatem·adcpti,
634 1903 823 1936 immortali
841 1903 951 1947 gloria
978 1904 1191 1938 fruerentur.
1240 1907 1430 1951 Postquam
1452 1915 1534 1937 vero
1558 1905 1596 1936 in
1620 1909 1695 1936 tam

276 1954 383 1997 longo
422 1961 596 1984 annorum
623 1950 774 1983 decursu
810 1949 973 1982 infinitae
1000 1961 1054 1982 res
1092 1956 1128 1984 et
1162 1957 1359 1985 evenerunt
1392 1956 1427 1983 et
1451 1949 1582 1983 litteris
1612 1952 1697 1981 sunt

279 1999 579 2044 comprehensae,
605 1998 644 2029 in
669 1997 884 2029 immensum
910 2006 1055 2040 quoque
1079 1996 1253 2031 historiae
1277 2003 1440 2037 textura,
1475 2001 1514 2028 ut
1546 1996 1696 2028 minime

277 2044 532 2090 comprehendi
557 2047 698 2087 posset,
725 2046 780 2074 est
805 2046 951 2073 extensa
976 2047 1012 2075 et
1034 2041 1193 2077 dilatata.
1243 2043 1313 2076 Sed
1337 2040 1597 2087 posterioribus
1621 2050 1710 2083 sae->

278 2092 368 2124 ‘culis
394 2091 432 2124 in
457 2090 558 2134 peius
589 2088 772 2120 hominum
801 2092 964 2119 naturam
978 2089 1170 2132 proclivius
1186 2089 1317 2122 mutari
1342 2098 1485 2121 necesse
1513 2092 1597 2119 erat.
1622 2087 1699 2119 Ita-

280 2149 352 2182 que
380 2147 459 2169 cum
484 2135 672 2168 honestum
698 2133 807 2166 nihili
835 2132 1029 2174 ducerent,
1061 2136 1259 2180 postposita
1290 2134 1451 2168 veritatis
1475 2139 1700 2166 commenta-

264 2184 403 2220 tione,
429 2181 705 2225 negligentiores
731 2179 841 2211 fuisse
870 2180 1052 2222 oportuit,
1078 2191 1183 2226 quam
1209 2187 1250 2214 ut
1280 2191 1333 2213 res
1367 2180 1547 2225 praeclare
1583 2185 1699 2224 gestas

280 2227 420 2272 scriptis
446 2225 797 2269 comprehenderent.
847 2225 947 2258 Unde
971 2226 1104 2258 sactum
1140 2232 1193 2260 est
1221 2226 1328 2266 modo
1353 2226 1527 2259 librorum
1553 2225 1700 2258 utilium

278 2274 456 2319 penuria,
495 2272 600 2304 modo
635 2276 825 2315 propterea
860 2271 957 2315 quod
995 2272 1169 2315 prolixam
1201 2278 1236 2305 et
1268 2273 1450 2315 ingentem
1487 2270 1702 2314 scriptorum

278 2320 410 2353 molem
437 2318 600 2351 homines
625 2316 813 2349 horrerent
836 2322 873 2349 ct
898 2323 1162 2359 aversarentur,
1189 2323 1230 2350 ut
1251 2317 1424 2354 historiae
1448 2317 1699 2361 investigatio,

284 2365 454 2411 quoniam
479 2374 566 2407 vaga
589 2367 626 2394 et
648 2362 783 2394 incerta
809 2368 905 2402 erat,
934 2363 971 2394 in
988 2363 1148 2398 tenebris
1175 2365 1317 2397 iaceret.
1345 2363 1587 2408 Quamobrem
1601 2363 1710 2399 Con-A

284 2412 462 2445 stantinus
488 2408 827 2452 porphyrogenitus,
853 2410 1017 2453 princeps
1043 2411 1220 2449 omnium,
1253 2410 1314 2454 qui
1341 2415 1423 2442 ante
1449 2420 1485 2442 se
1509 2409 1701 2453 imperium

282 2453 826 2495 tenuerunt,Christianissimus
852 2459 888 2486 et
912 2456 1063 2488 maxime
1087 2455 1318 2495 orthodoxus,
1340 2467 1418 2488 cum
1442 2455 1639 2488 accuratius
1661 2454 1702 2488 in.

283 2515 401 2537 rerum
418 2502 653 2534 'honestarum
677 2499 916 2544 cognitionem
943 2501 1187 2542 incumberet,
1223 2503 1277 2534 vir
1300 2506 1464 2544 prompto
1491 2505 1528 2532 et
1549 2500 1621 2533 acri
1646 2500 1704 2532 in-

285 2549 411 2593 genio,
446 2546 620 2591 optimum
650 2556 724 2578 esse
750 2543 924 2578 iudicavit
950 2551 986 2578 et
1011 2558 1054 2579 ex
1078 2549 1236 2580 utilitate
1260 2547 1425 2590 publica,
1461 2547 1557 2580 vitae
1589 2547 1700 2579 etiam

282 2596 458 2628 humanae
482 2594 701 2626 fructuosum
727 2595 764 2622 et
790 2592 1034 2632 commodum,
1069 2594 1223 2637 primum
1248 2591 1395 2638 quidem
1420 2592 1584 2635 diligenti
1614 2603 1699 2637 per·

284 2640 478 2687 quisitione
513 2640 601 2671 alios
636 2635 780 2669 aliunde
816 2637 927 2669 libros
966 2640 1081 2672 omnis
1115 2639 1251 2683 generis
1285 2639 1435 2671 scientia
1461 2639 1610 2671 refertos
1634 2649 1700 2682 per

285 2688 487 2720 universum
514 2689 683 2718 terrarum
718 2682 840 2715 orbem
866 2683 1043 2728 colligere.
1090 2684 1229 2717 Deinde
1257 2695 1334 2716 cum
1358 2685 1529 2717 immensa
1555 2693 1591 2716 et
1615 2694 1701 2718 con..

285 2735 363 2767 fusa
387 2731 576 2766 verborum
602 2728 802 2773 congeries,
838 2739 930 2773 quae
957 2730 1121 2763 auditum
1153 2729 1353 2775 fatigabat,
1379 2731 1500 2764 multis
1524 2731 1637 2776 gravis
1663 2734 1699 2763 et
