1924 3164
657 242 691 282 E
727 240 899 284 Pmscl
946 237 1220 282 msTomA.
1531 236 1552 272 ι
1567 211 1636 292 75

193 345 348 404 ἥκομεν
375 342 724 403 πρεσβευόμενοι,
749 345 828 386 τοῦ
853 344 974 400 σφῶν
1007 342 1148 385 αὐτῶν
1175 340 1408 397 ἧγόυμένου
1436 337 1512 396 τῆν
1538 340 1642 381 nefi-
1657 335 1828 420 A'f'ssS

195 430 264 457 σιν
292 409 398 455 εἶναι
413 445 424 466 ,
454 411 527 454 καί
542 412 750 467 μηδαμῶς
779 405 920 460 ἄλλοις
945 410 1098 451 τὸύτου
1115 407 1246 464 χάριν
1267 405 1638 463 διαλεχθήσεσθαι.
1654 389 1757 470 {1¹2¹th
1760 433 1791 470 d·
1797 437 1838 483 4¹

196 479 237 523 οἱ
269 481 314 522 δὲ
354 477 467 534 ἡμᾶς
511 478 774 534 παραχρῆμα
816 478 1053 532 α’ναχωρεῖν
1079 476 1387 531 προσέταττον.
1442 474 1487 516 ἐν
1510 484 1687 528 παρα-(3

144 596 149 599 ,
197 547 326 604 σκευῇ
367 546 414 587 δὲ
458 547 532 600 τῆς
563 541 667 585 ὁδοῦ
685 540 930 598 γενομένους
957 543 1032 597 τῆς
1061 540 1320 598 ἀποκρίσεως
1341 539 1453 596 ἡμᾶς
1479 535 1500 581 ὃ
1528 537 1650 593 Βιγί-

171 618 275 662 5λας
302 613 603 668 κατεμέμφετο,
634 610 707 652 ἐπὶ
723 606 876 663 ψεύδει
894 607 1055 650 ἁλῶναι
1083 603 1255 662 ἄμεινον
1283 608 1414 661 λέγων
1448 601 1476 663 ἢ
1514 605 1654 662 οἷπρά-

198 695 322 729 κτους
351 679 612 732 οἷναχωρεῖν.Γ
639 676 711 728 „si
734 674 815 731 γὰρ
844 676 888 724 ἐς
914 673 1064 728 λόγους
1094 674 1151 731 τῷ
1173 669 1348 731 Ἀπὴλᾳ
1374 669 1540 726 ἔτυχόν,
1564 675 1654 729 ’φη-

199 760 291 798 σιν,
327 741 572 799 ἐληλυθώς,
610 740 839 784 ἐπεπείκειν
878 739 1035 797 ῥᾳδίως
1079 736 1133 782 ἂν
1161 735 1290 781 αὖτὸν
1318 740 1391 794 τῆς
1423 736 1529 794 πρὸς
1551 738 1657 780 Ῥω·-

200 812 355 866 μαίους
384 807 616 864 ἀποστῆναι
658 808 896 864 διαφορᾶς,
939 803 1007 849 οἷα
1036 804 1087 861 δὴ
1118 804 1350 861 ἐπιτήδειος
1387 805 1502 862 αὐτῷ
1532 805 1577 847 ἐν
1603 804 1658 861 τῇ

202 876 308 920 κατὰ
330 873 573 919 Ἀνατόλιον
603 875 805 932 πρεσβείᾳ
831 872 1086 928 γενόμενος.”
1113 874 1247 915 ταῦτα
1270 868 1420 913 εἷίνουν
1451 870 1566 928 αὐτῷ
1584 868 1658 912 τόν

150 943 399 986 ῐοἘδέκωνα
426 940 656 998 ὑπάρχειν·
687 936 796 983 ὥστε
822 939 930 998 λόγῳ
957 941 1030 995 τῆς
1055 939 1283 995 πρεσβείας
1308 939 1383 981 καί
1407 938 1494 979 τῶν
1523 934 1665 978 ὅπωσ-

205 1010 302 1062 οὗν,
352 1007 436 1050 εἴτε
472 1008 660 1063 ἀληθῶς,
705 1004 788 1048 εἴτε
830 1006 1028 1060 ψευδῶς,
1074 1002 1375 1061 ῥηθησομένων
1411 1001 1663 1059 προφάσεως

203 1079 347 1128 τυχεῖν
385 1075 456 1115 ἐπὶ
493 1074 552 1131 τῷ
589 1070 906 1126 βουλεύσασθαι
946 1071 1050 1126 περι*
1081 1071 1166 1113 τῶν
1194 1069 1337 1120 αὐτοῖς
1363 1069 1454 1112 κατ’
1472 1065 1698 1124 ’Λττὴλαῦ

207 1141 491 1194 δεδογμένων,
519 1139 593 1180 καί
623 1134 736 1186 ὅπως
762 1135 811 1179 τὸ
847 1139 1052 1193 χρυσίον,
1093 1130 1222 1192 οὗπερ
1253 1133 1413 1192 ἔφασκε
1440 1136 1611 1177 δεῖσθαι
1639 1132 1661 1176 ὃ

200 1203 403 1259 Ἔδὲκων,
433 1206 607 1259 κομίσαι
634 1204 680 1246 τὸ
711 1200 1125 1259 διανεμηθησόμενον
1153 1203 1418 1256 ταττομένοις
1456 1198 1661 1256 ἀνδράσι.

154 1271 512 1327 ι5προδεδομένος
552 1271 598 1311 δὲ
624 1267 841 1324 ἐλελήθει.
909 1265 932 1309 ὅ
959 1266 1040 1323 γὰρ
1061 1264 1264 1322 Ἐδέκων,
1304 1265 1389 1308 εἴτε
1419 1265 1527 1323 δόλῳ
1555 1265 1662 1307 ὖπο-

207 1336 440 1392 σχόμενος,
468 1335 552 1378 εἴτε
578 1334 653 1377 καί
677 1332 751 1377 τὸν
777 1335 971 1391 Ὀρέστην
999 1332 1274 1389 ειῖλαβηθείς,
1301 1331 1359 1388 μη
1392 1334 1436 1382 ἐς
1473 1330 1544 1374 τὸν
1572 1327 1661 1374 'Av-

208 1400 337 1459 τῆιλαν
375 1401 522 1458 α’γάγοι
550 1398 654 1457 ἅπερ
694 1401 795 1456 ἡμῖν
846 1401 891 1443 ἐν
934 1402 984 1457 τῇ
1011 1401 1193 1458 Σερδικῇ
1235 1397 1342 1453 μετὰ
1370 1396 1448 1454 τὴν
1475 1395 1662 1440 ἑστίασιν

209 1466 393 1525 εἰρήκει,
423 1469 468 1509 ἐν
496 1466 608 1526 αἰτίᾳ
635 1463 882 1520 ποιούμενος
909 1464 957 1508 τὸ
987 1464 1120 1521 χωρὶς
1157 1461 1288 1508 affro&
1314 1467 1487 1519 βασιλεῖ
1507 1462 1580 1506 καί
1603 1466 1664 1522 τῷ

211 1530 397 1591 εὖνούχῳ
427 1536 470 1583 ἐς
501 1531 653 1589 λόγορς
685 1529 812 1575 αὐτὸν
839 1534 1091 1588 ἐληλυθέναι
1109 1564 1122 1585 ,
1150 1533 1412 1588 καταμηνύει
1437 1529 1514 1586 τὴν
1539 1534 1664 1584 μελε-ι

155 1602 410 1657 κτηθεῖσαν
438 1598 552 1657 αὐτῷ
578 1597 805 1654 ἐπιβουλὴν
833 1597 909 1641 καί
932 1596 980 1640 τὸ
1006 1596 1138 1641 ποσόν
1166 1599 1240 1641 τοῦ
1258 1599 1664 1654 ἐκπεμφθησομένου

307 1679 341 1713 5.
369 1677 505 1722 ψεύδει
531 1678 601 1718 Cl.,
654 1675 775 1721 ψευδῆ
800 1678 894 1723 vulg.
916 1701 920 1704 -
995 1690 1029 1723 9.
1055 1669 1119 1711 διὰ
1146 1677 1262 1712 ταῦτα
1286 1677 1356 1718 Η.,
1397 1677 1515 1710 ταῦτα
1551 1673 1600 1723 [δ’
1629 1674 1666 1708 ἔ-

305 1727 419 1770 λεγεν
450 1724 627 1772 ἐλπίζων]
655 1723 793 1758 εὔνουν
818 1725 914 1758 coni.
939 1723 977 1756 B.
1095 1728 1146 1770 ¹4·
1175 1726 1378 1771 κομίσαιτο
1406 1722 1507 1757 διαν.
1543 1722 1664 1756 Vales.

305 1773 421 1813 male,
455 1770 601 1817 διανεμ.
640 1770 740 1818 [τοῖς
771 1771 837 1804 ὑπ’
876 1769 1018 1818 αὐτόν]
1054 1783 1152 1806 ταττ.
1178 1772 1273 1806 coni.
1300 1772 1339 1806 B.
1451 1772 1500 1805 15.
1525 1768 1668 1814 προδε-

309 1817 470 1863 δομένος
506 1817 648 1858 Vales.,
687 1817 996 1864 προσδεδομένος
1030 1819 1124 1864 vulg.
1220 1817 1390 1861 ἐλελήθει
1413 1817 1466 1858 Β.,
1490 1815 1667 1858 ἐληλύθει

306 1865 401 1910 vulg.
532 1865 584 1898 18.
610 1863 652 1898 ἐν
676 1865 778 1909 αἰτίᾳ
804 1864 987 1905 CantocL,
1013 1864 1166 1900 ἐναντία
1188 1865 1283 1910 vulg.

215 1934 401 1974 tulerunt,
426 1933 502 1967 sive
527 1932 599 1965 alia
622 1932 830 1966 nuntiaturi
855 1933 1060 1966 venerimus
1075 1959 1085 1973 ‚
1118 1933 1302 1967 neminem
1339 1933 1411 1967 nisi
1450 1931 1578 1967 ducem
1601 1943 1668 1966 ve-

215 1988 329 2015 strum
355 1991 528 2026 quaerere
553 1978 682 2020 decet,
719 1989 840 2024 neque
875 1979 921 2012 de
945 1978 1003 2012 his
1034 1990 1117 2013 cum
1149 1980 1231 2012 aliis
1257 1979 1333 2012 ullo
1359 1985 1464 2023 pacto
1491 1978 1668 2013 disserere

212 2028 507 2061 constituimus.“
555 2026 615 2058 Illi
648 2036 733 2059 vero
755 2037 822 2058 nos
856 2036 966 2070 quam
1001 2026 1159 2070 primum
1198 2026 1300 2059 abire
1327 2026 1522 2061 iusserunt.
1573 2027 1669 2060 Dum

218 2074 379 2108 reditum
411 2072 649 2118 parabamus,
686 2072 819 2117 Bigilas
852 2083 918 2104 nos
954 2077 1104 2117 propter
1140 2073 1416 2118 responsionem
1442 2070 1584 2117 Scythis
1612 2072 1670 2105 sa-

218 2127 312 2156 ctam
336 2119 546 2164 increpavit.
595 2119 717 2164 Longe
743 2119 842 2152 enim
866 2118 989 2163 potius
1015 2120 1127 2152 fuisse
1151 2119 1190 2153 in
1213 2117 1404 2152 mendacio
1429 2118 1670 2164 deprehendi,

220 2179 328 2214 quam
355 2178 393 2201 re
419 2167 555 2200 infecta
581 2164 729 2198 domum
755 2167 898 2199 reverti.
946 2165 1007 2203 „Si
1033 2165 1150 2207 enim,
1175 2165 1319 2212 inquit,
1343 2177 1425 2200 cum
1449 2166 1564 2204 Attila
1591 2166 1670 2200 col-

218 2215 364 2253 locutus
398 2213 572 2253 fuissem,
610 2211 716 2245 facile
755 2211 812 2245 illi
847 2224 867 2245 a
902 2213 1138 2246 contentione
1175 2224 1256 2246 cum
1286 2212 1456 2249 Romanis
1482 2213 1670 2247 discedere

219 2260 501 2307 persuasissem‚
526 2260 664 2305 quippe
689 2258 754 2304 qui
781 2265 887 2292 antea
912 2258 1200 2293 familiaritatem
1225 2270 1305 2293 cum
1329 2259 1396 2294 illo
1421 2260 1461 2295 in
1485 2260 1670 2305 legatione

222 2319 305 2342 cum
318 2307 489 2341 Anatolio
515 2311 680 2350 suscepta
708 2307 906 2339 contraxi.“
929 2306 1049 2351 Atque
1075 2305 1160 2339 inde
1174 2305 1380 2340 Edeconem
1399 2318 1546 2353 quoque
1571 2307 1669 2341 bene

224 2354 296 2388 sibi
321 2354 415 2387 velle
441 2353 553 2393 dixit,
577 2352 737 2399 ideoque
765 2353 885 2397 specie
913 2351 1108 2397 legationis
1135 2358 1173 2386 et
1197 2363 1343 2395 eorum,
1378 2365 1472 2399 quae
1496 2364 1582 2388 vere
1607 2359 1672 2387 aut

224 2401 317 2435 falso
343 2400 475 2434 dicturi
501 2405 640 2441 essent,
668 2410 737 2444 ope
761 2400 854 2435 viam
879 2410 916 2432 se
940 2400 1152 2433 inventuros
1174 2410 1252 2434 esse
1276 2401 1447 2445 speravit,
1473 2413 1545 2447 qua
1570 2413 1671 2435 com-

224 2447 360 2493 positas
394 2447 434 2480 iu
459 2446 611 2480 Attilam
640 2445 792 2480 insidias
829 2451 1132 2491 exsequerentur,
1170 2451 1208 2480 et
1238 2457 1364 2480 aurum
1383 2473 1394 2489 ,
1425 2459 1499 2499 quo
1525 2447 1672 2483 Edecou

226 2493 299 2527 sibi
323 2493 368 2526 ad
395 2505 470 2527 eam
498 2505 574 2526 rem
598 2504 689 2538 opus
716 2504 793 2526 esse
819 2492 985 2527 eunucho
1013 2491 1162 2533 dixerat,
1186 2492 1413 2537 adferretur,
1439 2495 1539 2542 quod
1563 2496 1671 2529 certis

226 2539 439 2574 hominibus
465 2539 702 2574 divideretur.
753 2540 824 2574 Sed
849 2539 999 2585 Bigilam
1024 2539 1183 2582 latebat,
1208 2552 1246 2574 se
1270 2541 1483 2586 proditum:
1524 2542 1671 2576 Edecou

228 2588 347 2626 enim,
379 2587 454 2621 sive
488 2587 657 2620 simulate
694 2597 776 2620 cum
812 2585 978 2620 eunucho
1018 2592 1164 2631 pactus,
1202 2588 1278 2622 sive
1310 2594 1351 2622 ut
1373 2588 1420 2622 ab
1446 2590 1573 2625 Oreste
1598 2587 1672 2622 sibi
1851 2606 1871 2618 .-

228 2637 390 2673 caveret‚
417 2645 463 2666 ne
489 2633 536 2667 ob
562 2645 642 2667 eam
668 2645 811 2667 causam
827 2659 836 2674 ,
861 2644 968 2678 quam
994 2634 1033 2667 in
1058 2633 1202 2667 Serdica
1227 2634 1325 2669 inter
1349 2636 1573 2670 coenandum
1603 2647 1671 2669 no-

227 2680 285 2713 bis
316 2678 560 2720 indicaverat,
597 2682 710 2714 iratus
743 2680 789 2713 ad
819 2680 971 2714 Attilam
999 2678 1177 2722 deferret,
1215 2681 1315 2728 quod
1339 2682 1418 2716 sine
1442 2694 1481 2716 se
1515 2688 1671 2717 secretos

228 2737 411 2760 sermones
433 2722 510 2759 cum
529 2729 752 2772 Imperatore
773 2733 810 2761 et
832 2725 999 2761 eunucho
1029 2726 1238 2768 habuisset,
1269 2729 1406 2764 Attilae
1431 2736 1672 2774 comparatam

229 2775 269 2807 in
298 2775 416 2817 ipsum
445 2775 734 2808 coniurationem
767 2774 930 2820 aperuit,
962 2778 1000 2807 et
1035 2774 1112 2807 auri
1151 2787 1349 2817 summam,
1381 2787 1490 2821 quam
1522 2777 1561 2809 in
1593 2788 1672 2810 eam

229 2830 306 2854 rem
333 2820 429 2854 mitti
463 2827 706 2864 convenerat,
739 2822 845 2857 simul
875 2826 912 2854 et
945 2832 1008 2863 ea,
1043 2832 1136 2867 quae
1158 2834 1222 2868 per
1246 2834 1311 2856 nos
1334 2823 1372 2857 in
1395 2825 1462 2858 ista
1490 2823 1671 2870 logatione
