1924 3164
623 161 658 201 E
693 159 867 201 musci
906 156 1182 199 nis‘romA.
1513 155 1626 209 209
1677 218 1679 220 q

177 267 234 322 ἕῳ
270 262 585 317 στρατιωτικῶν
622 256 768 316 ἆργων
800 260 1020 316 ταγμάτων
1062 257 1260 312 ὖπεξάγει
1295 259 1373 300 τοῦ
1412 258 1624 314 φρουρίου
1634 263 1673 296 Α.
1690 262 1731 296 C.
1746 255 1816 304 448

176 329 252 385 τὴν
279 326 433 385 κόρην,
461 330 535 370 καί
564 324 734 385 Ῥούφῳ
762 329 868 380 τινὶ,
895 325 962 370 ἑνί
992 328 1075 369 τῶν
1101 326 1363 380 ἐπιτηδείων,
1391 324 1595 379 κατεγγυᾷ
1614 311 1744 396 ’,1133οέ
1747 362 1770 396 d
1783 361 1825 406 4¹

176 392 333 449 ταύτης
365 395 411 435 δὲ
439 394 723 451 ἀφῃρημένης,
762 391 786 434 ὅ
813 393 1108 441 Κωνστάντιος
1135 392 1269 433 ἐδεῖτο
1295 391 1370 432 τοῦ
1389 387 1628 445 βαρβάρου,
1773 387 1779 394 ’

180 461 482 515 ἔνυβρισμένον
513 455 643 510 αὐτὸν
667 458 731 512 μῆ
757 460 1064 513 περιορᾶσθαι,
1095 459 1187 499 ἀλλ’
1216 451 1244 512 ἢ
1278 455 1354 512 την
1381 455 1674 512 ‹imaum-‘hate

154 530 263 573 5oav
289 522 317 582 ἢ
341 524 414 568 καὶ
440 520 571 580 ἄλλην
597 521 712 582 αύτῷ
743 525 942 566 δίδοσθαι
960 522 1144 578 γαμετήν
1172 525 1329 579 φέρνην
1355 521 1635 564 εἷσοίσουσαν.

182 589 300 646 παρὰ
338 589 412 634 τὸν
447 592 524 633 τοῦ
562 589 730 632 δείπνου
768 592 906 632 τοίνυν
934 587 1079 645 καιρὸν
1117 587 1139 630 ὅ
1168 586 1387 643 βάρβαρος
1416 589 1549 641 λέγειν
1576 587 1635 642 τῷ

182 653 451 712 βασιλεύοντι
475 655 548 699 τὸν
572 658 816 709 Μαξιμῖνον
861 657 1042 709 ἐκέλευε,
1070 653 1129 710 μὴ
1155 657 1313 710 χρῆναι
1336 655 1408 710 τῆς
1435 654 1480 704 ἐξ
1507 648 1741 708 αύτοῦν,47

182 721 256 764 τὸν
284 719 582 767 Κωνστάντιον
608 723 776 772 ἐλπίδος
801 724 1076 776 διαμαρτεῖν·
1142 715 1237 763 οὔτε
1280 719 1363 777 γὰρ
1392 723 1567 774 βασιλεῖ’
1590 717 1637 760 τὸ

183 785 424 840 ψεύδεσθαι
445 819 459 830 .
519 789 658 830 ταῦτα
687 789 734 830 δὲ
765 785 789 828 ὅ
808 834 810 837 ,
831 783 1041 842 Ἀττὴλας
1068 787 1315 840 ἐνετέλλετο,
1343 786 1641 840 ὑποσχομένου

135 855 488 899 ιοΚωνσταντίου
513 851 716 910 χρήματα
745 851 922 906 δώσειν,
961 854 1002 896 εἷ
1026 854 1111 896 τῶν
1141 852 1388 904 ζαπλούτων
1415 851 1533 910 αὐτῷ
1561 868 1645 892 πα·-

188 918 246 976 ρὰ
272 919 500 973 Ῥωμαίοις
526 921 828 975 κατεγγυηθείη
854 919 974 975 γυνή.

303 988 393 1028 Τοῦ
432 987 480 1028 δὲ
516 988 756 1039 συμποσίου
784 983 1096 1040 ὑπεξελθόντες,
1136 985 1244 1040 μετὰ
1270 985 1345 1042 την
1372 987 1503 1030 νύκτα
1541 985 1648 1042 ἦμε-

190 1053 278 1107 ρῶν
308 1053 612 1105 διαγενομένων
637 1053 778 1107 τριῶν,
798 1052 1078 1108 διηφείθημεν
1104 1051 1257 1109 δώροις
1274 1057 1363 1101 τοῖς
1389 1050 1651 1109 προσήκουσι

190 1119 465 1172 τιμηθέντες·
520 1116 679 1170 ἔπεμπε
722 1118 769 1158 δὲ
812 1114 834 1158 ὃ
863 1117 1066 1173 Ἀττήλας
1106 1118 1181 1160 καὶ
1205 1121 1392 1173 Βέριχον
1429 1116 1651 1174 τὸνῆμῶν

141 1184 239 1232 ιόἐν
274 1184 331 1242 τῷ
375 1184 596 1241 συμποσίῳ
633 1185 1004 1239 προκαθεσθέντα,
1047 1179 1184 1240 ἄνδρα
1222 1185 1305 1226 τῶν
1342 1183 1535 1238 λογάδων
1576 1184 1651 1226 καί
1661 1206 1693 1239 D

191 1251 358 1292 πολλῶν
386 1250 432 1292 έν
459 1251 512 1307 τῇ
539 1250 728 1305 Σκυθικῇ
756 1250 910 1302 κωμῶν
936 1244 1122 1304 ἄρχοντα
1139 1282 1152 1303 ,
1193 1249 1311 1305 παρὰ
1342 1250 1524 1304 βασιλέα
1551 1267 1654 1305 πρε·-

192 1313 500 1371 σβευσόμενον,
531 1309 669 1364 ἄλλως
688 1331 733 1358 τε
761 1314 836 1356 καί
864 1311 995 1358 αύτὸν
1022 1311 1092 1359 οἷα
1122 1315 1175 1371 δὴ
1203 1319 1383 1372 πρέσβιν
1408 1308 1526 1371 παρά
1551 1317 1688 1373 ‘Pon-as

193 1380 334 1436 μαίων
377 1382 608 1433 δέξασθαι.
675 1382 939 1434 ποιουμένων
980 1382 1028 1423 δὲ
1085 1381 1208 1437 ἡμῶν
1248 1380 1326 1437 τὴν
1368 1384 1546 1439 πορείαν
1584 1383 1660 1424 καὶ

195 1445 301 1503 πρὸς
336 1443 455 1504 κώμῃ
483 1445 808 1488 καταλυσάντων
836 1446 947 1500 τινὶ,
986 1444 1077 1502 ἥλω
1111 1446 1282 1502 Σκύθης
1312 1442 1421 1504 ἆνῆρ
1450 1463 1660 1490 κατασκο-

142 1515 279 1569 αοπῆς
310 1511 431 1556 ἕνεκα
458 1513 505 1555 ἐκ
531 1514 606 1568 τῆς
626 1513 848 1566 Ῥωμαίων
867 1515 912 1562 ἐς
941 1512 1018 1569 τὴν
1036 1513 1256 1570 βάρβαρον
1285 1513 1545 1570 διαβεβηκώς
1570 1511 1663 1568 χώ-

199 1596 325 1636 ραν’,
360 1577 436 1621 καί
465 1576 598 1620 αὐτὸν
625 1575 827 1633 Ἀττήλας
857 1579 1272 1635 ἀνασκολοπισθῆναι
1300 1574 1665 1636 παρεκελεύσατο.

202 1647 259 1703 τῇ
286 1645 334 1687 δὲ
364 1641 544 1701 ἐπιούσῃ
574 1645 632 1686 δι’
658 1641 812 1700 ἑτέρων
841 1646 995 1698 κωμῶν
1012 1647 1308 1701 πορευομένων
1335 1645 1482 1700 ἡμῶν,
1512 1639 1664 1701 ἄνδρες

205 1710 284 1753 δύο
311 1712 394 1754 ταῖν
421 1709 541 1767 παρὰ
571 1708 760 1760 Σκύθαις
789 1710 1076 1754 δουλευόντων
1102 1706 1274 1767 ἤγοντο,
1301 1711 1436 1755 ὄπίσω
1454 1710 1514 1754 τιὸ
1541 1718 1663 1767 χεῖρε

298 1804 331 1838 8.
354 1796 561 1846 βασιλικὸν
584 1800 678 1834 coni.
703 1801 741 1834 B.
836 1813 872 1846 9.
895 1801 1062 1848 πρέπειν
1089 1800 1171 1835 add.
1196 1800 1240 1834 N.
1266 1805 1352 1847 post
1374 1799 1603 1845 ψεύδεσθαι.

204 1880 443 1915 orientalium
468 1881 694 1915 exercituum
720 1880 794 1914 dux
818 1885 934 1922 esset,
959 1882 1121 1927 puellm
1146 1879 1312 1914 custodia
1337 1880 1486 1922 eduxit,
1510 1886 1548 1915 et
1570 1879 1663 1913 Rufo

203 1928 370 1968 cuidam,
396 1928 461 1961 uni
485 1940 531 1963 ex
560 1928 636 1962 suis
661 1927 890 1968 necessariis,
914 1927 1123 1973 despondit.
1173 1927 1250 1961 Hae
1272 1928 1397 1972 puella
1421 1927 1495 1960 sibi
1520 1926 1666 1961 subtra-

203 1981 285 2017 cta,
319 1975 556 2009 Constantius
582 1974 776 2008 barbarum
801 1973 952 2015 orabat,
988 1985 1036 2008 ne
1061 1974 1133 2007 sibi
1157 1974 1289 2007 factam
1313 1974 1573 2008 contumeliam
1596 1985 1666 2008 ne·—

204 2022 377 2068 gligeret,
402 2022 467 2056 sed
489 2022 699 2067 perficeret,
723 2027 766 2054 ut
788 2021 860 2054 sibi
886 2031 979 2054 uxor
1003 2021 1149 2055 daretur
1171 2025 1236 2053 aut
1254 2031 1310 2062 ea,
1328 2032 1423 2066 quae
1444 2027 1569 2067 erepta
1587 2021 1669 2054 fue-

206 2074 285 2110 rat,
311 2074 377 2103 aut
402 2070 514 2102 etiam
538 2069 630 2108 alia,
660 2079 754 2114 quae
787 2068 910 2101 dotem
934 2066 1100 2102 adferret.
1151 2067 1400 2112 Quamobrem
1430 2078 1498 2112 per
1529 2078 1667 2102 coenae

206 2122 353 2161 tempus
385 2114 560 2149 barbarus
594 2115 832 2149 Maximinum
858 2116 1074 2159 Imperatori
1099 2113 1220 2147 dicere
1244 2114 1372 2156 iussit,
1397 2126 1472 2148 non
1497 2119 1667 2160 oportere

208 2162 466 2198 Constantium
500 2174 564 2207 spe
589 2161 635 2195 ab
661 2164 742 2207 ipso
768 2161 925 2196 excitata
948 2161 1050 2203 falli,
1087 2166 1125 2195 et
1154 2161 1201 2194 ab
1222 2161 1458 2207 Imperatoris
1486 2161 1666 2207 dignitate

208 2210 372 2244 alienum
397 2209 534 2250 videri,
569 2208 780 2242 mendacem
812 2219 900 2242 esse.
951 2208 1048 2242 Haec
1075 2208 1209 2241 Attilas
1233 2208 1435 2242 Maximino
1457 2207 1666 2249 mandavit,

209 2261 405 2303 propterea
429 2256 529 2303 quod
553 2256 790 2290 Constantius
819 2255 877 2288 illi
902 2256 1086 2300 ingentem
1110 2254 1288 2299 pecuniae
1314 2266 1492 2291 summam
1515 2255 1667 2299 pollici-

210 2309 271 2336 tus
294 2308 391 2344 erat,
414 2303 445 2336 si
470 2313 620 2336 uxorem
639 2314 659 2336 e
677 2302 846 2335 Romanis
862 2302 997 2347 puellis
1014 2301 1235 2347 locupletem
1251 2302 1410 2337 duceret.
1460 2301 1536 2335 Sub
1557 2309 1665 2337 nocte

211 2362 234 2384 a
257 2359 371 2384 coena
395 2350 636 2385 discessimus.

309 2396 443 2430 Tribus
470 2396 604 2430 deinde
630 2394 761 2428 diebus
789 2395 942 2440 elapsis,
975 2394 1188 2428 muneribus
1214 2394 1341 2428 donati
1366 2394 1507 2429 dimissi
1531 2407 1666 2429 sumus.

214 2443 348 2477 Attilas
379 2454 526 2489 quoque
549 2442 767 2482 Berichum,
802 2442 920 2476 virum
945 2451 966 2475 e
993 2441 1158 2486 Scythiae
1190 2441 1434 2487 primoribus,
1469 2443 1668 2476 multorum

214 2490 379 2525 vicorum
402 2491 442 2524 in
467 2489 616 2534 Scythia
643 2488 850 2531 dominum,
876 2494 914 2522 et
942 2488 1006 2533 qui
1034 2490 1074 2522 in
1099 2489 1266 2523 convivio
1291 2491 1480 2534 superiore
1503 2489 1585 2522 loco
1612 2501 1670 2523 se-

217 2537 343 2578 derat,
366 2536 557 2571 nobiscum
580 2537 740 2582 legatum
764 2534 812 2575 ad
826 2536 1087 2580 Imperatorem
1109 2535 1220 2569 misit.
1269 2535 1376 2570 Hunc
1399 2537 1497 2570 enim
1524 2542 1562 2570 et
1579 2537 1669 2569 alias

216 2583 369 2618 Romani
392 2595 458 2629 pro
482 2584 601 2629 legato
628 2582 858 2616 admiserant.
914 2581 1029 2616 Nobis
1054 2587 1175 2615 autem
1217 2583 1288 2615 iter
1321 2583 1599 2617 conficientibus
1634 2588 1672 2615 et

219 2632 262 2665 in
286 2631 365 2665 vico
390 2629 548 2675 quodam
573 2629 901 2669 commorantibus,
926 2634 1050 2673 captus
1078 2634 1133 2662 est
1155 2629 1210 2662 vir
1234 2629 1392 2673 Scytha,
1416 2631 1481 2675 qui
1506 2641 1526 2662 a
1542 2630 1675 2662 Roma-

220 2677 277 2711 nis
310 2676 521 2721 explorandi
563 2677 676 2723 gratia
724 2676 765 2709 in
810 2674 1002 2708 barbaram
1036 2676 1220 2722 regionem
1256 2675 1520 2717 descenderat,
1561 2687 1672 2722 quem

220 2725 336 2759 crucis
369 2723 550 2769 supplicio
584 2723 682 2757 affici
707 2722 837 2757 Attilas
868 2723 1065 2770 praecepit.
1126 2722 1305 2757 PostridIe
1342 2724 1454 2757 etiam
1486 2721 1573 2756 dum
1607 2733 1673 2770 per

264 2793 476 2839 DexippuS,
501 2792 697 2838 Eunapius
720 2799 786 2825 etc.
1370 2791 1412 2836 ¹4
