1838 3210
165 155 327 196 XLVIII
427 151 719 196 DEDICATIO
757 151 1028 194 EDITIONIS
1063 151 1323 195 VENETAE.

167 259 342 315 ‘fficsstl‘’
371 265 413 297 ut
433 271 501 296 nec
521 255 636 297 Galli
650 258 730 296 nisi
742 255 792 296 de
806 255 1013 311 Hispanis,
1036 270 1106 295 nec
1115 255 1294 311 Hispani
1306 256 1447 296 niside
1459 257 1591 299 Gallis

165 324 325 365 solliciti
338 330 470 362 essent.
524 322 638 362 Nunc
652 322 760 362 rebus
777 322 845 360 vel
859 322 1078 376 compositis
1093 350 1106 372 ,
1134 322 1202 361 vel
1213 337 1340 377 paene
1358 325 1589 378 compositis,

169 399 207 430 et
225 388 459 429 immutabili
471 403 572 442 pace
580 388 780 443 firmatis,
806 387 905 452 qgcid
929 395 985 425 esc
1009 388 1222 442 reliquum,
1251 389 1329 426 nisi
1354 396 1396 426 ut
1420 397 1521 427 artes
1546 402 1595 427 ac

164 455 395 510 disciplinas
421 454 478 492 acl
486 454 721 508 populorum
748 461 899 490 tuorum
910 452 1148 504 felicitatem
1167 466 1400 507 promoveas
1416 456 1436 491 P
1461 453 1593 506 Regno

166 530 252 560 tam
279 521 390 572 longe
415 520 566 574 lateque
576 518 676 569 suso
704 531 903 572 tamquam
929 517 1089 556 deerzmt
1113 531 1223 572 opes:
1252 518 1324 556 sed
1333 547 1343 566 ‚
1373 518 1481 573 quod
1503 531 1594 572 opes

171 587 277 641 ipsas
303 599 433 637 regere
465 591 591 637 potest
633 591 671 621 et
695 582 753 621 ad
778 583 940 622 humani
961 583 1112 635 genem‘s
1138 597 1245 622 usum
1271 583 1590 632 accommodare,

167 660 310 690 rectum
350 650 400 688 de
428 649 537 687 rebus
575 648 747 687 omnibus
774 648 984 697 iudicium,
1015 663 1042 687 a
1069 649 1285 692 litterarum
1314 649 1449 687 studiis
1466 649 1595 704 profi-

165 718 259 756 cisci
284 716 413 763 debet,
454 713 672 752 litterarum
696 714 826 752 studia
851 728 877 752 a
904 715 1093 753 librorum
1119 723 1158 752 et
1182 715 1432 755 librariorum
1458 715 1593 753 tutela.

167 782 299 821 Debes
341 781 412 818 hoc
450 778 612 818 divinae
647 780 943 834 providentiae,
988 793 1087 834 quae
1121 779 1294 818 Domum
1325 780 1450 818 Tuam
1476 794 1596 834 supra

167 847 335 900 reliquos
361 845 547 899 Europae
565 845 768 900 Principes
789 845 1056 899 pulcherrima
1076 846 1192 899 prole
1202 846 1419 896 ⁸fortunare
1446 846 1596 895 voluit‚·

169 920 212 950 ut
236 912 317 948 iam
335 923 414 948 non
437 910 551 948 modo
578 910 761 965 Hispano
800 924 917 963 regno
959 911 1002 949 in
1038 924 1167 949 seram
1188 911 1453 964 posteritatem
1474 925 1518 948 su
1551 925 1597 949 e-

168 986 278 1016 ctura
301 975 506 1023 videatur,
536 974 607 1014 sed
633 976 808 1014 aliarum
835 990 983 1030 quoque
1004 976 1300 1029 provinciarum
1319 990 1426 1030 spem
1451 985 1489 1014 et
1523 991 1597 1016 ex-

166 1042 438 1096 spectationem
464 1049 716 1079 commoveat.
756 1040 848 1079 Non
872 1049 982 1095 potes
1000 1040 1148 1092 ingenti
1171 1041 1258 1078 huic
1273 1040 1357 1079 Dei
1382 1049 1462 1095 opt.
1479 1055 1596 1080 max.

168 1107 349 1162 beneficio
373 1107 499 1160 aptius
523 1106 752 1160 respondere
766 1135 776 1154 ‚
822 1120 940 1161 quam
971 1106 1008 1144 si
1024 1114 1064 1144 tu
1086 1119 1234 1160 quoque
1247 1134 1257 1153 ‚
1289 1106 1470 1160 exemplo
1494 1106 1598 1156 eius,

169 1172 394 1212 mortalibus
414 1172 658 1223 benefacias‚·
678 1172 720 1210 in
746 1186 864 1226 eoque
890 1173 1068 1210 maxime
1085 1171 1302 1223 benefacias
1315 1200 1325 1219 ‚
1355 1172 1398 1209 in
1434 1185 1509 1226 quo
1525 1167 1600 1227 ap-

169 1245 316 1293 pareat
328 1266 339 1285 ‚
358 1245 592 1291 quantopere
603 1237 851 1291 privatorum
868 1237 1045 1275 tenuitati
1053 1237 1175 1288 Regia
1194 1237 1409 1291 amplitudo
1421 1237 1601 1291 praecel-

171 1304 249 1342 lat.
305 1301 386 1341 Ars
404 1303 497 1340 haec
520 1311 666 1350 nostra,
695 1301 983 1356 Philosophiae,
1010 1301 1253 1353 leeologiae‚
1274 1303 1379 1340 sacri
1400 1302 1602 1356 civilisque

174 1368 281 1407 Iuris
298 1368 483 1422 totiusque
505 1366 730 1421 Sapientiae
741 1367 974 1413 administra
990 1396 1002 1418 ‚
1018 1367 1190 1421 privatis
1208 1367 1342 1422 opibus
1369 1375 1407 1406 et
1432 1368 1602 1406 consiliis

173 1442 277 1472 stare
297 1434 429 1488 nequit
444 1451 456 1471 :
485 1446 554 1470 nec
572 1446 666 1471 vero
687 1446 756 1484 ego
778 1441 860 1470 tam
885 1433 1017 1484 ingens
1035 1446 1130 1486 opus
1150 1445 1303 1471 movere
1327 1447 1439 1471 ausus
1465 1447 1599 1481 essem,

173 1500 212 1538 si
224 1500 275 1538 de
299 1513 357 1537 me
376 1498 638 1537 tantummodo
663 1499 900 1550 cogitassem.
938 1497 991 1536 In
1018 1498 1273 1536 humanarum
1293 1513 1421 1536 rerum
1428 1499 1604 1550 fastigia

173 1565 306 1604 oculos
343 1572 583 1619 mentemque
609 1564 756 1602 conieci
765 1578 781 1612 ,·
822 1572 859 1602 et
893 1562 1000 1618 quod
1033 1563 1212 1617 inprimis
1239 1564 1337 1601 mihi
1357 1563 1607 1617 praefialgere

174 1631 302 1668 visum
337 1637 392 1667 est
405 1658 416 1679 ‚
451 1642 495 1667 eo
524 1637 727 1683 tamquam
761 1628 886 1667 sidere
899 1658 909 1676 ,
948 1628 1055 1682 quod
1077 1628 1259 1678 faustum
1277 1630 1606 1683 fhracnatumque

175 1703 293 1743 esset,
326 1695 461 1733 moliri
479 1696 602 1748 coepi.
656 1693 764 1733 Ades
795 1695 914 1746 igitur
942 1694 1095 1732 homini
1125 1695 1183 1740 (ut
1210 1701 1381 1732 veterum
1401 1692 1606 1747 Hispano-

174 1774 262 1800 rum
287 1774 395 1799 more
430 1760 586 1815 loquar)
621 1759 759 1798 devoto
784 1759 953 1798 Numini
964 1758 1235 1813 Maiestatique
1259 1757 1299 1796 T
1293 1772 1395 1806 uae,·
1421 1757 1607 1796 industri·-

175 1839 314 1880 amque
354 1839 482 1864 meam
516 1826 558 1864 in
589 1840 631 1863 re
653 1835 736 1864 tam
765 1826 885 1877 gravi
912 1832 1136 1879 occupatam
1169 1824 1274 1876 regio
1304 1823 1458 1862 nomine
1495 1831 1577 1876 tege
1590 1851 1606 1872 ,

175 1891 347 1946 auspicio
350 1891 459 1944 fove
473 1920 483 1940 ‚
504 1891 704 1945 praesidio
726 1899 906 1930 sustenta.

837 2108 1262 2148 anrnonomuus
1305 2101 1548 2144 Inuum
1563 2131 1575 2153 ,

969 2192 1211 2218 TrPoanPnus
1244 2191 1414 2216 VRNBTUS.
