1924 3164
358 146 465 221 592
717 160 948 209 PHILIPPI'
980 160 1176 210 LABBEI
1206 169 1387 212 NOTAE

531 267 591 310 Ta
617 269 723 309 velut
751 272 911 321 ignarus
921 271 1048 322 salsis
1073 273 1287 312 rumoribus
1314 273 1433 312 audes

524 325 644 363 Vana
673 325 806 378 loqui,
838 326 1015 379 turpique
1041 326 1133 365 dolo
1158 341 1263 365 nova
1288 329 1439 366 somnia
1453 327 1579 383 fingis·
1595 334 1675 369 etc.

359 380 565 430 Quantum
590 393 686 417 vero
706 379 897 417 damnum
932 381 1133 419 Romanae
1162 382 1220 420 rei
1246 381 1428 434 publicae
1457 382 1637 422 intulerit
1661 394 1786 436 repu-

354 435 464 472 diata
482 434 664 472 Abarum
689 434 882 484 amicitia,
913 435 1058 473 docent
1086 443 1173 474 tum
1198 438 1316 475 ceteri
1347 436 1453 482 illius
1476 438 1664 490 temporis
1686 439 1786 476 scri-

356 496 487 541 ptores
503 517 514 537 ,
554 487 841 526 tumloannes
869 503 914 527 ex
942 489 1169 529 Biclariensi
1203 490 1363 529 Abbate
1397 492 1666 531 Gerundensis
1683 492 1786 544 Epi-'-

357 557 498 595 scopus
514 571 525 591 ‚
558 542 609 580 ad
636 555 786 580 annum
813 543 954 582 Iustini
974 545 1026 582 X.
1054 552 1092 583 et
1121 545 1273 583 Tiberii
1298 546 1332 584 Ι.
1361 560 1407 584 ac
1429 547 1499 586 III.
1554 547 1659 585 Nam
1680 558 1784 600 quae

351 597 429 635 sub
448 597 662 645 Mauricio,
693 597 830 636 Phoca
857 605 897 636 et
940 598 1126 638 Heraclio
1156 607 1291 652 postea
1329 601 1580 653 contigerunt
1597 630 1610 653 ‚
1644 615 1689 639 ex
1718 599 1784 638 Si-

213 651 250 686 P.
279 658 548 700 112moeatta‚
591 651 791 690 Chronico
827 652 1120 701 Alexandrino,
1151 661 1323 707 utroque
1351 655 1607 708 Nicephoro‚
1646 655 1784 694 Theo·

352 705 485 759 phane
503 735 514 756 ‚
549 705 714 759 aliisque
740 707 803 745 vix
833 709 1004 759 cuipiam
1035 711 1169 761 ignota
1193 723 1275 748 esse
1295 709 1483 749 arbitror.

460 761 565 812 Pag.
583 774 649 799 22.
665 760 719 799 A.
739 760 856 814 [484,
879 761 960 815 15.]
1004 763 1243 814 Bombyczcm
1265 765 1452 816 originem
1483 765 1595 804 homo
1620 763 1782 819 quidam

352 814 481 854 Persa
505 815 722 854 Iastinz'ano
742 817 955 870 imperante
972 817 1306 872 Constantinopoli
1331 819 1506 858 ostendit.
1562 819 1784 872 Procopius

355 869 618 908 Caesariensis
648 871 851 909 monachis
880 871 1117 923 quibusdam
1151 886 1196 910 ex
1218 873 1330 910 India
1356 873 1544 925 profectis
1574 874 1783 913 inventum

350 922 432 962 hoc
467 925 608 963 tribuit
636 924 706 963 lib.
736 922 778 977 4.
808 925 857 963 de
887 926 994 964 bello
1009 926 1178 965 Gothico
1205 927 1359 980 paginis
1389 926 1478 978 545.
1503 935 1542 966 et
1569 927 1682 979 546„
1709 927 1783 966 ubi

352 986 470 1017 vocat
507 976 720 1031 σκώληκας
744 977 819 1030 τῆς
846 978 1024 1032 μετάξης
1054 977 1330 1033 δημιουργούς
1351 1011 1363 1031 ‚
1392 981 1466 1033 τῆς
1505 975 1673 1034 φύσεως
1700 975 1783 1020 αὖέ-

351 1036 437 1079 τοῖς
469 1031 718 1073 διδασκάλου
749 1047 794 1071 τε
824 1027 967 1086 οὔσης,
1009 1035 1081 1074 καί
1107 1034 1302 1086 διηνεκῶς
1326 1031 1632 1088 α’ναγκαζούσης
1660 1030 1782 1088 ἐργά-

353 1086 518 1135 ζεσθαι.
581 1088 643 1127 De
675 1088 939 1142 bombycibus
967 1103 1092 1142 pauca
1130 1090 1346 1128 admodum
1371 1090 1691 1144 Theophylactus
1716 1090 1781 1129 Si-

351 1150 528 1180 mocatta
547 1156 633 1195 cap.
652 1158 694 1197 9.
717 1142 788 1181 lib.
819 1158 855 1197 7.
880 1158 919 1195 p.
946 1158 1032 1197 177·
1059 1146 1188 1197 regiae
1216 1144 1337 1183 edit.:
1370 1146 1411 1183 in
1445 1145 1648 1196 Excerptis
1672 1143 1781 1197 apud

351 1196 546 1235 Photium
572 1198 663 1236 cod.
683 1197 749 1237 65.
766 1198 954 1236 dicuntur
978 1196 1182 1250 σκώληκες
1210 1198 1408 1244 τίκτοντες
1429 1195 1503 1250 τὴν
1524 1197 1683 1250 ἐσθῆτα
1704 1196 1782 1250 τὴν

351 1248 558 1304 Σηρικὴν,
597 1267 688 1291 cum
712 1252 928 1291 simocatta
963 1254 1179 1306 scripsisset
1202 1252 1245 1300 ἐξ
1274 1245 1333 1292 ὧν
1367 1248 1419 1291 τὰ
1454 1249 1635 1306 Σηρώων
1656 1254 1781 1303 (forte

351 1304 500 1358 Σηρῶν
525 1328 578 1335 ·—
600 1307 824 1359 ΣηρικῶνΡ
857 1307 909 1345 Ν.
942 1331 994 1336 —
1024 1307 1311 1360 reponendum)
1340 1307 1566 1359 καθέστηκε
1594 1304 1779 1358 νάματαρ

351 1374 454 1412 quae
473 1375 546 1413 pro
573 1375 685 1400 more
716 1361 885 1414 sublegit
913 1376 1004 1400 cum
1027 1362 1111 1400 aliis
1137 1362 1335 1414 plerisque
1358 1362 1391 1400 Ν
1398 1361 1606 1414 icephorus
1626 1361 1781 1402 Callisti

349 1414 380 1453 l.
405 1415 466 1466 18,
501 1416 697 1454 Historiae
716 1416 1012 1455 Ecclesiasticae
1028 1431 1114 1470 cap.
1126 1419 1190 1455 30.
1218 1417 1279 1454 De
1307 1416 1368 1454 his
1395 1416 1589 1455 videndus
1616 1417 1782 1456 omnino

350 1470 493 1507 Suidas
522 1471 563 1507 in
592 1471 687 1508 dict.
716 1469 847 1521 Σῆρες
884 1478 924 1509 et
953 1467 1123 1522 Σηρική.
1179 1470 1263 1508 Nec
1290 1470 1531 1508 omittendus
1560 1471 1781 1510 Menander

349 1523 561 1562 Protector
601 1539 692 1577 pag.
729 1524 817 1563 106.
847 1525 941 1563 edit.
985 1526 1139 1577 regiae,
1179 1525 1249 1562 ubi
1287 1524 1544 1563 Cantoclarus
1582 1525 1781 1577 Interpres

349 1577 500 1632 ubique
529 1580 649 1617 vertit
669 1593 889 1633 purpuram
905 1610 914 1626 ‚
957 1593 1047 1617 cum
1071 1578 1227 1628 μέταξα
1254 1580 1415 1618 sericum
1431 1609 1441 1626 ‚
1487 1593 1555 1617 seu
1583 1579 1778 1630 bombyeiss

349 1647 441 1672 num
458 1647 646 1685 ,pannum
673 1648 718 1672 ex
764 1633 840 1671 filis
866 1633 1113 1672 tenuioribus
1153 1633 1346 1685 depexum
1362 1662 1373 1683 ‚
1413 1640 1482 1672 aut
1505 1641 1610 1672 certe
1627 1664 1638 1681 ‚
1671 1634 1780 1687 quod

347 1687 417 1726 alii
447 1687 625 1738 malunt,
655 1689 825 1726 sericum
852 1687 1021 1725 crudum
1038 1718 1059 1735 ,,
1080 1687 1251 1725 necdum
1271 1687 1421 1737 lotum,
1448 1701 1577 1740 neque
1591 1689 1778 1740 tinctum,

349 1742 420 1780 sed
446 1741 655 1794 αὐτοφυὲς
682 1742 874 1794 significet
895 1772 905 1790 ,
935 1741 999 1781 vel
1027 1742 1120 1794 ipsis
1147 1741 1270 1780 suida
1296 1756 1386 1780 mox
1413 1742 1532 1780 citato
1559 1743 1780 1796 atque'He*

348 1796 486 1849 sychio
514 1796 695 1846 testibus,
724 1803 770 1834 ut
796 1797 931 1849 plures
958 1810 1040 1835 non
1069 1810 1294 1849 congeram.
1349 1796 1471 1847 Quod
1490 1797 1640 1849 insigne
1656 1799 1782 1837 inter-

341 1852 578 1904 pretationis
601 1850 794 1889 mendum
811 1881 821 1901 ‚
851 1851 942 1904 plus
965 1865 1086 1904 quam
1115 1851 1325 1890 duodecies
1353 1852 1457 1889 intra
1491 1851 1590 1890 duas
1614 1853 1779 1905 paginas

348 1906 560 1958 repetitum
581 1936 592 1953 ‚
639 1907 764 1944 miror
791 1907 889 1945 viris
915 1906 1039 1944 doctis
1067 1905 1230 1944 minime
1258 1906 1590 1944 animadversum.
1647 1907 1779 1953 Tanta

345 1974 469 2013 porro
499 1960 549 1998 ab
575 1974 622 1999 eo
648 1967 826 2013 tempore
855 1960 1071 1998 sericorum
1089 1974 1313 2013 pannorum
1332 1961 1444 2012 copia
1472 1960 1513 1998 in
1541 1959 1642 1998 urbe
1668 1958 1778 2014 regia

346 2016 474 2053 extitit
495 2045 507 2065 ‚
554 2022 599 2053 ut
626 2014 746 2067 paulo
772 2021 861 2068 post
887 2015 1083 2067 Corippus
1113 2014 1327 2054 Africanus
1356 2015 1659 2053 Grammaticus
1678 2014 1707 2053 l.
1734 2014 1778 2066 4.

347 2069 398 2107 de
425 2070 610 2108 laudibus
638 2070 779 2108 Iustini
809 2070 1061 2122 Imperatoris
1081 2099 1091 2118 ‚
1124 2069 1333 2108 Iustiniani
1359 2069 1514 2123 nepotis
1542 2082 1588 2108 ac
1618 2082 1776 2109 succes-

346 2125 445 2164 soris
461 2154 473 2177 7
502 2138 643 2163 canere
670 2138 764 2163 vere
795 2125 994 2177 potuerit:

508 2179 668 2217 Interea
692 2180 858 2233 populus
894 2187 992 2217 totas
1026 2178 1288 2232 compleverat
1308 2178 1444 2226 aedes,

513 2234 687 2272 Ornatas
709 2235 823 2272 nexis
843 2233 1002 2272 diversa
1023 2246 1078 2271 ex
1094 2233 1251 2284 fronde
1269 2234 1420 2271 coronis
1434 2263 1445 2281 ‚

507 2288 644 2326 Serica
666 2302 744 2342 per
759 2296 912 2326 cunctas
934 2287 1157 2341 pendebant
1172 2288 1263 2325 vela
1288 2288 1507 2335 columnas,

509 2342 663 2397 Perque
688 2357 800 2380 arcas
822 2344 999 2396 vicosque
1025 2356 1155 2380 omnes
1179 2342 1331 2380 astabat
1350 2351 1507 2396 utraque

510 2396 632 2435 Parte
640 2395 642 2397 ¹
642 2398 802 2447 favens
818 2397 955 2449 vulgus
969 2425 980 2447 ‚
999 2397 1230 2450 palmasque
1266 2397 1443 2450 sinusque
1491 2394 1645 2435 arabat.
1708 2443 1711 2446 ῃ
1786 2413 1790 2415 “

454 2451 556 2503 Pag.
576 2466 641 2489 22.
664 2452 709 2489 B.
724 2450 839 2504 [484,
871 2450 957 2504 25.]
985 2451 1257 2504 Ephtlzalanus
1279 2452 1405 2497 enim,
1487 2451 1771 2503 phthalitarum

345 2520 444 2555 rex,
477 2520 504 2544 a
534 2520 608 2558 quo
629 2507 931 2559 appellationem
951 2506 1169 2543 universam
1191 2519 1307 2556 genus
1326 2505 1465 2543 traxit.
1519 2504 1770 2554 Quibusdam

347 2575 440 2614 ergo
468 2559 669 2598 codicibus
696 2566 881 2612 corrupte
908 2559 1108 2606 dicuntur,
1149 2558 1327 2597 litterula
1353 2558 1511 2607 addita,
1537 2559 1770 2613 Nephtlzali-

346 2625 434 2653 tae.-
461 2615 510 2653 de
537 2614 680 2666 quibus
706 2614 866 2652 consule
894 2614 1160 2652 Menandrum
1182 2613 1452 2651 Protectorem
1478 2626 1570 2665 pag.
1603 2612 1690 2652 106.
1729 2619 1780 2653 et'

353 2671 443 2723 137.
472 2669 654 2708 editionis
680 2670 825 2720 regiae,
854 2665 1197 2721 Theophylactum
1212 2667 1465 2706 Simocattam
1485 2667 1556 2706 lib.
1568 2681 1606 2720 7.
1622 2681 1710 2720 cap.
1727 2681 1769 2721 7.

347 2740 437 2780 pag.
472 2724 561 2780 174.
593 2723 776 2763 editionis
803 2722 963 2775 regiae:
1013 2723 1120 2762 unde
1149 2722 1291 2773 etiam,
1327 2735 1407 2761 non
1436 2736 1547 2764 secus
1573 2727 1691 2776 atque
1720 2735 1766 2761 ex
