1838 3210
228 171 360 212 xvm
765 169 837 209 DE
881 159 1136 210 EuNAmo.

230 274 303 315 καί
331 270 408 329 (ὥς
432 265 486 314 ἄν
513 285 576 320 τις
605 266 733 328 εἴποι)
778 265 901 317 ἄλλος
927 265 1033 322 μετά
1060 281 1168 317 τινος
1194 268 1424 324 σαφηνείας
1458 269 1666 313 Θουκυδί-

232 340 327 395 δης,
356 335 542 391 μάλιστα
569 352 615 392 γε
642 339 688 380 ἐν
713 342 806 385 ταῖς
833 337 1060 382 ,Σκυθικαΐς
1085 332 1302 390 ἱστορίαις.

342 405 549 445 Eunu-ius
575 419 679 459 quae
705 401 756 443 de
784 402 993 442 Chronicis
1019 402 1189 456 Dexippi
1218 402 1357 452 docet,
1391 416 1539 457 quaere
1564 403 1668 443 infra

231 487 273 528 p.
296 469 364 514 56.
382 485 493 526 seqq.

339 538 477 586 Idem,
512 538 555 575 in
581 536 665 576 vita
691 534 912 589 Porphyrii
945 534 1020 574 sub
1050 533 1198 574 finem·
1246 546 1344 581 τους
1369 529 1548 588 χρόνους
1579 532 1673 588 (τοῦ

230 602 490 658 Πορφυρίου
519 598 631 654 βίου)
670 599 714 649 ἐς
743 600 783 641 Γ
781 595 975 654 αλλιηνον
1001 614 1072 639 και
1102 594 1319 640 Κλαύδιον
1346 594 1523 648 εἷκαζειν
1550 598 1674 639 συνέ.

232 671 398 723 βαινεν,
445 664 622 708 Τοίκιτόν
658 679 701 707 τε
728 681 800 706 και
837 662 1112 720 Αὕρηλιανὸν
1138 661 1211 704 καί
1235 659 1434 718 Πρόβον·
1472 664 1570 704 καθ)
1598 657 1674 710 ου’ς

230 729 284 788 ἦν
320 749 389 774 και
426 732 631 781 Δέξιππος
670 728 693 772 ὃ
719 746 794 785 την
816 726 1014 785 χρονικὴν
1042 727 1231 784 ἱστορίαν
1258 727 1530 783 συγγράψας,
1567 723 1670 783 ἀνὴρ

231 797 398 852 ἁπάσης
425 795 618 845 παιδείας
645 811 690 838 τε
719 812 787 838 και
817 791 1035 848 δυνάμεως
1062 796 1227 849 λογικῆς
1258 792 1491 842 ανάπλεως.

342 867 568 905 EVAomus
595 865 690 904 hist.
721 863 818 904 eccl.
846 864 902 903 V.
935 861 1004 914 24.
1028 877 1040 902 :
1071 861 1144 902 καί
1175 861 1397 918 Δεξίππῳ
1410 861 1458 902 δὲ
1499 863 1673 903 πλεῖστα

233 931 333 986 περὶ
361 926 520 971 τούτων
547 928 801 984 πεπόνηται,
831 925 912 968 από
943 927 1136 980 μυθικῶν
1163 926 1400 984 ἀρξαμένω,
1427 941 1499 967 και
1496 926 1676 1004 Tlaj‘goww

232 1011 274 1037 τι
302 995 345 1044 ἐς
371 992 450 1049 τὴν
477 992 699 1036 Κλαυδίου
721 994 799 1035 τοῦ
825 990 929 1045 μετὰ
961 993 999 1033 Γ
996 988 1187 1045 αλλιηνον
1213 993 1458 1044 βασιλῆ-αν
1487 983 1519 1049 ᾧ
1547 1006 1676 1033 συνα-

232 1063 450 1115 νείληπται
486 1060 585 1115 περι
620 1075 683 1100 ων
725 1055 901 1114 Κάρποι
944 1072 1015 1098 και
1058 1054 1181 1111 ἕτερα
1207 1053 1402 1110 βάρβαρα
1436 1054 1538 1112 ἔθνη
1566 1073 1674 1098 κατα

231 1124 307 1181 τήν
327 1125 504 1167 Ἑλλάδα
532 1125 604 1166 καί
634 1122 800 1182 Θρᾴκην
826 1125 899 1173 καί
920 1121 1081 1164 Ἰωνίαν
1102 1122 1448 1173 διαπολεμοῦντες
1474 1119 1677 1177 ἔπραξαν.

237 1193 439 1248 (Scythica
467 1193 534 1232 hic
563 1193 731 1231 innuere
756 1191 944 1239 videtur,
976 1204 1058 1229 non
1085 1189 1380 1228 Chronicorum
1406 1190 1592 1242 partem.)

343 1259 490 1299 Sums
516 1273 550 1298 s.
579 1272 621 1298 v.
652 1256 884 1306 Δέξιππος,
913 1255 1151 1306 Δεξίππου,
1190 1251 1212 1294 ὁ
1233 1250 1430 1308 Ἑρέννιος
1463 1257 1679 1309 χρηματί-
1729 1295 1734 1299 ,

234 1337 341 1375 σας,
367 1323 588 1377 Ἀθηναῖος
614 1318 752 1377 ῥήτωρ
770 1352 782 1372 ,
811 1317 986 1374 γεγονώς
1013 1317 1085 1360 ἐπὶ
1109 1319 1394 1373 Βαλεριανοῦ,
1423 1317 1497 1360 καὶ
1519 1320 1562 1360 Γ
1558 1323 1675 1362 αλλι-,

234 1389 362 1442 ηνοῦ,
391 1386 464 1429 καί
490 1387 712 1428 Κλαυδίου
743 1387 970 1442 δευτέρου,
999 1385 1074 1426 καί
1096 1384 1395 1441 Αὕρηλιανοῦ,
1439 1386 1522 1428 τῶν
1551 1389 1677 1440 βασι.-

236 1455 343 1495 λέων
365 1451 599 1506 Ῥωμαίων.

347 1520 594 1559 TREBELLIUS
615 1520 796 1567 Pomm,
827 1520 871 1558 in
900 1518 1110 1570 Gallieno,
1145 1518 1236 1571 Ι4.ε
1268 1518 1390 1558 Gothi
1421 1518 1608 1573 Cyzicum
1636 1527 1677 1560 et

237 1585 402 1634 Asiam,
433 1586 619 1639 deinceps
648 1586 845 1624 Achaiam
871 1592 1365 1636 omnem‚vastave1unt‚
1399 1592 1439 1624 et
1466 1585 1518 1624 ab
1549 1585 1678 1625 Athe-

237 1651 454 1700 niensibus,
477 1651 577 1690 duce
592 1652 786 1705 Dexippo,
810 1652 1001 1705 scriptore
1014 1651 1160 1690 horum
1181 1658 1425 1705 temporum,
1453 1652 1549 1690 victi
1567 1658 1675 1690 sunt.

319 1816 622 1868 EUNAPIUS‚
637 1815 913 1870 Sophistarum
932 1814 1025 1855 vitis
1042 1814 1186 1865 clarus,
1201 1821 1318 1854 natus
1333 1814 1524 1854 Sardibus
1538 1814 1679 1869 ³347,

236 1882 409 1936 Dexippi
427 1884 564 1922 histoi
554 1897 634 1922 lam
654 1885 710 1922 ita
729 1882 994 1929 continuavit,
1022 1888 1069 1919 ut
1086 1895 1186 1934 opus
1203 1895 1319 1919 suum
1339 1876 1444 1931 μετὰ
1472 1881 1680 1928 Δέξιππον

237 1947 437 2002 χρονικὴν
467 1944 657 2001 ιστορίαν
685 1947 921 1986 inscriberet
943 1947 1011 1998 1²¹).
1070 1946 1119 1984 ld
1148 1946 1246 1985 XIV
1275 1946 1398 1985 libros
1421 1947 1677 1998 continebat,

240 2028 413 2067 quorum
440 2016 570 2067 primo
607 2028 671 2052 res
711 2013 763 2051 ab
794 2027 952 2052 excessu
995 2011 1153 2051 Claudii
1186 2012 1344 2051 Gothici
1382 2011 1434 2050 ad
1476 2011 1679 2052 Iulianum

240 2079 343 2132 Imp.
375 2087 501 2133 gestas
532 2079 784 2132 complexus,
816 2079 957 2118 ceteris
984 2078 1104 2116 huius
1121 2107 1133 2128 ,
1166 2091 1284 2130 quem
1313 2078 1410 2130 ipse,
1439 2084 1578 2130 utpote
1603 2092 1680 2132 pro

239 2146 366 2183 veteri
394 2145 583 2197 religione
614 2144 958 2183 vehementissime
985 2144 1195 2193 animatus,
1223 2149 1415 2195 tanquam
1442 2143 1574 2182 Deum
1606 2143 1681 2182 ali-

242 2223 378 2262 quem,
410 2209 594 2248 humano
612 2210 745 2262 generi
774 2210 1086 2257 commodatum,
1106 2208 1276 2259 colebat,
1302 2208 1525 2256 historiam,
1557 2223 1682 2262 quae-

241 2290 319 2329 que
347 2275 531 2328 deinceps
559 2275 768 2314 subsecuta
785 2283 892 2323 sunt,
923 2277 1080 2329 copiose
1094 2275 1273 2313 narravit
1287 2275 1351 2325 ¹⁵).
1386 2275 1531 2313 Finem
1550 2275 1683 2328 operis

243 2341 286 2379 in
310 2340 380 2380 illo
408 2348 585 2393 tempore
612 2340 751 2379 fecisse
780 2354 859 2393 quo
888 2341 930 2379 S.
962 2340 1158 2380 Iohannes
1189 2339 1495 2394 Chrysostomus
1527 2341 1570 2379 in
1598 2341 1701 2379 exi-⁴

242 2404 342 2444 lium
369 2405 506 2459 pulsus
537 2413 595 2444 est
613 2434 624 2455 ‚
670 2419 706 2447 a.
736 2405 834 2444 Chr.
865 2404 945 2457 404
963 2435 974 2457 ,
1009 2406 1178 2445 Photius
1205 2405 1320 2444 docet
1339 2404 1407 2457 1⁶).
1452 2405 1527 2444 Cui
1556 2419 1679 2459 repu-

243 2486 365 2524 gnare
391 2472 552 2525 quidem
580 2471 770 2510 videntur
798 2471 978 2524 eclogae,
1011 2474 1053 2510 in
1082 2472 1225 2525 quibus
1254 2473 1307 2524 (p.
1342 2470 1412 2525 96.
1442 2485 1485 2510 n.
1517 2473 1598 2525 70.)
1629 2471 1682 2511 de

242 2537 479 2579 Pulcheriae
508 2537 711 2590 Augustae
752 2538 919 2576 avaritia
947 2551 1076 2577 sermo
1106 2544 1164 2576 est
1181 2567 1193 2589 ,
1222 2551 1324 2591 quae
1347 2537 1489 2576 mulier
1517 2537 1681 2577 demum

243 2617 282 2641 a.
316 2601 416 2654 414.
457 2603 669 2657 imperium
709 2603 943 2656 capessivit·
1002 2605 1165 2643 minime
1203 2609 1338 2642 tamen
1368 2603 1460 2643 inde
1497 2602 1683 2658 colligere

272 2702 329 2749 14)
353 2703 461 2736 Teste
492 2701 643 2744 Photio,
675 2708 712 2737 et
749 2704 985 2750 inscriptione
1020 2705 1220 2757 eclogarum
1247 2703 1292 2736 de
1327 2703 1526 2737 sententiis.
1625 2703 1684 2749 15)

337 2749 539 2795 Eunapius,
563 2750 677 2793 infra,
702 2762 737 2797 p.
767 2752 823 2785 61.
923 2751 978 2798 16)
1000 2750 1041 2786 V.
1067 2750 1150 2786 infr.
1175 2751 1215 2786 in
1238 2751 1465 2786 testimoniis.
1593 2741 1649 2790 ᾗ,
