1838 3210
233 174 300 228 16
626 191 901 235 EXCERPTA
944 193 976 232 E
1017 192 1246 235 DEXIPPO

43 293 327 354 A.C.270‘15u2'²‘
355 290 457 348 πρὸς
481 292 528 334 τὸ
573 296 790 350 συμφέρον
829 294 901 334 καί
926 292 1001 343 τοὶς
1028 293 1073 334 ἐκ
1101 293 1179 335 τοῦ
1216 296 1399 348 πολέμου
1427 297 1663 348 πλεονεξίας

27 355 147 391 Aurel·
159 358 206 390 1·¹
223 358 397 414 ἡγεῖσθε
423 357 499 413 τὴν
526 355 762 411 σύμβασιν,
792 359 866 399 καί
892 355 1133 414 ἡττηθέντες
1159 355 1299 415 ὥσπερ
1338 358 1525 412 δασμοὺς
1562 364 1663 416 παρ’

220 425 342 481 ἡμῶν
369 421 670 479 ἀπαιτήσοντες
696 420 837 477 ἥκετε,
889 425 963 479 τῆς
991 423 1202 482 ῥᾳστώνης
1227 423 1272 467 τὸ
1304 422 1481 480 τερπνὸν
1496 459 1510 478 ,
1567 422 1662 468 ὅσον

221 488 366 546 εἰρήνη
395 489 579 541 δίδωσιν,
608 490 654 530 ἐκ
680 486 833 538 παντὸς
861 488 1139 542 μεταδιώκειν
1163 491 1273 547 ῆμᾷς
1293 489 1539 544 νομίζοντες,
1568 488 1662 545 ἔχε-

179 558 298 599 Βσθε
325 559 401 610 τῆς
430 553 578 607 ὁμοίας
603 555 657 610 τῇ
682 553 863 610 πρόσθεν
890 553 1212 611 ἐπιχειρήσεως,
1240 557 1342 611 μηδ’
1368 555 1428 605 εἷς
1455 555 1687 611 &ismael-5

219 638 270 671 ας
305 619 425 675 λόγον
462 617 761 675 προϊσχόμενοι
796 622 873 662 τοῦ
908 623 1091 675 πολέμου
1127 620 1203 676 τὴν
1243 619 1470 663 κατάλυσιν
1509 622 1663 663 αἰτεῖτε

217 684 375 740 μισθὸν
401 688 475 739 τῆς
502 684 828 740 συγχωρήσεως,
858 684 1023 741 ὠνητήν
1050 685 1124 728 καί
1148 686 1226 728 οὔκ
1252 684 1491 729 ἐθελούσιον
1517 684 1663 728 ποιού-

217 752 338 805 μενοι
376 749 453 805 τὴν
493 753 715 806 παροῦσαν
741 751 786 800 ἐς
826 750 904 807 τήν
936 750 1085 808 φιλίαν
1112 749 1361 808 πρόκλησιν.
1417 751 1469 793 οὔ
1498 750 1578 808 γάρ
1608 749 1659 806 δὴ

216 816 410 868 πολέμων
438 811 632 871 ἆπείρους
661 809 781 864 ὄντας
807 815 921 871 ἡμᾶς
946 818 1006 874 τῷ
1031 815 1185 872 πλήθει
1212 820 1286 872 τῆς
1316 816 1448 860 πολλοὶ
1478 816 1529 872 δὴ
1560 833 1664 871 κομ-

218 882 452 936 πασθείσης
479 878 552 937 ὑφ’
580 881 703 934 ὖμαῖν
731 879 950 935 δυνάμεως
977 882 1210 937 ἐκπλήξετε·
1268 879 1367 925 οὗδὲ
1394 877 1557 941 πλούτῳ
1585 886 1720 926 λοι-ιο

220 944 371 1003 φύρων
409 947 619 990 Ἰταλικῶν
659 944 1022 1000 ἐπικομιζόμενοι,
1065 947 1199 998 οἷδεῶς
1227 949 1292 990 ἐπ’
1319 947 1431 990 οἴκου
1460 948 1664 1005 πορεύσε-

218 1014 323 1054 σθε·
379 1010 488 1054 οἷλλοὶ
518 1013 642 1067 δῆλαι
666 1014 745 1065 μὲν
768 1011 890 1065 ὑμῶν
918 1011 964 1058 αἱ
991 1011 1117 1064 πεζαὶ
1142 1012 1420 1069 παρασκευαὶ,
1450 1013 1525 1054 οὐκ
1559 1007 1664 1068 ἄδη-

217 1080 285 1118 λοι
313 1078 361 1119 δὲ
389 1075 435 1119 αἱ
459 1080 543 1120 τῶν
574 1077 747 1130 ἱππέων,
775 1076 882 1133 πρὸς
910 1074 961 1128 ἃς
986 1079 1032 1126 ἐς
1060 1075 1215 1133 τρόπον
1239 1076 1314 1121 τὸν
1341 1077 1522 1121 δυνατὸν
1548 1079 1665 1121 α’ντι-

218 1140 487 1197 στησόμεθα.
541 1145 758 1196 τολμῶμὲν
786 1158 830 1184 τε
857 1140 935 1199 γὰρ
965 1145 1053 1195 μετ’
1083 1139 1342 1199 ἀσφαλείας,
1385 1141 1459 1185 καὶ
1494 1143 1666 1198 α’ναχω-

220 1210 376 1264 ροῦμεν
403 1206 482 1250 σῦν
510 1207 769 1266 προμηθείᾳ,
826 1203 896 1250 οἶα
936 1205 989 1262 δὴ
1033 1210 1217 1266 λογισμῷ
1254 1207 1426 1264 ἡγεμόνι
1457 1210 1501 1258 ἐς
1526 1207 1717 1260 noim-affl

183 1287 211 1321 c.
219 1271 454 1329 χρώμενοι,
481 1270 544 1323 οἷς
571 1271 598 1328 ἦ
628 1272 753 1328 ἰσχῦς
776 1274 1051 1329 βεβαιοτάτη,
1082 1273 1156 1316 καὶ
1180 1273 1402 1330 ἐμπειρίαν
1429 1274 1663 1327 πολεμικῶν

217 1336 350 1393 ἔργων
383 1335 666 1395 διαφερόντως
692 1336 883 1393 ἔχοντες.
938 1337 1060 1392 ’ὗμεῖς
1102 1340 1149 1380 δὲ
1175 1336 1279 1391 μετά
1309 1354 1356 1380 τε
1392 1341 1469 1380 τοῦ
1494 1341 1666 1395 προχεί-

216 1418 294 1459 ρου
323 1401 463 1457 ἔπιτε,
502 1402 575 1445 καὶ
601 1401 956 1460 διαμαρτάνοντες
979 1405 1066 1454 ,τῶν
1103 1401 1236 1459 ἔργων
1264 1402 1336 1445 διὰ
1380 1401 1428 1446 τὸ
1466 1401 1524 1459 μὴ
1561 1419 1668 1460 προ-

216 1468 463 1522 σκέψασθαι
483 1469 549 1526 ἐφ’
573 1466 603 1510 ἃ
624 1470 694 1511 δεῖ
715 1470 868 1522 ἐλθεῖν,
895 1470 1019 1526 πείρᾳ
1046 1465 1122 1524 τήν
1148 1466 1310 1523 βλάβην
1332 1470 1409 1510 τοῦ
1434 1470 1666 1523 προπετοῦς

218 1531 446 1590 φερόμενοι
469 1532 814 1589 μεταγινώσκετε.
867 1538 955 1583 τοῖς
982 1533 1063 1590 γὰρ
1094 1534 1202 1586 ζέσει
1228 1536 1272 1583 ἐς
1298 1532 1373 1584 τὰς
1401 1531 1572 1590 πράξεις
1597 1532 1720 1588 ,mim

309 1640 341 1674 5.
356 1640 400 1686 τῇ
411 1640 464 1682 Β.,
491 1640 554 1682 τῆς
583 1639 677 1684 vulg.
769 1636 858 1684 μηδ’
876 1637 929 1676 εἷς
943 1658 992 1664 —
1004 1636 1120 1682 λόγον
1133 1636 1311 1678 Valesius,
1321 1636 1460 1684 Ιμηδεὶς·
1476 1657 1524 1665 —
1538 1636 1667 1682 λόγων

307 1686 408 1731 vulg.
501 1689 535 1722 6.
562 1683 849 1732 προϊσχόμενος
871 1684 914 1718 H.
937 1695 1006 1728 mg.
1117 1696 1148 1729 7.
1174 1683 1400 1719 ἐθελούσιον
1425 1683 1481 1726 Ν.,
1508 1684 1667 1718 cartov-

309 1739 374 1767 σιν
396 1732 490 1777 vulg.
544 1744 594 1767 ιο.
619 1731 787 1766 πλοῦτον
803 1731 846 1764 H.
944 1730 1359 1776 ιι.ἐπικομπαζόμενοι
1382 1730 1424 1763 Ν.
1502 1731 1552 1765 13.
1578 1732 1667 1775 τρό-

252 1807 254 1812 .
307 1789 385 1812 που
408 1779 502 1825 vulg.
579 1780 630 1814 18.
656 1777 761 1812 ἔπιτε
773 1778 826 1819 Β.,
849 1775 979 1811 ἔπειτα
1001 1777 1097 1820 vulg.
1138 1785 1198 1812 ἀο.
1225 1770 1276 1823 μὴ
1302 1788 1371 1810 om.
1406 1776 1525 1822 ed-pr.
1561 1775 1669 1811 Haud

308 1824 421 1858 dubie
449 1826 550 1859 locus
575 1827 762 1869 corruptus
788 1828 852 1857 est.

218 1905 247 1938 si
267 1902 462 1938 victoribus
489 1913 565 1938 non
587 1904 673 1937 satis
696 1907 891 1944 constaret,
916 1913 961 1936 an
974 1903 1194 1948 denegarent
1215 1901 1287 1937 aut*
1296 1903 1547 1945 concederent,
1620 1902 1669 1937 od

216 1950 264 1982 ab
287 1950 362 1984 illis
409 1951 530 1983 etitur.
580 1950 619 1983 Si
641 1961 725 1984 vero
749 1959 876 1994 pacem
901 1949 1098 1983 commodis
1122 1949 1250 1984 vestris
1275 1955 1313 1983 et
1337 1951 1552 1994 exspectatis
1604 1948 1669 1983 eni

217 1997 331 2029 lucris
359 2007 379 2029 o
409 2007 485 2030 esse
516 1996 738 2040 opinamini,
763 2001 801 2029 et
831 2006 1051 2042 quamquam
1079 1996 1170 2030 victi
1199 1995 1304 2042 quasi
1337 1997 1475 2030 tributa
1507 2007 1529 2028 a
1559 1994 1668 2030 nobis

219 2042 367 2087 petitis,
393 2042 489 2076 nihil
511 2042 623 2086 magis
655 2053 722 2076 nos
752 2042 922 2086 amplecti
955 2048 993 2075 et
1018 2043 1213 2088 persequi,
1244 2051 1352 2088 quam
1377 2043 1601 2087 voluptatem
1613 2041 1668 2076 'ex

220 2089 319 2129 otio,
346 2087 446 2134 quod
491 2099 537 2122 ax
555 2088 706 2129 tribuit,
731 2088 998 2122 existimantes:
1024 2088 1176 2122 eandem
1192 2098 1254 2123 vos
1277 2099 1385 2134 quam
1405 2093 1515 2122 antea
1540 2099 1669 2134 super-

221 2134 320 2167 biam
349 2140 451 2168 osten
480 2135 540 2168 itis
569 2139 784 2180 tantumque
807 2134 964 2176 abestis,
997 2140 1040 2168 ut
1065 2134 1235 2175 beneficii
1262 2133 1343 2168 loeo
1373 2132 1465 2167 belli
1494 2135 1668 2170 cessatio-

222 2191 306 2213 nem
327 2180 494 2214 habeatis
509 2205 519 2221 ,
542 2186 584 2214 ut
603 2182 713 2215 etiam
735 2181 940 2215 mercedem
963 2180 1272 2226 pacis‘postuletis
1285 2205 1295 2221 ,
1324 2185 1361 2214 et
1382 2180 1570 2222 venalem,
1591 2192 1668 2215 non

222 2231 460 2271 spontaneam
487 2226 779 2261 adhortationem
791 2226 837 2260 ad
862 2226 1074 2268 amicitiam,
1098 2237 1206 2273 quam
1231 2237 1328 2260 nunc
1353 2227 1578 2272 proponitis,
1608 2227 1668 2261 fa·

224 2272 341 2308 ciatis.
389 2272 472 2306 Non
489 2273 586 2306 enim
603 2284 669 2306 nos
694 2278 868 2320 tanquam
888 2273 1069 2308 bellorum
1086 2272 1193 2306 rudes
1213 2277 1250 2306 et
1271 2273 1460 2317 imperitos
1482 2273 1668 2317 magalim·-

220 2318 312 2352 dine
341 2323 545 2359 tantarum,
571 2330 660 2364 quas
694 2331 756 2354 vos
789 2320 952 2361 iactatis,
998 2319 1130 2353 virium
1167 2316 1482 2363 perterrefacietis.
1537 2317 1666 2365 Neque

223 2372 309 2398 vero
339 2365 465 2409 spoliis
487 2365 695 2398 Italicarum
720 2376 830 2409 opum
864 2365 988 2399 onusti
1022 2367 1171 2411 impune
1195 2364 1341 2399 domum
1367 2364 1578 2399 revertetis:
1601 2374 1667 2399 ve·
1707 2366 1709 2368 ’

225 2416 321 2445 strae
345 2410 531 2456 pedestres
562 2412 690 2457 copiae
714 2411 821 2445 nobis
855 2416 940 2445 sunt
971 2417 1099 2452 notae,
1134 2422 1254 2456 neque
1283 2417 1469 2456 equestres
1501 2411 1667 2457 ignotae,

227 2456 362 2502 quibus
388 2462 564 2502 quantum
588 2459 627 2490 in
651 2456 758 2491 nobis
793 2458 864 2491 erit
900 2468 1116 2503 quacunque
1138 2457 1198 2491 via
1217 2457 1434 2491 resistemus.
1482 2457 1666 2492 Audemus

227 2503 326 2536 enim
351 2514 431 2536 eum
455 2504 668 2544 securitate,
692 2502 891 2536 recedimus
917 2515 997 2538 cum
1021 2502 1268 2550 providentia,
1295 2509 1331 2537 et
1354 2504 1394 2537 in
1417 2503 1586 2537 omnibus
1606 2515 1665 2538 re-

224 2548 293 2582 bus
316 2549 510 2594 prudentia
535 2550 626 2583 duce
651 2554 818 2590 utentes,
849 2561 943 2595 quac
967 2551 1163 2595 plurimum
1185 2550 1301 2591 valet,
1335 2561 1402 2593 usu
1428 2555 1465 2583 et
1488 2550 1542 2584 rei
1565 2549 1665 2584 mili-

226 2595 314 2628 taris
338 2596 469 2640 peritia
492 2602 724 2641 praestamus.
775 2597 847 2629 Vos
876 2607 955 2629 cum
979 2596 1103 2631 ardore
1127 2601 1164 2629 et
1187 2596 1476 2641 promptitudine
1502 2595 1666 2642 aggredi·

227 2641 339 2682 mini,
366 2641 497 2676 deinde
521 2653 640 2676 rerum
656 2642 851 2686 adeptione
868 2643 1052 2684 frustrati,
1076 2643 1162 2689 quia
1186 2654 1256 2689 qua
1270 2641 1438 2687 progredi
1460 2639 1664 2686 oportebat,

227 2699 301 2720 non
326 2692 409 2721 ante
435 2689 664 2733 providistis,
689 2688 859 2722 damnum
883 2688 1108 2733 experientia
1132 2689 1211 2733 ipsa
1244 2699 1288 2722 ex
1321 2693 1436 2722 vestra
1462 2689 1663 2723 temeritate

229 2739 456 2778 reportantes
496 2735 724 2781 poenitentia
759 2734 945 2768 ducimini.
995 2734 1070 2780 Qui
1099 2736 1195 2768 enim
1222 2732 1368 2781 [haud]
1399 2746 1479 2768 cum
1505 2736 1663 2776 fervore,
