1924 3164
573 222 608 261 E
647 220 934 263 ΜΕΝΑΝΒΒΙ
972 220 1247 263 nlsToRlA.
1506 203 1631 278 337·

0 368 2 415 ἶ

0 421 1 434 1
1640 423 1650 436 1

1590 455 1598 468 Ι

169 469 290 496 νοιαν
326 455 406 495 τοῦ
449 452 656 507 Χαγάνου
698 454 846 507 διέγνω
893 457 1045 510 σαφῶς
1083 454 1108 495 ὅ
1139 453 1439 512 αὐτοκράτωρ,
1469 455 1528 505 ὥς
1551 469 1661 511 τηνΒ

167 517 289 561 πόλιν
316 517 364 561 τὸ
398 521 574 575 Σίρμιον
600 520 753 570 ἐξελεῖν
779 518 1038 572 βουλόμενος
1065 519 1278 575 ἐργάζοιτο
1306 519 1383 577 τήν
1407 523 1625 578 γέφυραν,

144 580 443 628 5ιῖποκωλῧσαι
469 584 723 638 βουλόμενος
753 582 828 639 τὴν
847 585 930 626 τῶν
950 585 1187 639 ἀναγκαίων
1214 586 1455 642 εἰσκομιδὴν
1468 621 1483 642 ‚
1511 584 1628 637 ὅπως

168 653 279 708 λιμῷ
308 650 622 707 παραστήσοιτο
651 648 726 704 τὴν
757 649 895 692 πόλιν.
927 650 977 692 οὗ
1006 650 1086 707 γὰρ
1117 646 1171 707 ἦν
1204 651 1461 708 ἅποχρώσας
1490 653 1628 696 δαπά-

168 733 246 766 νας
272 718 315 766 ἐς
344 715 477 772 αὐτὴν
515 717 886 771 προαποθέμενος,
931 719 984 774 τῇ
1012 713 1252 774 συνεστώσῃ
1281 717 1387 772 πρὸς
1415 718 1627 775 Ἀβάρους

168 784 311 840 εἰρήνῃ
341 782 530 838 θαρῥῶν.
588 782 760 838 ἀπορῶν
789 783 835 823 δὲ
863 784 1085 838 στρατιᾶς,
1116 777 1169 823 οὔ
1194 798 1236 824 τι
1265 785 1371 838 λέγω
1407 782 1512 839 πρὸς
1548 783 1627 840 τὴν

161 847 365 904 Ἀβάρων
403 847 584 901 δύναμιν
625 844 968 910 ἆντιταξομένης,
1016 849 1106 891 ἀλλ’
1138 849 1239 890 οὐδὲ
1278 850 1488 905 ὀλιγίστης
1517 847 1626 900 ὅλως

118 912 444 970 Ιοῦπαρχούσης
473 914 611 972 αὐτῷ,
652 913 818 956 πάντων
847 915 932 957 τῶν
957 916 1270 970 στρατιωτικῶν
1307 914 1550 970 καταλόγων
1577 918 1658 965 §ge

168 978 244 1022 τὸν
272 977 376 1035 πρὸς
404 982 582 1034 Πέρσας
626 976 810 1033 πόλεμον
849 982 894 1022 ἐν
933 981 1130 1038 Ἀρμενίᾳ
1158 996 1204 1023 τε
1234 980 1309 1022 καὶ
1330 982 1383 1039 τῇ
1409 982 1520 1039 μέσῃ
1545 983 1628 1024 τῶν

169 1048 374 1098 ποταμῶν
405 1047 757 1101 ἐνησχολημένων,
788 1046 1136 1100 α’πεπροσποιεΐτο
1169 1048 1299 1101 δῆθεν
1318 1046 1376 1096 ὥς
1399 1043 1451 1088 οὗ
1477 1063 1627 1090 συννο-

169 1112 279 1166 ήσας
321 1111 369 1153 τὸ
413 1113 647 1165 βουλευθὲν
673 1113 732 1168 τῷ
761 1108 965 1169 Χαγάνῳ.
1015 1109 1175 1166 ἔφασκε
1206 1110 1258 1167 δὴ
1287 1111 1516 1166 βούλεσθαι
1547 1115 1629 1166 μὲν

171 1177 247 1220 καί
271 1173 399 1228 αὐτὸς
426 1176 533 1219 κατὰ
552 1178 802 1232 Σκλαβηνῶν
830 1173 988 1226 αὖτοὺς
1011 1179 1236 1232 χωρῆσαι,
1265 1177 1397 1220 πολλοὶ
1427 1181 1498 1234 τῆς
1519 1176 1627 1221 Ῥω-

121 1241 308 1298 15μαίων
335 1244 601 1298 ἐπικρατείας
629 1239 864 1300 δῃούντων·
904 1241 980 1283 οὐκ
1016 1239 1125 1284 εἶναι
1153 1244 1200 1284 δὲ
1226 1247 1299 1298 τῆς
1325 1242 1628 1300 ἐπιχειρήσεως

169 1308 246 1352 τὸν
273 1307 422 1364 καιρὸν
446 1305 648 1363 Ἀβάροις
676 1309 974 1364 συμφέροντα,
1023 1306 1223 1364 Τούρκων
1260 1305 1340 1365 ἤδη
1384 1309 1484 1365 περὶ
1508 1313 1628 1364 Χερ-

170 1375 287 1418 «sabea
315 1375 763 1430 ἐστρατοπεδευμένων
800 1372 874 1415 καί
907 1378 1085 1427 ταχεῖαν
1127 1373 1330 1429 αἴσθησιν
1371 1377 1537 1428 αὕτῶν,
1573 1371 1630 1431 ἢν

155 1439 240 1484 »τὸν
266 1434 432 1496 Ἴστρον
475 1442 850 1495 διαπεραιωθῶσι,
881 1440 1130 1493 δεξομένων.
1189 1439 1297 1482 ἀλλὰ
1327 1442 1518 1495 ἐπισχεῖν
1544 1441 1626 1499 γὰρ

169 1507 246 1549 νῦν
273 1502 378 1548 εἶναι
408 1504 536 1548 καλὸν
564 1503 752 1560 αὐτοῦς,
781 1507 854 1548 καί
888 1505 1210 1561 ὑπερβαλέσθαι
1248 1504 1324 1561 τήν
1352 1506 1636 1562 ἐπιχείρησιν.

117 1571 298 1622 αοαῦτὸς
326 1573 375 1614 δὲ
402 1567 450 1613 οὗ
480 1572 639 1612 πολλοῦ
666 1569 744 1625 τὴν
774 1569 968 1612 διάνοιαν
995 1569 1237 1624 γνώσεσθαι
1271 1572 1501 1626 Τούρκων,
1530 1569 1630 1613 ὅποι

171 1638 222 1694 δὴ
255 1632 343 1680 ’καί
376 1639 450 1692 τῆς
488 1635 647 1693 ἐφόδου
689 1635 765 1693 τὴν
794 1635 956 1679 ἔννοιαν
983 1634 1143 1691 ἔχοιεν,
1188 1638 1263 1679 καί
1298 1635 1459 1693 ταύτην
1496 1637 1673 1694 δήληνι)

171 1701 361 1759 ποιήσειν
388 1706 447 1762 τῷ
488 1703 688 1760 Χαγάνῳ.
743 1705 880 1745 ταῦτα
921 1698 999 1744 οὗκ
1026 1702 1155 1744 ἔλαθε
1192 1701 1267 1745 τὸν
1298 1703 1499 1759 ’.Αβάρων
1527 1720 1631 1759 7195-

265 1793 299 1836 4.
325 1791 525 1838 ἐργάζοιτο
552 1794 604 1833 B.,
629 1791 787 1836 ἐργάζοι
810 1792 905 1836 vulg.
1020 1793 1054 1825 8.
1081 1790 1243 1839 α’πορῶν
1256 1793 1413 1840 flung„
1439 1792 1632 1842 dnoQ'Q‘a'ir

265 1840 361 1885 vulg.
437 1839 490 1874 ι5.
514 1837 585 1873 οὐκ
609 1837 708 1872 εἶναι
731 1838 789 1879 Ν.,
814 1837 863 1871 m?
884 1841 1018 1884 μεῖναι
1036 1839 1133 1884 vulg.

173 1930 305 1953 norum
344 1922 491 1952 contere
531 1922 569 1951 et
606 1916 838 1950 labefactare.
887 1917 988 1951 Haec
1018 1916 1149 1962 legatis
1181 1917 1463 1958 nuntiantibus,
1503 1918 1628 1951 statim

173 1971 299 2012 aperte
326 1966 527 2011 Imperator
553 1963 720 2008 coguovit
743 1967 914 1996 conatum
939 1967 977 1996 et
1001 1968 1163 1996 mentem
1189 1963 1362 2008 Chagani.
1411 1965 1502 1997 Cum
1528 1965 1629 1997 enim

174 2012 313 2059 oppido
346 2013 478 2046 Sirmio
511 2011 625 2057 potiri
660 2014 828 2055 cuperet,
861 2015 1012 2054 pontem
1049 2010 1209 2051 fecerat,
1248 2016 1290 2043 ut
1322 2010 1451 2054 oppidi
1488 2011 1631 2044 incolas

174 2061 341 2094 omnium
365 2070 488 2093 rerum
515 2061 718 2092 commeatu
742 2056 1005 2090 intercluderet
1027 2060 1066 2089 et
1089 2057 1185 2090 fame
1206 2055 1254 2089 ad
1277 2056 1505 2090 deditionem
1529 2068 1631 2091 com-

173 2108 341 2154 pelleret.
390 2106 483 2140 Nam
516 2117 598 2139 cum
622 2106 822 2149 Imperator
850 2104 1002 2136 minime
1026 2104 1110 2147 paci
1135 2115 1216 2136 curn
1241 2103 1420 2139 Avaribus
1446 2104 1630 2148 composi-

173 2159 236 2188 tae
261 2153 459 2195 diffideret,
500 2153 540 2186 in
566 2150 694 2185 urbem
717 2155 938 2184 commeatus
962 2149 1009 2183 ad
1033 2149 1265 2183 obsidionem
1290 2149 1516 2183 tolerandam
1541 2150 1628 2183 ido-

174 2211 265 2235 neos
298 2200 424 2234 invehi
454 2210 530 2234 non
555 2202 751 2233 curaverat.
803 2197 995 2230 Praeterea
1027 2198 1174 2242 copias,
1198 2208 1273 2230 non
1298 2196 1380 2230 dico
1417 2207 1512 2243 quae
1536 2197 1626 2231 satis

177 2253 301 2281 essent
332 2246 379 2281 ad
409 2245 654 2280 resistendum
686 2243 884 2284 Avaribus,
917 2244 982 2277 sed
1011 2254 1059 2276 ne
1093 2244 1262 2277 minimas
1291 2243 1441 2290 quidem
1472 2245 1625 2277 omnino

175 2294 348 2328 habebat.
396 2295 544 2329 Etenim
570 2302 694 2326 omnes
720 2291 899 2325 exercitus
914 2315 926 2330 ,
953 2301 1044 2335 quos
1068 2292 1353 2336 conscripserat,
1377 2290 1519 2324 Persico
1542 2291 1627 2324 hel-

176 2341 214 2375 lo
240 2341 279 2375 in
309 2341 479 2375 Armenia
505 2346 542 2374 et
565 2338 829 2384 Mesopotamia
860 2337 1026 2381 occupati
1051 2342 1164 2371 erant.
1215 2338 1320 2382 Quae
1353 2342 1478 2371 tamen
1502 2338 1628 2371 omnia

178 2387 459 2429 dissimulabat,
503 2394 678 2432 tanquam
711 2396 786 2418 non
820 2384 1064 2429 intelligeret,
1108 2394 1181 2429 quo
1219 2383 1408 2428 Chaganus
1442 2384 1637 2418 tenderet.-

176 2436 307 2479 Itaque
344 2436 542 2479 Imperator
575 2431 789 2478 respondit,
824 2442 862 2465 se
901 2441 1048 2476 quoque
1078 2431 1173 2464 velle
1206 2431 1415 2472 Sclavinos,
1451 2432 1628 2475 quoniam

178 2481 373 2527 plerasque
397 2482 639 2515 Romanorum
664 2480 829 2524 regiones
854 2477 1021 2522 praedati
1056 2477 1203 2511 fuerant
1227 2484 1265 2512 et
1288 2478 1493 2511 latrociniis
1518 2489 1609 2513 vexa

178 2533 325 2569 verant,
361 2528 460 2563 bello
492 2526 675 2573 persequi.
727 2525 799 2567 Sed
830 2529 918 2557 tunc
951 2524 1125 2568 temporis
1158 2535 1233 2557 non
1268 2529 1514 2570 opportunum
1548 2535 1627 2558 esse

179 2575 357 2610 Avaribus
394 2587 474 2610 eam
500 2573 774 2619 expeditionem
801 2571 983 2616 suscipere
999 2596 1009 2611 ‚
1043 2572 1131 2615 quia
1154 2572 1266 2605 Turci
1291 2572 1364 2604 iam
1388 2571 1483 2604 circa
1510 2571 1626 2605 Cher-

181 2632 308 2655 sonem
335 2628 504 2668 agerent,
534 2624 572 2656 e't
595 2622 626 2653 si
653 2621 710 2655 illi
734 2621 866 2652 Istrum
890 2618 1122 2658 traiicerent‚
1153 2618 1321 2652 celeriter
1347 2619 1425 2651 eius
1451 2618 1505 2650 rei
1528 2629 1608 2650 nun

181 2669 254 2702 tios
288 2670 472 2713 accepturi
506 2673 636 2703 essent.
686 2668 813 2712 Itaque
845 2665 1067 2698 commodius
1095 2664 1174 2697 ⁴illis
1210 2675 1288 2699 esse
1323 2665 1559 2708 supersedere
1591 2668 1630 2698 et

185 2715 331 2749 differre
366 2716 638 2761 expeditionem
666 2715 704 2748 in
741 2711 843 2746 aliud
876 2718 1031 2755 tempus.
1081 2709 1182 2756 Quid
1215 2711 1333 2744 velint
1357 2712 1468 2744 Turci
1494 2717 1532 2744 et
1555 2723 1630 2756 qua

181 2768 287 2807 parte
301 2764 523 2808 progressuri
549 2763 645 2803 sint,
669 2773 707 2795 se
730 2760 833 2794 brevi
858 2760 1102 2803 cogniturum,
1127 2759 1172 2792 de
1193 2758 1328 2803 quibus
1344 2757 1514 2791 omnibus
1529 2757 1629 2791 Cha-

184 2820 315 2854 ganum
352 2810 542 2844 certiorem
568 2810 760 2843 facturum.
808 2807 905 2840 Haec
927 2817 1002 2840 non
1026 2805 1167 2840 latebat
1188 2807 1345 2841 Avarum
1381 2805 1540 2850 legatum
1557 2829 1567 2848 ,
1607 2816 1628 2839 e

232 2881 444 2926 Dexippus,
467 2880 661 2926 Eunapius
683 2887 752 2914 etc.
1315 2886 1361 2910 22

168 318 355 378 ἐχθροός
389 316 526 363 afim&
552 337 598 363 τε
626 325 700 363 καί
719 319 950 375 “Ρωμαι’ων
988 323 1256 379 Σκλαβηνούς
1303 322 1546 381 ἓκτρίψαι,)
1570 326 1813 374 -A.C.579

167 391 308 430 ταῦτα
339 386 680 442 ἀπαγγειλάντων
708 384 842 436 εὐθὺς
877 391 958 441 μὲν
999 387 1046 430 τὸ
1075 389 1329 445 ἐπιχείρημα
1357 389 1431 432 καί
1456 389 1533 445 τήν
1560 374 1799 457 ἔν-Ῑίἷὲέξ,
