1924 3164
320 188 424 255 164
897 199 1174 243 EXGERPTA

116 302 487 361 'li.C.47oOz'1‘vvozg
525 307 599 347 τοῦ
623 307 663 346 Γ
662 302 794 345 ότθων
828 303 973 357 γένους
1000 299 1210 348 ἀσπόνδου
1251 301 1564 354 διαμείναντος,
1606 299 1749 357 καὶγῦκ

198 363 528 428 Ιιι(1·8προγόνων
557 368 632 423 την
664 369 805 409 αὐτῶν
836 368 1070 423 ἀποφυγεῖν
1102 364 1337 421 ὁμαιχμίαν
1367 361 1750 420 ὄμοσαμένων,,ἒφ’

114 409 349 497 «ιωαιᾴῷ
377 439 450 479 καί
476 433 607 491 ὅρκων
637 436 821 489 πατρίων
860 431 967 489 πρὸς
1003 434 1056 489 τῇ
1084 434 1167 474 τῶν
1203 430 1364 474 οἰκείων
1394 428 1587 489 στερήσει
1624 445 1753 477 καῖον·

206 511 240 546 Ρ.
253 508 488 561 46φρονεῖν.
547 497 672 541 αὐτὸν
703 500 778 552 δὲ,
820 500 859 540 εἰ
883 500 954 540 καί
982 495 1028 539 τὸ
1064 492 1231 540 Οῧννων
1261 498 1319 538 αὔ
1318 501 1393 550 χεῖ
1412 497 1550 551 γένος,
1593 495 1752 537 ‹immo-

307 569 432 622 σύνης
460 564 575 623 πόθῳ
610 563 711 606 τάδε
747 563 854 621 πρὸς
896 562 1047 613 αὐτοὺς
1085 562 1253 606 εἰπόντα
1287 562 1515 605 δεδωκέναι
1541 561 1640 617 περὶ
1672 559 1776 602 τοῦὅ

306 634 512 689 πρακτέου
557 628 737 686 βουλήν.
794 629 866 672 ἐπὶ
901 628 1065 679 τούτοις
1102 627 1142 671 οἱ
1179 631 1221 671 Γ
1219 627 1340 670 ότθοι
1381 627 1751 683 διαταραχθέντες,

306 702 378 743 καί
405 695 547 753 εὐνοίᾳ
574 699 627 754 τῇ
651 688 758 752 πρὸς
790 692 949 745 αὖτούς
989 688 1118 738 ταῦτα
1145 693 1216 737 τὸν
1243 692 1419 749 Χελχοὶλ
1447 694 1654 749 εἰρηκέναι
1681 707 1752 735 νο-

304 768 516 820 μίσαντες,
545 761 645 814 τούς
672 763 717 804 ἐν
744 763 888 810 αὐτοῖς
921 755 1107 810 Οῧννους
1119 760 1206 819 [ὥς]
1223 756 1450 809 συστάντες
1479 755 1751 813 διεχειρίζον-

304 847 361 873 τον
418 829 493 870 καί
528 825 647 882 μάχη
686 824 870 882 καρτεροὶ
911 826 1165 882 ἀμφοτέρων
1218 825 1441 869 συνίστατο
1481 825 1577 885 ιτῶν
1612 823 1749 865 ἐθνῶν

305 897 351 938 ἐκ
379 892 662 949 συνθήματος.
717 890 743 932 ὃ
771 888 939 947 ’Ἀσπαρ
971 890 1224 946 πυθόμενος,
1254 889 1362 933 ἀλλὰ
1394 889 1476 946 γὰρ
1500 890 1575 932 καί
1599 887 1639 932 οἳ
1667 889 1809 932 mimo

304 961 462 1002 λοιπῶν
503 956 796 1014 στρατοπέδων
833 956 1032 1012 ἡγεμόνες
1064 955 1169 1010 μετὰ
1202 959 1284 999 τῶν
1311 954 1472 1000 οἰκείων
1507 951 1754 1010 παραταξά-

304 1040 422 1078 μενοι
450 1023 517 1065 τὸν
545 1019 801 1076 ἐπιτυχόντα
827 1023 911 1064 τῶν
937 1020 1166 1078 βαρβάρων
1195 1020 1396 1079 ἀνῄρουν.
1448 1023 1524 1064 τοῦ
1553 1021 1599 1062 δὲ
1628 1016 1752 1061 δόλου

302 1090 376 1130 καί
402 1090 476 1143 τῆς
505 1086 665 1142 ἀπάτης
694 1085 733 1128 οἱ
761 1083 925 1129 Σκύθαι
961 1084 1156 1140 λαβόντες
1192 1086 1354 1129 ἔννοιαν
1384 1087 1498 1143 σφᾶς
1533 1101 1578 1127 τε
1606 1081 1754 1127 alveum-

267 1156 458 1196 Βλοῦντο
476 1185 488 1207 ‚
517 1154 590 1194 καί
616 1154 658 1201 ἐς
683 1159 831 1208 χεῖρας
858 1158 943 1201 τοῖς
974 1151 1198 1206 Ῥωμαίοις
1226 1148 1435 1207 ἐχώρουν.
1492 1151 1583 1192 ἀλλ’
1611 1147 1650 1192 οἱ
1676 1150 1755 1202 μὲν

295 1212 515 1274 ’Ἀσπαρος
540 1215 614 1272 τήν
643 1234 790 1273 σφισιν
819 1219 1107 1272 ἐπιλαχοῧσαν
1135 1216 1335 1273 ἔφθασαν
1359 1214 1642 1264 ἀναλώσαντες
1667 1214 1813 1270 plot-155

305 1300 404 1340 ραν·
460 1289 545 1333 τοῖς
575 1285 620 1325 δὲ
650 1288 807 1332 λοιποῖς
833 1290 1073 1340 στρατηγοῖς
1111 1280 1186 1325 οὐκ
1214 1283 1433 1332 ἀκίνδυνος
1461 1282 1487 1338 ἦ
1514 1280 1632 1336 μάχη
1664 1282 1756 1335 ἐγέ-

305 1365 423 1402 νετο,
459 1351 541 1390 τῶν
569 1345 801 1404 βαρβάρων
830 1349 1041 1404 καρτερῶς
1069 1345 1420 1403 ἀγωνισαμένων,
1450 1344 1555 1389 ὥστε
1581 1345 1683 1394 τούς
1709 1347 1755 1397 ἐξ

305 1415 446 1466 αὐτῶν
482 1414 816 1471 ὑπολειφθέντας
861 1412 938 1464 τάς
981 1430 1026 1457 τε
1065 1412 1303 1468 Ῥωμαϊκὰς
1340 1414 1477 1464 τάξεις
1516 1409 1756 1455 διώσασθαι

304 1483 380 1523 καί
405 1482 504 1538 τῇδε
532 1480 606 1536 τὴν
634 1479 876 1536 πολιορκίαν
907 1481 1145 1537 διαφυγεῖν.

109 1536 301 1617 οᾼὲξὲιῖθῖζ
421 1544 498 1600 κβ.
541 1543 635 1588 Ὅτι
661 1545 857 1601 μεγίστης
885 1544 990 1602 πρὸς
1030 1543 1078 1587 τὸ
1111 1544 1334 1588 Σουάννων
1369 1542 1492 1594 ἔθνος
1522 1541 1808 1597 “Ρωμαιόις20

135 1608 245 1665 Leon:
265 1628 360 1665 161⁵
385 1611 460 1653 καί
475 1613 638 1664 Λαζοῖς
665 1609 937 1667 ὑπαρχούσης
964 1612 1188 1667 διαφορᾶς,
1217 1611 1291 1652 καί
1315 1609 1488 1666 σφόδρα
1515 1610 1559 1659 ἐς
1577 1606 1653 1665 την
1679 1610 1755 1651 τοῦ

378 1703 411 1737 8.
438 1699 487 1737 (ἐς
512 1699 638 1733 de1.N.
737 1711 788 1735 ιο.
816 1698 838 1734 ὃ
855 1698 1005 1745 ’Ἀσπαρ
1030 1699 1253 1746 πυθόμενος
1276 1701 1329 1742 Β.,
1354 1693 1489 1745 οἷάπερ
1522 1698 1753 1745 πειθόμενοι

379 1747 476 1791 vulg.
553 1749 602 1781 18.
616 1746 908 1792 ὑποληφθέντας
931 1748 1028 1793 vulg.
1099 1745 1320 1780 διώσασθαι
1338 1746 1395 1788 Ν.,
1420 1746 1643 1793 δῃώσασθαι
1658 1746 1754 1791 vulg.

309 1821 376 1855 dus
411 1820 506 1853 inter
540 1823 731 1865 utramque
765 1824 909 1864 gentem
945 1819 1125 1854 sancitum
1160 1820 1230 1861 sit,
1269 1824 1307 1853 et
1336 1819 1490 1853 maiores
1514 1816 1753 1853 iureiurando

309 1878 370 1900 eos
400 1866 685 1906 obstrinxerint,
723 1871 764 1898 ut
802 1866 1017 1900 Hunnorum
1052 1867 1264 1900 societatem
1297 1864 1472 1910 fugerent.
1522 1865 1642 1910 Quare
1677 1875 1753 1898 non

306 1919 451 1947 tantum
477 1912 550 1945 suis
578 1922 639 1945 eos
663 1911 822 1956 privari,
847 1913 912 1946 sed
939 1914 1049 1946 etiam
1076 1915 1195 1958 patria
1220 1919 1440 1946 sacramenta
1463 1913 1654 1958 negligere.
1705 1911 1753 1945 Se

310 1959 460 2006 quidem
485 1969 616 2004 genere
641 1959 836 1999 Hunnum,
866 1969 939 2006 quo
963 1960 1119 1994 maxime
1147 1960 1342 2005 glorietur,
1374 1958 1438 1993 sed
1462 1961 1647 2004 aequitate
1670 1967 1752 1991 mo-

307 2013 389 2040 tum
418 2006 506 2039 haee
531 2005 605 2039 illis
630 2004 773 2046 dicere,
796 2010 849 2047 ut,
875 2016 967 2051 quae
993 2005 1159 2040 facienda
1183 2011 1325 2047 essent,
1348 2005 1526 2041 viderent.
1557 2005 1621 2038 His
1647 2003 1751 2038 dictis

311 2052 426 2088 Gothi
458 2052 650 2093 commoti,
683 2056 720 2083 et
751 2051 840 2085 haec
876 2051 1107 2086 Chelchalem
1138 2063 1204 2098 pro
1239 2053 1520 2094 benevolentia,
1551 2062 1622 2097 qua
1648 2050 1748 2094 ipsos

309 2098 618 2144 prosequebatur,
654 2099 868 2142 suggessisse
904 2101 993 2140 rati,
1023 2100 1173 2133 Hunnos
1206 2099 1277 2132 sibi
1301 2099 1483 2132 immixtos
1507 2098 1747 2132 trucidarunt.

311 2145 454 2178 Deinde
481 2144 584 2190 quasi
611 2156 655 2178 ex
683 2145 868 2190 compacto
894 2146 1020 2189 ingens
1044 2157 1165 2191 pugna
1189 2146 1284 2179 inter
1308 2150 1497 2191 utramque
1530 2149 1671 2188 gentem
1698 2148 1754 2177 est

313 2192 510 2224 commissa.
537 2191 648 2236 Quod
673 2203 784 2236 quum
799 2192 925 2236 Aspari
947 2193 1154 2226 nuntiatum
1181 2197 1293 2233 esset,
1319 2193 1396 2237 ipse
1422 2196 1459 2225 et
1484 2190 1617 2236 reliqui
1643 2190 1752 2224 duces

315 2238 409 2270 acies
431 2248 577 2271 suorum
603 2237 870 2279 instruxerunt,
897 2244 934 2271 et
958 2239 1105 2275 obvium
1134 2249 1315 2284 quemque
1347 2237 1582 2272 barbarorum
1608 2235 1752 2270 occide-

317 2290 411 2317 runt.
461 2283 638 2328 Scythae,
665 2285 807 2327 cognito
834 2283 918 2317 dolo
946 2291 983 2318 et
1016 2285 1142 2319 fraude
1166 2291 1378 2330 perspecta,
1401 2295 1478 2317 sese
1506 2283 1752 2328 collegerunt,

318 2335 355 2363 et
384 2340 508 2362 manus
534 2341 611 2362 eum
631 2331 797 2364 Romanis
824 2337 1092 2366 conseruerunt.
1141 2331 1212 2365 Sed
1235 2331 1316 2372 illi,
1341 2330 1404 2378 qui
1429 2329 1496 2363 sub
1521 2331 1654 2374 Aspare
1682 2330 1752 2363 sti-

314 2376 449 2422 pendia
472 2377 678 2418 faciebant,
703 2388 843 2410 omnem
868 2378 1101 2411 barbarorum
1126 2377 1331 2418 cohortem,
1368 2388 1458 2422 quae
1484 2377 1557 2409 illis
1593 2375 1753 2410 obvene-

317 2428 392 2463 rat,
418 2422 464 2455 ad
490 2423 776 2457 internecionem
801 2435 916 2469 usque
942 2424 1172 2458 ceciderunt:
1221 2423 1381 2470 Reliquis
1407 2422 1559 2456 ducibus
1588 2434 1662 2456 non
1689 2422 1752 2456 in-

318 2473 465 2503 cruenta
492 2480 611 2513 pugna
636 2471 723 2510 fuit,
748 2470 912 2504 barbaris
938 2477 1083 2504 strenue
1132 2476 1168 2504 et
1205 2471 1348 2503 fortiter
1371 2481 1525 2514 pugnam
1561 2478 1753 2513 capessen-

316 2515 425 2548 tibus.
473 2516 526 2548 Ex
559 2527 628 2560 qua
660 2527 777 2561 pugna
816 2516 881 2562 qui
903 2519 1114 2562 superstites
1138 2527 1183 2551 ex
1206 2515 1345 2561 Scythis
1369 2515 1537 2557 fuerunt,
1565 2514 1750 2560 perruptis

318 2561 486 2595 Romanis
505 2562 711 2604 legionibus
726 2588 735 2603 ‚
762 2570 962 2599 evaserunt.
1000 2574 1002 2577 ·

407 2620 462 2642 υ.
510 2607 667 2641 Maxima
708 2608 955 2644 intercedente
999 2609 1165 2643 Romanis
1217 2612 1254 2642 et
1292 2608 1392 2642 Lazis
1430 2619 1512 2642 cum
1548 2608 1750 2642 Suanorum

319 2655 424 2701 gente
457 2654 720 2695 controversia,
754 2654 804 2671 Ἡ(
835 2657 956 2689 Persas
991 2665 1135 2702 quoque
1169 2653 1300 2699 cupido
1335 2654 1576 2700 belligerandi
1601 2655 1750 2688 incessit

317 2706 468 2746 propter
492 2699 643 2745 oppida,
684 2712 778 2746 quae
802 2702 930 2736 Suanis
965 2704 1182 2749 eripuerant.
1229 2702 1355 2746 Itaque
1383 2702 1428 2735 ad
1453 2702 1649 2736 Romanum
1675 2701 1748 2733 Im-

317 2753 523 2794 peratorem
547 2745 766 2793 legationem
787 2748 910 2791 misit,
950 2749 1023 2782 sibi
1056 2748 1193 2782 auxilia
1216 2748 1314 2782 mitti
1336 2748 1524 2794 postulans
1549 2758 1593 2782 ex
1615 2745 1747 2782 militi-
