1924 3164
661 156 694 196 Ε
730 154 906 198 Ριυεει
948 149 1224 196 ffls‘romA.
1554 132 1662 187 205

218 257 259 302 οἱ
306 259 391 301 τῶν
416 259 690 313 βαρβαρικῶν
725 255 1012 312 ὑποδημάτων
1045 246 1343 309 δεσμὰ-οὗτε
1363 252 1443 295 τοῦ
1473 250 1605 295 ἵππου
1635 253 1850 307 ὅμαιῇᾷὃ

212 322 415 379 χαλινός,
445 319 585 379 ὥσπερ
619 324 706 365 τῶν
742 317 897 365 ἄλλων
913 323 1118 374 Σκυθῶν,
1150 321 1298 376 χρυσῷ
1319 313 1347 373 ἢ
1370 319 1510 367 λίθοις
1532 313 1560 374 ἦ
1580 310 1754 390 τινιὲἲιᾶ·
1768 321 1801 390 :L
1817 355 1841 399 4

213 392 298 432 τῶν
321 391 472 442 τιμίων
499 390 726 442 ἐκοσμεῖτο.
751 389 835 429 τῶν
863 388 911 428 δὲ
943 382 1062 439 ὄψων
1089 388 1174 427 τῶν
1201 387 1247 427 ἐν
1273 390 1358 433 τοῖς
1382 383 1565 440 πρώτοις
1592 388 1700 445 ντί-Β
1725 369 1766 391 ω
1845 367 1859 391 ¹

215 459 334 507 ναξιν
360 456 636 497 ἐπιτεθέντων
663 455 977 504 α’ναλωθέντων,
1005 451 1153 501 πάντες
1181 451 1467 505 διανέστημεν,
1500 449 1578 491 καί
1612 450 1663 492 οὔ

188 518 421 576 ὄπρότερον
459 519 532 561 ἐπὶ
570 517 645 562 τὸν
683 519 838 575 δίφρον
887 516 1072 566 ἀναστὰς
1107 513 1243 571 ἦλθε,
1271 517 1371 570 πρίν
1398 509 1427 571 ἢ
1453 514 1559 557 κατὰ
1587 514 1665 571 τὴν

215 588 426 642 προτέραν
452 583 572 636 τάξιν
598 586 772 633 ἕκαστος
799 582 875 639 τὴν
901 584 1198 638 ἐπιδιδομένην
1239 579 1357 639 adusi
1385 580 1498 623 οἴνου
1526 579 1665 638 πλήρη

216 653 352 702 ἐξέπιε
392 649 568 703 κύλικα,
624 648 699 692 τόν
735 647 939 704 Ἀττήλαν
975 650 1062 691 σῶν
1101 645 1211 690 εἶναι
1248 644 1541 700 ἐπευξάμενος.
1593 647 1669 689 καὶ

216 720 361 760 τοῦτον
387 718 637 772 τιμηθέντος
665 715 801 757 affro&
827 713 898 757 τὸν
923 713 1079 768 τρόπον
1106 713 1443 768 ἐκαθέσθημεν,
1467 713 1541 755 καὶ
1569 713 1668 756 δεό-

216 799 335 838 τερος
361 779 514 839 ἑκάστῃ
541 782 727 838 τραπέζῃ
757 781 975 822 ἐπετίθετο
1010 781 1133 829 πίναξ
1171 780 1293 834 ἕτερα
1321 779 1432 833 ἔχων
1461 778 1668 833 ἐδώδιμα.

168 849 277 898 louis·
303 850 350 890 δὲ
377 847 452 890 καί
477 847 610 890 adro&
638 846 677 889 οἱ
703 844 857 895 πάντες
881 846 1131 899 μετέλαβον,
1173 845 1247 886 καί
1282 846 1341 901 τῷ
1371 841 1488 902 adt-(fi
1517 847 1669 895 ἐξανα-

217 912 385 963 στάντες
414 912 566 972 τρόπῳ,
607 908 736 963 αὖθις
772 910 989 961 ἐκπιόντες
1016 913 1322 966 ἐκαθέσθημεν.
1377 913 1669 968 ἐπιγενομένης

219 983 268 1023 δὲ
294 978 476 1035 ἑσπέρας
504 982 629 1037 δᾷδες
658 977 941 1035 οἷνήφθησαν,
982 978 1059 1019 δύο
1089 979 1136 1018 δὲ
1164 973 1335 1031 dmum>
1363 981 1440 1020 τοῦ
1473 976 1668 1033 'Anasta

218 1044 500 1102 παρελθόντες
526 1044 739 1100 βάρβαροι
770 1040 938 1102 ᾅσματα
968 1043 1228 1098 πεποιημένα
1257 1041 1409 1097 ἔλεγον,
1440 1043 1558 1094 νίκας
1582 1043 1701 1090 ati—C

220 1114 299 1154 τοῦ
340 1113 413 1153 καί
451 1109 528 1159 τὰς
567 1109 674 1152 κατὰ
717 1109 899 1162 πόλεμον
926 1104 1100 1165 ᾄδοντες
1127 1107 1300 1163 α’ρετοίς·
1351 1111 1396 1158 ἐς
1423 1108 1497 1159 οὓς
1523 1109 1563 1152 οἱ
1592 1115 1668 1167 τῆς

171 1176 406 1231 ιόεὖωχίας
434 1176 669 1230 ἀπέβλεπον
678 1209 691 1228 ,
721 1178 793 1216 καί
821 1174 860 1216 οἱ
888 1176 966 1227 μὲν
994 1171 1142 1228 ἥδοντο
1169 1179 1257 1221 τοῖς
1282 1175 1524 1230 ποιήμασιν,
1554 1175 1591 1218 οἱ
1620 1179 1669 1219 δὲ

221 1244 303 1286 τῶν
329 1243 521 1294 πολέμων
547 1240 955 1295 ἀναμιμνησκόμενοι
995 1238 1248 1294 διηγείροντο
1275 1246 1364 1288 τοῖς
1390 1243 1671 1296 φρονήμασιν,

222 1303 343 1350 ἄλλοι
384 1309 430 1348 δὲ
464 1304 655 1362 ἐχώρουν
691 1308 735 1355 ἐς
763 1306 950 1360 δάκρυα,
993 1299 1053 1346 ὧν
1099 1302 1182 1345 ὑπὸ
1212 1308 1289 1346 τοῦ
1312 1303 1470 1361 χρόνου
1499 1308 1672 1362 ἠσθένει

221 1372 270 1416 τὸ
309 1375 432 1426 σῶμα
469 1372 544 1414 καί
577 1370 809 1427 ἡσυχάζειν
848 1369 869 1411 ὃ
909 1368 1052 1423 θυμὸς
1087 1367 1354 1425 ἧναγκιέζετο.
1408 1372 1518 1425 μετὰ
1547 1374 1595 1415 δὲ
1617 1374 1670 1415 τὰ

223 1435 395 1496 ᾄσματα
423 1436 590 1493 Σκύθης
627 1454 691 1487 τις
730 1435 956 1493 παρελθών
997 1435 1315 1491 φρενοβλαβὴς,
1357 1438 1563 1481 α’λλόκοτα
1598 1440 1674 1482 καὶ

170 1503 459 1561 αοπαράσημα
498 1504 570 1546 καί
605 1500 730 1546 οὗδὲν
766 1503 881 1557 ὑγιὲς
909 1499 1216 1558 φθεγγόμενος,
1253 1503 1297 1551 ἐς
1324 1505 1486 1557 γέλωτα
1514 1503 1674 1554 πάντας

224 1568 515 1625 παρεσκεύασε
542 1572 785 1624 παρελθεῖν.
837 1570 934 1622 μεθ’
964 1566 1011 1610 ὃν
1041 1568 1274 1623 ὑπεισῆλθε
1297 1570 1471 1624 Ζέρκων
1497 1570 1522 1611 ὅ
1541 1574 1677 1613 Mav-

224 1635 408 1692 ρούσιος·
434 1635 456 1678 ὅ
483 1635 562 1692 γὰρ
592 1637 764 1678 Ἐδέκων
790 1630 919 1676 αὐτὸν
946 1633 1062 1690 παρὰ
1091 1632 1167 1676 τὸν
1188 1630 1404 1689 ’Λττήλαν
1430 1637 1571 1678 ἐλθεῖν
1597 1654 1680 1679 71oe-

227 1705 430 1758 ρέπεισεν,
461 1699 518 1750 ὡς
546 1704 600 1759 τῇ
626 1702 784 1744 ἐκείνου
814 1701 980 1758 σπουδῇ
1006 1699 1085 1756 την
1110 1698 1297 1756 γαμετὴν
1333 1696 1650 1758 ἀποληψόμενον
1665 1733 1680 1757 ,

321 1803 357 1837 6.
381 1801 570 1847 προτέρου
592 1802 687 1846 vulg.
782 1813 838 1836 αι.
864 1798 910 1837 δν
934 1802 986 1844 Β.,
1011 1790 1066 1837 ὧν
1089 1801 1184 1846 vulg.

228 1891 319 1937 equi
343 1889 464 1932 frena,
487 1893 531 1922 ut
553 1888 779 1933 reliquorum
801 1887 1012 1931 Scytharum
1026 1913 1036 1929 ,
1062 1897 1150 1920 auro
1182 1890 1246 1920 aut
1282 1885 1467 1932 lapidibus
1511 1895 1576 1924 aut
1597 1891 1672 1924 alia

227 1948 448 1985 quacunque
470 1946 508 1969 re
533 1937 694 1980 pretiosa
718 1939 819 1966 erant
844 1939 982 1970 ornata,
1042 1935 1088 1966 Ut
1117 1934 1268 1978 opsonia
1291 1935 1490 1978 primorum
1513 1932 1673 1970 ferculo‘-

230 1997 309 2019 rum
333 1984 434 2017 sucre
458 1986 690 2025 consumpta,
722 1981 963 2019 surreximus,
996 1990 1116 2025 neque
1149 1980 1250 2024 prius
1281 1982 1473 2027 quisquam
1507 1990 1671 2018 nostrum

229 2031 277 2065 ad
300 2031 423 2065 sedem
451 2040 551 2062 suam
575 2032 631 2061 est
651 2037 835 2066 reversus,
861 2037 968 2071 quam
993 2024 1065 2057 sibi
1090 2025 1260 2059 traditam
1283 2033 1447 2071 pateram
1481 2028 1558 2063 vini
1590 2031 1673 2076 ple—

229 2089 331 2118 nam,
356 2082 494 2109 servato
521 2075 642 2120 priore
667 2073 796 2106 ordine
811 2098 820 2113 ,
845 2072 995 2105 Attilam
1019 2073 1155 2104 salvum
1178 2077 1217 2105 et
1239 2072 1458 2108 incolumem
1482 2083 1672 2120 precatus,

231 2124 419 2157 ebibisset.
468 2123 520 2156 Eo
550 2120 597 2153 ad
619 2121 717 2153 hunc
749 2119 895 2152 modum
921 2118 1060 2151 honore
1084 2119 1204 2159 culto,
1240 2120 1409 2153 sedimus.
1458 2123 1551 2155 Tum
1576 2134 1671 2158 nova

230 2170 369 2205 fercula
392 2170 524 2215 cuique
550 2176 693 2201 mensae
717 2170 802 2198 sunt
826 2166 948 2206 illata,
986 2176 1080 2210 quae
1105 2166 1177 2198 alia
1201 2166 1439 2200 continebant
1461 2171 1669 2212 esculenta,

232 2229 278 2250 ex
301 2216 435 2262 quibus
461 2215 525 2249 ubi
548 2223 691 2254 omnes,
715 2211 837 2257 quoad
861 2213 947 2244 satis
972 2217 1085 2252 esset,
1111 2212 1370 2254 comedissent,
1408 2214 1536 2248 codem
1555 2217 1668 2251 modo

231 2264 471 2303 surreximus,
489 2268 527 2297 et
551 2266 659 2306 epoto
683 2259 794 2292 calice
819 2270 938 2291 rursus
964 2257 1202 2291 consedimus.
1249 2259 1474 2294 Advenieute
1500 2273 1670 2309 vespere,

231 2309 447 2354 facibusque
471 2309 647 2348 accensis,
672 2306 742 2338 duo
768 2304 920 2348 Scythae
949 2315 1067 2338 coram
1084 2305 1196 2337 Attila
1218 2306 1451 2349 prodierunt,
1485 2313 1523 2342 et
1545 2321 1668 2345 versus

232 2368 254 2390 a
277 2367 315 2389 se
341 2356 474 2396 factos,
506 2355 640 2401 quibus
665 2355 742 2386 eius
766 2351 934 2385 victorias
964 2356 1002 2383 et
1035 2351 1184 2384 bellicas
1207 2354 1359 2387 virtutes
1384 2354 1583 2397 canebant,
1608 2369 1670 2391 re-

233 2403 402 2436 citarunt.
450 2403 492 2435 In
516 2411 605 2447 quos
631 2400 802 2434 convivae
825 2398 948 2431 oculos
975 2398 1198 2442 defixerunt3
1233 2403 1271 2432 et
1293 2399 1359 2432 alii
1382 2401 1531 2446 quidem
1556 2405 1671 2436 versi-

232 2450 302 2482 hus
328 2448 620 2488 delectabantur,
643 2446 724 2480 aliis
749 2444 930 2478 bellorum
955 2445 1156 2478 recordatio
1181 2445 1320 2478 animos
1345 2447 1544 2488 excitabat,
1585 2451 1668 2484 aliis
1722 2459 1725 2461 ’

233 2494 430 2529 manabant
451 2497 648 2539 lacrymae,
674 2492 826 2538 quorum
850 2502 978 2536 corpus
1003 2496 1122 2525 aetate
1146 2490 1378 2526 debilitatum
1399 2500 1492 2536 erat,
1517 2501 1554 2528 et
1567 2498 1670 2542 vigor

234 2543 348 2576 animi
371 2542 556 2587 quiescere
580 2539 783 2586 cogebatur.
830 2539 914 2571 Post
948 2543 1072 2571 cantus
1116 2543 1152 2572 et
1175 2542 1333 2571 cumina
1375 2540 1507 2583 Scytha
1545 2546 1669 2577 nescio

233 2590 317 2633 quis
352 2593 471 2621 mente
499 2594 623 2632 captus
667 2586 822 2619 absurda
859 2589 896 2617 et
930 2585 1054 2628 inepta
1099 2596 1168 2618 nee
1206 2586 1285 2618 sani
1308 2587 1504 2633 quicquam
1527 2587 1670 2623 haben-

231 2636 284 2668 tia
312 2633 502 2667 effundens
526 2636 636 2667 risum
659 2633 824 2666 omnibus
857 2631 1057 2664 commovit.
1104 2631 1284 2666 Postremo
1309 2634 1440 2666 Zercon
1465 2635 1669 2670 Maurusius

232 2680 410 2717 introivit.
457 2678 614 2714 'Edecon
653 2681 749 2713 enim
783 2679 839 2711 illi
877 2683 1122 2721 persuaserat,
1167 2685 1209 2713 ut
1242 2678 1288 2711 ad
1323 2680 1473 2713 Attilam
1510 2683 1670 2721 veniret,

233 2738 376 2762 omnem
395 2738 540 2773 operam
571 2733 608 2762 et
630 2726 791 2760 studium
803 2725 1009 2771 pollicitus,
1033 2735 1104 2771 quo
1132 2737 1280 2760 uxorem
1305 2733 1543 2771 recuperaret.
1568 2729 1669 2762 Hanc
