1924 3164
579 160 649 200 Ex
680 156 895 201 EUNAPn
926 157 1198 201 ms‘romA.
1538 139 1607 215 57

176 259 373 314 μυθῶδες
399 262 473 303 καί
496 259 591 302 λίαν
618 260 795 315 ἅρχαῖον
821 257 1010 317 ἇφαιρεΐ,
1038 259 1111 302 καὶ
1135 254 1313 318 ἀφίησιν
1332 255 1475 316 ὥσπερ
1500 259 1614 317 ‹peip-

175 341 310 379 μακον
345 325 524 368 παλαιὸν
559 327 634 368 καὶ
668 325 871 379 ἀδόκιμον
895 329 956 377 εἰς
981 325 1081 376 τούς
1105 319 1444 375 συντεθεικότας·
1477 329 1615 381 Αἰγυὲ-

179 390 326 440 πτίους
352 392 400 433 δὲ
442 391 622 448 χρόνους
663 386 963 445 ἀναλεγόμενος
1008 392 1082 435 καί
1113 389 1432 445 συνωθούμενος
1469 391 1541 434 ἐπὶ
1559 409 1613 434 τα

179 457 330 509 πρῶτα
367 456 442 498 καί
478 454 703 512 τελεώτερα
748 457 832 499 ταῖν
859 461 959 513 παρ’
983 455 1174 508 ἑκάστοις
1200 454 1367 514 οἷρχᾰίνς
1394 455 1493 506 τοὺς
1518 455 1613 512 ἦγε-

147 518 308 572 5μόνας
335 520 408 563 καί
430 523 616 578 πατέρας
642 523 717 576 τῆς
742 519 932 578 ἱστορίας
970 523 1210 579 ἐκτίθησιν,
1256 515 1424 578 ἔνδηλος
1450 518 1510 564 ὢν
1535 520 1732 571 ›calli-249

175 585 325 640 σχεδόν
350 602 394 629 τι
412 585 738 644 μαρτυρόμενος,
769 583 837 629 ὅτι
863 589 947 630 τῶν
975 589 1293 642 ἀπιστουμένων
1337 590 1511 632 ἕκαστον
1538 590 1615 629 ἓτε-

179 668 256 710 ρος
281 651 502 708 προλαβών
542 652 729 709 εἴρηκεν.
786 655 861 695 καί
894 657 1114 711 περιφέρει
1147 671 1195 709 γε
1230 652 1307 711 τήν
1343 645 1532 710 ἱστορίαν
1570 655 1616 696 ἐκ

173 719 337 761 πολλῶν
364 720 438 760 καί
463 720 737 762 παντοδαπῶν
759 722 844 762 τῶν
871 722 1004 763 ταῦτα
1030 719 1254 777 εἰρηκότων
1302 717 1440 775 ὥσπερ
1473 716 1616 776 ῥωπόν

172 800 218 827 τι
243 785 316 826 καί
339 787 520 827 ποικίλον
558 785 632 827 καί
664 786 877 842 χρήσιμον
915 788 976 836 εἷς
1009 787 1056 829 ἓν
1095 785 1362 842 μυροπώλιον
1400 784 1478 840 τήν
1504 787 1617 828 ἰδίαν

123 850 363 906 Ιοέξήγησιν
401 855 797 908 κατακεκλεισμένην
831 852 904 895 καὶ
939 852 1218 908 συνηγμένην.
1271 852 1406 894 πάντα
1434 853 1494 905 δὲ,
1534 847 1616 894 ὅσα

173 914 279 971 πρός
300 932 345 959 τε
390 915 438 959 τὸ
481 915 622 960 κοινὸν
659 918 854 960 ἁπάντων
896 917 1132 976 ἀνθρώπων
1177 914 1374 973 ἀξιόλογα
1413 919 1485 960 καί
1523 921 1618 959 κατ’

174 977 309 1039 ἄνδρα
338 984 396 1025 δι’
441 977 597 1039 ἇρετὴν
634 986 832 1039 περιττοῦ
867 1000 976 1034 τινος
1016 983 1214 1038 ὀνόματος
1247 982 1505 1039 τετυχηκότα
1539 982 1617 1025 λά-

171 1053 286 1105 βρως
335 1047 578 1104 ἐπιδραμών
633 1051 706 1091 καὶ
756 1051 1005 1103 διαθέμενος
1040 1051 1100 1107 τῷ
1136 1048 1268 1106 λόγῳ,
1318 1050 1518 1092 τελευτῶν
1555 1050 1616 1096 εἰς

174 1113 393 1158 Κλαύδιον
419 1115 616 1157 καταλύει
641 1113 715 1171 τήν
741 1114 1012 1171 συγγραφήν,
1041 1115 1115 1157 καί
1140 1114 1361 1158 Κλαυδίου
1404 1117 1476 1170 τῆς
1501 1117 1615 1168 βασι-

119 1182 284 1229 ιόλείας
320 1178 410 1230 ἔτος
449 1178 496 1222 τὸ
535 1182 725 1234 πρῶτον,
763 1182 808 1230 ἐς
835 1178 863 1222 ὃ
889 1181 964 1222 καί
998 1182 1070 1235 τῆς
1095 1180 1313 1234 βασιλείας
1349 1174 1503 1235 ἤρχετο
1541 1177 1618 1220 καὶ

170 1243 383 1298 ἐτελεύτα,
424 1243 620 1287 ἐνιαυτὸν
654 1241 788 1300 ἄρξας
815 1245 1040 1298 Ῥωμαίοις
1066 1246 1165 1287 ἕνα·
1219 1242 1259 1287 οἷ
1298 1245 1346 1286 δὲ
1370 1247 1447 1286 καί
1470 1246 1610 1300 ἕτερον
1620 1255 1705 1292 Cod.
1716 1258 1787 1305 264

171 1310 285 1368 αὐτῷ
326 1310 585 1365 χαρίζονται.
637 1306 726 1352 εἶτα
756 1309 1021 1364 ὄλυμπιοίδας
1047 1312 1359 1365 καταλογίζεται
1386 1309 1516 1360 τόσας
1541 1309 1616 1352 καὶ

169 1375 295 1425 τόσας
310 1377 385 1417 καί
397 1371 585 1426 ὑπάτους
608 1377 683 1418 καί
693 1370 904 1433 ἄρχοντας
927 1373 1000 1419 ἐπὶ
1010 1375 1199 1429 ταύταις,
1227 1375 1305 1431 τῆν
1328 1375 1507 1430 χιλιάδα
1528 1379 1615 1419 τῶν

168 1442 272 1483 ἐτῶν
295 1438 541 1495 ὑποβαλών,
569 1436 708 1498 ὥσπερ
739 1443 939 1496 οἷγωνιῶν,
967 1443 1009 1484 εἶ
1030 1441 1091 1498 μὴ
1118 1444 1283 1484 πολλῶν
1308 1442 1404 1484 λίαν
1430 1443 1534 1484 §rosv
1561 1443 1614 1484 α’-

115 1507 317 1562 ηοποδοίη
342 1506 463 1560 λόγον
487 1511 575 1556 τοῖς
604 1507 942 1562 ἐντυγχάνουσιν.
998 1506 1080 1562 ἐγώ
1098 1509 1146 1550 δὲ
1165 1506 1190 1549 ὅ
1211 1508 1331 1550 τοῦτο
1348 1505 1397 1549 τὸ
1410 1505 1532 1562 ἔργον
1553 1509 1613 1557 εἷς

172 1572 274 1614 νοῦν
299 1571 558 1627 βαλόμενος,
585 1571 661 1615 ὕπ’
681 1573 817 1617 αὐτοῦ
834 1573 1048 1626 Δεξίππου
1074 1574 1207 1617 ταῦτα
1234 1571 1346 1628 ἔχων
1371 1571 1613 1616 ἐκδιδάσκε-

261 1692 294 1735 4.
317 1688 532 1738 τελεώτερα]
558 1689 790 1738 παλαιότερα
813 1691 905 1726 coni.
929 1691 969 1725 B.

167 1778 400 1825 pharmacum
416 1781 554 1814 vietum
579 1786 618 1815 et
640 1781 883 1826 reprobatum,
910 1784 1028 1816 otiosa
1050 1793 1128 1817 esse
1142 1782 1249 1817 sinit:
1278 1782 1499 1828 Aegyptiaca
1521 1792 1604 1815 vero

166 1830 329 1870 tempora
348 1831 549 1872 supputans
581 1833 690 1872 atque
717 1829 765 1862 ad
780 1829 1004 1875 antiquiores
1028 1831 1285 1874 purioresque,
1311 1830 1376 1874 qui
1401 1833 1485 1862 sunt
1509 1828 1607 1872 apud

169 1884 350 1918 quamque
377 1878 542 1918 gentem,
578 1874 699 1908 sontes
727 1884 919 1916 revocans,
942 1875 1124 1919 principes
1148 1880 1342 1919 patresque
1366 1873 1539 1907 historiae
1566 1874 1607 1908 in

166 1918 328 1952 medium
345 1920 502 1964 profert;
529 1919 638 1964 plane
659 1920 907 1954 demonstrans
929 1932 971 1954 ac
989 1921 1252 1965 propemodum
1269 1921 1486 1954 testimoniis
1509 1930 1607 1953 com-

163 1965 340 2011 probans,
365 1965 650 2011 unumquodque
675 1978 720 2000 ex
742 1966 798 2000 his
822 1965 1102 2000 incredibilibus
1129 1967 1242 2000 alium
1264 1978 1307 2000 cx
1331 1966 1404 2000 alio
1430 1966 1604 2000 historico

165 2012 280 2046 fuisse
303 2017 519 2046 mutuatum.
567 2014 647 2057 Ipse
669 2018 790 2047 autem
814 2023 834 2045 e
859 2013 983 2046 multis
1008 2018 1117 2058 atque
1141 2013 1341 2057 omnigenis
1355 2038 1365 2053 ,
1388 2013 1453 2058 qui
1478 2012 1524 2046 de
1546 2012 1605 2046 his

166 2059 276 2092 rebus
300 2058 538 2103 scripserunt,
571 2059 762 2093 historiam
788 2060 951 2102 conficit3
988 2059 1135 2092 cinnum
1157 2060 1271 2093 veluti
1298 2059 1438 2093 varium
1462 2065 1499 2093 et
1521 2070 1607 2104 per-

163 2104 302 2138 bonum
327 2105 373 2139 ad
397 2107 540 2139 unicam
562 2106 796 2152 pigmentarii
820 2106 1024 2147 officinam,
1047 2105 1094 2139 ad
1114 2117 1216 2139 suam
1233 2105 1406 2140 videlicet
1423 2106 1605 2139 narratio-

164 2162 270 2192 nem,
295 2162 423 2196 cogens
444 2158 555 2199 atque
571 2153 768 2187 cumulans.
817 2153 948 2187 Omnia
963 2164 1062 2193 vero,
1084 2163 1177 2197 quae
1195 2153 1270 2186 sive
1293 2153 1490 2198 generatim
1507 2153 1606 2186 inter

166 2198 334 2232 homines
357 2199 536 2240 illustria,
574 2199 650 2233 sive
676 2199 888 2245 singillatim
920 2198 967 2230 oh
1001 2199 1154 2233 alicuius
1181 2199 1355 2232 virtutem
1392 2203 1603 2243 praestante

167 2245 264 2278 fama
290 2245 557 2286 inclaruerunt,
597 2246 765 2280 celeriter
787 2256 1000 2290 percurrens
1041 2251 1150 2291 atque
1180 2246 1220 2279 in
1250 2256 1351 2280 suam
1374 2245 1603 2279 lucubratio-

164 2302 250 2324 nem
274 2292 485 2334 adsumens,
511 2293 621 2326 finem
644 2292 820 2326 historiae
844 2292 934 2326 facit
958 2291 998 2324 in
1023 2291 1167 2325 Claudii
1193 2304 1287 2326 anno
1307 2292 1445 2336 primo,
1473 2303 1545 2337 quo
1566 2293 1599 2325 is

164 2348 314 2382 regnum
338 2344 376 2372 et
403 2339 607 2384 auspicatus
632 2344 687 2373 est
711 2344 748 2374 et
771 2339 908 2380 finivit,
939 2348 1035 2371 anno
1068 2349 1141 2372 uno
1174 2339 1340 2372 Romanis
1365 2339 1599 2385 imperitans;

165 2395 384 2430 quamquam
420 2386 590 2419 nonnulli
622 2385 712 2419 duos
747 2385 834 2418 huic
872 2386 1018 2430 imperii
1050 2397 1162 2420 annos
1193 2386 1407 2430 largiuntur.
1454 2385 1601 2420 Deinde

167 2431 387 2474 olympiadas
420 2437 593 2476 supputat
615 2433 800 2477 planeque
831 2431 1044 2465 adnumerat
1091 2444 1172 2466 cum
1212 2431 1421 2466 consulibus
1458 2438 1496 2466 et
1521 2443 1602 2465 cum

167 2476 422 2511 archontibus:
459 2484 568 2524 atque
593 2489 637 2512 ex
662 2478 928 2524 olympiadibus
951 2478 1054 2512 mille
1077 2489 1191 2512 annos
1215 2479 1383 2521 conficit3
1420 2478 1603 2512 laboriose

167 2522 362 2557 admodum
387 2530 577 2567 aestuans,
612 2525 684 2560 nisi
719 2526 982 2571 permultorum
1006 2536 1184 2560 annorum
1209 2525 1408 2560 lectoribus
1441 2526 1517 2559 sui·
1542 2536 1605 2558 ra-

167 2569 304 2603 tionem
329 2570 538 2604 reddiderit,

258 2616 332 2661 Ego
356 2626 452 2658 vero,
477 2619 542 2664 qui
567 2616 614 2651 de
639 2616 709 2651 hoc
731 2628 840 2661 opere
864 2616 1088 2652 lucubrando
1114 2618 1307 2652 consilium
1331 2618 1436 2663 cepi,
1457 2618 1502 2650 ab
1521 2618 1601 2661 ipso

168 2661 317 2710 quidem
339 2663 505 2711 Dexippo
530 2663 669 2699 discere
691 2664 797 2710 potui
827 2668 939 2710 atque
974 2675 1197 2710 cognoscere,
1220 2665 1328 2711 quale
1353 2669 1602 2711 quantumque
