1924 3164
326 151 450 227 466
913 151 1190 212 ExcERPTA

322 271 550 329 βαρβάρων
577 267 853 313 ἀποκῶλυσιν.
909 271 954 312 ἐν
989 269 1069 325 γὰρ
1105 275 1198 319 ταῖς
1223 269 1427 325 ἡμέραις,
1468 272 1595 328 φησὶ,
1637 273 1764 315 Κων-

325 338 524 381 σταντιόυ
554 338 633 379 τοῦ
657 337 890 391 βασιλέως,
930 337 979 379 ’ἐν
1004 338 1053 394 τῇ
1082 333 1226 393 Θράκῃ
1261 333 1494 391 Ουάλερίου
1545 331 1761 393 ἄρχοντος,

219 414 256 448 Ρ.
275 404 502 458 ιομὴνυσις
528 404 707 457 γέγονεν,
736 400 795 451 ῶς
820 399 1037 457 θησαυρὸς
1075 399 1282 457 εὑρεθείη.
1314 400 1542 457 Οὖαλέριος
1569 403 1615 445 δὲ
1642 401 1760 459 παρὰ

204 480 206 483 ’
319 468 395 512 τόν
410 466 532 510 τόπον
550 463 885 522 παραγενόμενος
910 465 1116 520 μανθάνει
1129 464 1244 522 παροέ
1268 468 1352 508 τῶν
1378 467 1616 523 ἐπιχωρίων
1647 465 1762 524 ἱερὸν

318 531 426 578 εἶναι
453 531 524 575 τὸν
548 530 694 586 τόπον,
734 534 807 575 καί
842 534 885 582 ἐξ
914 533 1098 588 ἀρχαίας
1139 533 1302 588 τελετῆς
1331 531 1582 587 ἀνδριάντας
1611 532 1656 575 ἐν
1684 528 1789 587 ati-5

319 601 380 657 τῷ
424 598 710 655 ἀφιερῶσθαι-
781 594 872 641 εἶτα
901 598 1106 655 ἀναφέρει
1133 599 1271 640 ταῦτα
1298 599 1354 655 τῷ
1375 600 1565 651 βασιλεῖ,
1593 599 1668 640 καί
1675 598 1779 651 ’δέη

316 680 439 719 χετοιι
488 663 663 719 γράμμα
709 665 929 720 ἐπιτρέπον
984 664 1100 722 αὐτῷ
1141 664 1367 717 ἀναλαβεῖν
1415 660 1467 705 τὰ
1507 664 1762 719 μηνυθέντα.ν

317 730 623 785 ἄνορυχθέντος
651 731 789 772 τοίνυν
830 731 904 772 τοῦ
932 726 1062 772 τόπου
1092 726 1355 784 εὑρίσκονται
1381 732 1493 784 τρεῖς
1522 725 1762 784 ἀνδριάντες

317 797 374 836 δι’
403 791 503 837 ὅλου
532 797 576 846 ἐξ
609 795 796 851 ἀργύρου
825 796 1104 851 πεποιημένοι,
1130 793 1175 837 ἐν
1202 793 1386 851 σχήματι
1412 795 1659 852 βαρβαρικῷ
1684 809 1761 837 καφ

314 862 566 915 τακειζιιενοι,
595 861 669 904 καὶ
703 862 1047 917 ἑξηγκωνισμένοι
1074 863 1163 903 κατ’
1196 860 1356 918 ἀμφοῖν
1381 865 1476 903 ταῖν
1500 865 1664 916 χεροῖν,
1692 858 1815 907 ε’ν-ἰο

321 930 541 981 δεδυμένοι
570 929 616 970 δὲ
643 927 862 985 βάρβαρον
889 929 1206 983 πεποικιλμένην
1233 929 1396 983 ἐσθῆτα
1415 958 1428 980 ,
1458 926 1531 969 καὶ
1555 927 1781 980 κομῶντες,

319 992 400 1042 τὰς
427 992 636 1050 κεφαλὰς,
667 994 856 1043 νεύοντες
883 992 955 1037 ἐπὶ
974 994 1019 1036 τὸ
1054 990 1240 1053 ἀρκτῷον
1265 995 1416 1049 μέρος,
1444 994 1628 1035 τουτέστι
1649 989 1781 1052 κατὰἸ

278 1061 394 1102 Brea?
407 1061 673 1115 βαρβαρικοῦ
682 1058 845 1116 χώρου.
874 1054 934 1102 ῶν
955 1058 1214 1115 ἀνδριάντων
1237 1055 1576 1114 ἆναληφθέντων,
1595 1055 1760 1112 πάραυ-

312 1142 368 1168 τα
395 1126 467 1166 καί
491 1127 583 1178 μετ’
627 1120 767 1180 ὄλίγας
796 1125 957 1182 ἡμέρας
984 1127 1148 1182 πρῶτον
1175 1127 1253 1179 μὲν
1273 1122 1321 1166 τό
1341 1126 1425 1166 τῶν
1436 1126 1476 1166 Γ
1474 1123 1608 1166 ὀτθων
1636 1121 1761 1173 ἔθνος

311 1192 453 1234 πᾶσαν
479 1191 688 1246 ἐπιτρέχει
713 1190 788 1247 τὴν
817 1190 997 1249 Θρᾴκην·
1054 1190 1200 1244 ἐζιιελλε
1239 1191 1287 1233 δὲ
1312 1189 1465 1247 μικρὸν
1489 1185 1659 1244 ὕστερον
1687 1186 1814 1233 και“15

313 1254 362 1299 τὸ
410 1258 491 1299 τῶν
546 1251 743 1312 Οὕννων,
786 1257 860 1300 καί
900 1255 950 1300 το“
1000 1259 1084 1300 τῶν
1122 1259 1358 1313 Σαρματῶν
1395 1257 1758 1312 καταδραμεῖσθαι

313 1320 422 1374 τό,τε
473 1320 704 1377 Ἰλλυρικὸν
741 1323 815 1366 καί
851 1321 987 1378 αὕτὴν
1012 1322 1087 1379 τὴν
1119 1320 1300 1380 Θρᾴκην.
1354 1322 1400 1364 ἐν
1424 1325 1538 1379 μέσῳ
1566 1319 1648 1376 γὰρ
1678 1325 1758 1363 αὐ·-

312 1389 387 1442 τῆς
414 1402 459 1430 τε
490 1387 656 1445 Θρᾴκης
690 1387 764 1430 καί
798 1391 877 1430 τοῦ
899 1388 1134 1444 Ἰλλυρικοῦ
1166 1389 1374 1430 κατέκειτο
1402 1385 1452 1431 τά
1480 1389 1553 1442 τῆς
1579 1387 1759 1441 τελετῆς.

312 1455 387 1495 καί
431 1452 548 1510 ἐῴκει
595 1454 678 1495 τῶν
716 1455 846 1509 τριῶν
890 1450 1148 1510 ἀνδριάντων
1187 1453 1208 1496 ὃ
1250 1451 1430 1510 ἀριθμὸς
1465 1452 1572 1495 κατά
1599 1450 1759 1501 παντός’

313 1516 463 1567 ἔθνους
490 1519 730 1561 τετελέσθαι
756 1520 991 1576 βαρβάρου.
1752 1526 1810 1557 20

412 1579 503 1626 ‘'On
541 1582 564 1625 ὅ
609 1582 817 1638 ἱστορικὸς
867 1584 967 1639 περὶ
1002 1587 1078 1628 τοῦι
1119 1585 1272 1626 οἰκείου
1314 1579 1615 1637 διαλαμβάνων
1658 1581 1755 1626 διοί-

311 1654 436 1702 πλου,
470 1647 602 1690 πολλὰ
630 1652 786 1692 παθεῖν
814 1651 889 1692 καί
914 1649 1191 1704 δυστυχῆσαί
1211 1665 1327 1706 φησι.
1381 1649 1494 1703 λέγει
1522 1649 1568 1690 δὲ
1596 1650 1671 1689 καί
1696 1649 1758 1697 εἷς

277 1712 390 1763 cuis
410 1710 599 1769 Ἀθήνας
625 1715 835 1769 κατᾶραι,
864 1712 939 1756 καί
973 1717 1024 1771 τῇ
1054 1714 1183 1772 αὐτοῦ’
1225 1715 1390 1771 σπουδῇ
1426 1716 1500 1756 καί
1543 1713 1758 1770 ἐπιμελείᾳ

190 1781 379 1829 Ἷ.ι5οεἶς
433 1777 506 1822 τὸν
564 1778 809 1836 σοφιστικὸν
869 1778 1024 1836 θρόνον
1076 1779 1318 1836 ἀναχθῆναι
1374 1779 1576 1823 Λεόντιον
1640 1773 1756 1821 οὔπω

316 1909 461 1955 inquit,
499 1909 731 1953 Imperatoris
767 1908 1012 1953 temporibus,
1045 1908 1227 1953 praefecto
1253 1908 1292 1942 in
1318 1906 1472 1942 Thracia
1495 1908 1669 1948 Valerio,
1695 1907 1758 1940 in-

317 1957 453 1990 dicium
485 1955 618 1989 factum
651 1954 812 1988 thesauri
846 1954 1066 1999 reperiundi.
1121 1954 1288 1989 Valerius
1321 1966 1405 1989 vero
1437 1954 1483 1988 ad
1507 1955 1624 1989 locum
1647 1965 1753 1988 acce-

318 2003 427 2043 dens,
462 2013 602 2036 sacrum
634 2001 741 2034 illum
775 2012 850 2035 esse
887 2002 1063 2046 religione
1089 2011 1133 2034 ex
1160 2002 1289 2034 incolis
1325 2002 1513 2046 cognovit,
1540 2005 1577 2034 et
1599 2002 1772 2047 antiquo¹

316 2051 390 2084 ritu
416 2054 551 2082 statuas
577 2048 717 2082 ibidem
753 2053 986 2081 consecratas.
1034 2047 1173 2081 Retulit
1207 2046 1297 2081 haec
1323 2047 1369 2081 ad
1391 2049 1669 2093 Imperatorem,
1694 2058 1755 2081 re·

320 2096 568 2140 scriptumque
587 2094 739 2139 accepit,
762 2105 834 2140 quo
858 2094 1055 2128 iubebatur
1076 2094 1236 2128 indicata
1259 2094 1324 2127 illa
1348 2093 1445 2128 bona
1468 2094 1606 2128 tollere.
1635 2094 1754 2138 Igitur

323 2144 451 2175 effosso
471 2142 656 2182 loco,tres
681 2139 821 2174 solidae
841 2152 885 2174 ex
912 2145 1059 2186 argento
1074 2140 1269 2175 fabricatae
1286 2146 1449 2185 repertae
1475 2145 1559 2176 sunt
1585 2144 1753 2182 statuae,

320 2187 441 2232 speeie
468 2188 655 2223 barbarica
682 2187 798 2227 sitae,
839 2191 876 2220 et
903 2192 1058 2233 utroque
1088 2186 1238 2220 brachio
1271 2191 1417 2228 ansato,
1439 2191 1537 2220 veste
1561 2192 1769 2231 praeterea-

320 2236 501 2280 variegata
538 2233 725 2268 barbarico
761 2234 833 2267 ritu
859 2233 1009 2267 indutae
1027 2258 1038 2275 ,
1066 2238 1103 2267 et
1127 2244 1265 2267 comam
1298 2233 1415 2279 capite
1439 2237 1617 2279 gestantes
1640 2239 1752 2279 atque

320 2280 362 2314 in
386 2281 667 2324 septentrionem
684 2305 693 2322 ,
727 2291 821 2326 quae
845 2277 1080 2314 barbarorum
1116 2280 1214 2324 regio
1246 2285 1321 2322 est,
1345 2279 1525 2313 obversae.
1574 2278 1676 2324 Quae
1700 2280 1752 2313 si-

320 2328 509 2372 mulatque
541 2332 681 2361 statuae
717 2325 880 2360 sublatae
906 2331 1012 2367 sunt,
1047 2336 1181 2371 paucos
1212 2331 1295 2371 post
1329 2324 1406 2360 dies
1443 2324 1647 2360 Gothorum
1669 2326 1764 2370 pri·

319 2384 419 2406 mum
442 2384 527 2417 gens
552 2373 751 2407 universam
769 2373 923 2407 incurrit
946 2372 1148 2414 Thraciam,
1171 2373 1387 2417 futuraeque
1408 2377 1491 2416 post
1513 2372 1621 2416 paulo
1647 2376 1752 2406 erant

319 2420 535 2454 Hunnorum
560 2431 600 2453 ac
624 2419 866 2453 Sarmatarum
888 2419 1111 2454 incursiones
1134 2420 1174 2452 in
1199 2418 1382 2462 Illyricum
1420 2423 1457 2452 et
1491 2418 1603 2463 ipsam
1627 2417 1748 2452 Thra-

321 2466 437 2499 ciam:
463 2467 518 2498 uti
543 2466 733 2502 Thraciam
762 2466 858 2500 inter
881 2470 917 2499 et
940 2466 1123 2508 Illyricum
1145 2466 1214 2500 sita
1247 2469 1331 2499 sunt
1354 2464 1445 2498 haec
1468 2464 1750 2498 consecrationis

318 2512 421 2552 loca,
447 2517 484 2545 et
515 2512 624 2546 trium
649 2519 847 2546 statuarum
870 2522 1040 2547 numerus
1064 2513 1233 2547 adversus
1263 2521 1386 2546 omnes
1417 2516 1538 2556 gentes
1573 2509 1746 2545 barbaras

320 2560 556 2602 inauguratus
573 2558 797 2593 videbatur.''

414 2604 469 2638 De
495 2615 560 2638 sua
583 2605 735 2649 scriptor
758 2604 819 2638 hic
843 2605 1071 2650 navigatione
1095 2604 1230 2646 refert,
1256 2603 1370 2638 multa
1392 2613 1430 2637 se
1453 2602 1597 2636 adversa
1619 2607 1746 2648 pertu-

320 2651 421 2686 lisse.
467 2650 624 2685 Athenas
656 2661 800 2696 quoque
839 2653 1020 2696 appulisse
1045 2650 1184 2691 tradit,
1222 2660 1359 2696 suoque
1386 2647 1503 2683 studio
1528 2653 1566 2681 et
1589 2659 1670 2685 cura
1697 2649 1744 2684 ad

321 2697 557 2744 sophisticam
581 2698 689 2731 etiam
716 2696 837 2731 sedem
863 2702 1025 2732 evectum
1048 2698 1262 2736 Leontium,
1286 2695 1428 2729 tametsi
1453 2694 1492 2727 id
1515 2694 1580 2728 ille
1602 2706 1744 2740 nequa-

324 2755 432 2791 quam
456 2744 573 2782 vellet.
623 2742 694 2780 Sed
724 2743 816 2779 etde
843 2743 956 2791 pallio
981 2743 1178 2792 sophistico
1202 2742 1396 2779 memoriae
1422 2739 1604 2787 prodidit,
1626 2740 1743 2777 nerni-
