1904 3276
165 1057 390 1130 Parisinam
418 1085 676 1121 historicorum
703 1086 982 1135 Byzantinorum
1006 1083 1209 1120 editionem
1236 1095 1310 1120 non
1339 1095 1383 1118 eo
1414 1085 1542 1126 animo
1560 1086 1607 1119 ab

165 1163 274 1197 initio
299 1162 501 1196 institutam
529 1172 606 1196 esse
634 1165 676 1194 ut
717 1160 897 1206 integrum
921 1159 1136 1205 scriptorum
1152 1169 1280 1203 corpus
1293 1160 1611 1204 complecteretur,

167 1231 339 1278 inspectis
374 1229 619 1267 voluminibus
657 1240 751 1275 quae
781 1233 866 1263 ante
891 1228 1030 1262 editum
1055 1239 1077 1262 a
1101 1228 1270 1274 Philippo
1294 1227 1443 1261 Labbeo
1466 1233 1609 1273 protre-

165 1300 291 1346 pticon
330 1299 564 1346 prodierant,
599 1299 708 1333 facile
741 1302 901 1344 apparet.
950 1296 1116 1332 Labbeus
1151 1302 1293 1338 autem,
1324 1301 1398 1331 tam
1432 1296 1609 1333 historiae

164 1371 374 1416 cognitione
411 1379 521 1417 quam
545 1368 691 1414 ingenio
722 1367 927 1413 iudiciique
950 1367 1106 1401 sanitate
1132 1366 1273 1412 egregie
1302 1365 1519 1407 instructus,
1555 1365 1610 1400 si·-

166 1440 288 1474 mulac
311 1450 388 1474 sese
418 1439 520 1484 operi
536 1436 768 1484 exsequendo
792 1436 965 1478 dederat,
993 1436 1173 1482 corporis,
1199 1435 1298 1482 quod
1323 1434 1496 1481 deinceps
1520 1445 1612 1480 pau-

162 1509 270 1544 latim
295 1510 407 1542 crevit
421 1533 431 1550 ‚
453 1509 646 1554 imaginem
674 1507 745 1541 sibi
759 1506 985 1548 informavit,
1007 1506 1160 1552 eiusque
1175 1504 1389 1550 perficiendi
1411 1504 1613 1539 animosam-

164 1589 266 1623 spem
299 1577 485 1623 concepit3
524 1588 595 1623 qua
627 1575 756 1609 ductus
790 1575 948 1611 indicem
980 1575 1096 1609 futuri
1130 1574 1362 1620 syntagmatis
1400 1571 1610 1617 proposuit3

164 1648 341 1693 singulis,
366 1658 459 1693 quae
478 1650 564 1680 tunc
587 1645 730 1691 cognita
757 1648 875 1687 erant,
899 1644 1042 1690 scriptis
1068 1643 1107 1677 in
1133 1653 1177 1676 eo
1205 1643 1323 1676 locum
1347 1651 1614 1687 numerumque

165 1716 369 1762 assignavit.

258 1787 416 1821 Primum
440 1786 480 1819 in
507 1784 577 1819 hoe
598 1785 721 1819 indice
743 1784 936 1826 volumen,
964 1786 1104 1817 servata
1128 1783 1221 1816 serie
1254 1793 1375 1816 rerum
1410 1786 1613 1827 gestarum,

167 1856 219 1889 ita
251 1855 511 1900 componebat,
547 1859 590 1888 ut
619 1854 698 1888 eius
731 1852 884 1887 fundum
913 1852 1049 1886 faceret
1081 1852 1220 1897 eclogas
1245 1850 1290 1884 de
1320 1850 1567 1896 legationibus
1591 1861 1612 1884 a

168 1924 308 1958 Davide
334 1923 553 1957 Hoeschelio
580 1922 718 1966 editas3
750 1923 892 1969 quippe
927 1932 1046 1967 quae,
1084 1932 1159 1954 uno
1198 1923 1349 1964 excepto
1388 1918 1615 1961 Menandro,

169 1994 216 2028 ad
242 1998 405 2038 tempora
438 1992 641 2026 Iustiniano
665 1991 886 2035 imperante,
910 1990 1158 2035 Procopioque
1184 1989 1379 2034 scriptore,
1403 1988 1612 2034 antiquiora

169 2066 392 2106 spectarent:
429 2058 670 2094 Menandrum
704 2062 828 2091 autem
863 2057 909 2090 ab
943 2069 986 2091 eo
1014 2063 1163 2102 propter
1193 2056 1338 2091 easdem
1360 2057 1520 2098 rationes
1543 2055 1615 2090 hoc

169 2131 250 2164 loco
275 2134 456 2163 retentum
480 2139 557 2162 esse
581 2127 759 2168 arbitror,
794 2137 888 2173 quae
911 2125 1004 2159 mihi
1030 2135 1176 2172 quoque
1202 2135 1249 2174 ne
1274 2118 1357 2158 etim
1383 2123 1470 2158 inde
1495 2124 1615 2159 dimo-

169 2210 290 2235 verem
315 2204 523 2233 suaserunt:
554 2197 696 2232 scilicet
723 2201 764 2232 ut
799 2195 912 2229 nimia
935 2195 1131 2231 voluminis
1157 2195 1301 2232 exilitas
1318 2195 1508 2229 vitaretur.
1542 2192 1615 2228 Cui

165 2268 293 2314 potius
318 2266 482 2313 augendo
517 2277 629 2313 quum
669 2276 790 2300 curam
819 2263 1029 2305 adhiberet,
1052 2263 1187 2297 factum
1205 2273 1284 2297 esse
1305 2273 1434 2296 censeo
1448 2287 1458 2304 ,
1481 2266 1523 2295 ut
1540 2272 1618 2295 non

170 2337 287 2371 solum
313 2336 472 2382 eclogas,
501 2345 590 2381 quas
620 2333 770 2368 Photius
796 2343 841 2367 ex
869 2331 1129 2378 Olympiodoro
1160 2331 1400 2377 Candidoque
1425 2336 1464 2365 et
1487 2330 1616 2364 Theo-

170 2404 290 2450 phane
335 2405 570 2451 conscripsit,
607 2403 861 2448 subiungeret3
895 2412 1020 2438 verum
1055 2406 1224 2446 excerpta
1260 2411 1407 2447 quoque
1435 2399 1617 2434 Constan-

171 2475 314 2508 tiniana
355 2473 401 2508 de
434 2472 681 2519 legationibus
719 2483 764 2506 ex
807 2469 1106 2517 Theophylacto,
1150 2470 1239 2504 licet
1279 2468 1408 2504 eodem
1451 2472 1617 2514 tempore

165 2542 282 2584 ‚huius
306 2543 458 2578 historia
482 2544 623 2589 integra
646 2543 686 2575 in
719 2540 847 2575 eodem
876 2539 1122 2587 typographeo
1156 2539 1267 2585 prelis
1301 2537 1466 2572 subiecta
1501 2539 1619 2580 esset3

173 2615 252 2646 tum
278 2622 363 2647 vero
372 2609 543 2656 Hesychii
567 2610 779 2656 opusculum
803 2609 850 2644 de
874 2608 1076 2654 originibus
1088 2606 1268 2652 Byzantii3
1300 2605 1460 2652 denique
1474 2604 1620 2641 eSuida

173 2679 327 2714 collecta
351 2691 447 2726 quae
473 2678 519 2713 ad
546 2680 750 2713 universam
772 2677 963 2711 historiam
989 2676 1223 2721 Byzantinam
1238 2699 1250 2718 ,
1271 2673 1458 2721 publicam
1481 2672 1619 2718 pariter

174 2752 286 2794 atque
308 2747 607 2791 ecclesiasticam,
631 2747 815 2793 pertinere
831 2744 1052 2784 viderentur.
1101 2743 1247 2791 Quibus
1266 2743 1475 2790 compositIs
1491 2766 1506 2785 ,
1531 2740 1618 2777 subs
