<?xml version="1.0" encoding="UTF-8"?>
<!DOCTYPE html PUBLIC "-//W3C//DTD XHTML 1.0 Transitional//EN"
    "http://www.w3.org/TR/xhtml1/DTD/xhtml1-transitional.dtd">
<html xmlns="http://www.w3.org/1999/xhtml" xml:lang="en" lang="en">
 <head>
  <title>
</title>
<meta http-equiv="Content-Type" content="text/html;charset=utf-8" />
  <meta name='ocr-system' content='tesseract 3.04.00' />
  <meta name='ocr-capabilities' content='ocr_page ocr_carea ocr_par ocr_line ocrx_word'/>
</head>
<body>
  <div class='ocr_page' id='page_1' title='image "./corpusscriptorum10niebuoft/corpusscriptorum10niebuoft_0512.png"; bbox 0 0 1924 3164; ppageno 0'>
   <div class='ocr_carea' id='block_1_1' title="bbox 312 148 1162 222">
    <p class='ocr_par' dir='ltr' id='par_1_1' title="bbox 312 148 1162 222">
     <span class='ocr_line' id='line_1_1' title="bbox 312 148 1162 222; baseline 0.004 -13"><span class='ocrx_word' id='word_1_1' title='bbox 312 148 427 222; x_wconf 73' lang='lat'><strong>458</strong></span> <span class='ocrx_word' id='word_1_2' title='bbox 884 166 1162 213; x_wconf 72' lang='lat' dir='ltr'>EXCERPTA</span> 
     </span>
    </p>
   </div>
   <div class='ocr_carea' id='block_1_2' title="bbox 112 270 1797 1779">
    <p class='ocr_par' dir='ltr' id='par_1_2' title="bbox 112 270 1797 1186">
     <span class='ocr_line' id='line_1_2' title="bbox 132 270 1743 333; baseline -0.005 -11"><span class='ocrx_word' id='word_1_3' title='bbox 132 274 468 333; x_wconf 75' lang='grc' dir='ltr'><strong><em>Δ.Ο.4ι4στήκει,</em></strong></span> <span class='ocrx_word' id='word_1_4' title='bbox 525 273 596 317; x_wconf 75' lang='grc' dir='ltr'><strong><em>ἐπὶ</em></strong></span> <span class='ocrx_word' id='word_1_5' title='bbox 621 276 667 317; x_wconf 79' lang='grc' dir='ltr'><strong>δὲ</strong></span> <span class='ocrx_word' id='word_1_6' title='bbox 693 274 766 329; x_wconf 81' lang='grc' dir='ltr'><strong>τῆς</strong></span> <span class='ocrx_word' id='word_1_7' title='bbox 790 270 945 323; x_wconf 82' lang='grc' dir='ltr'><strong><em>πόλεως</em></strong></span> <span class='ocrx_word' id='word_1_8' title='bbox 977 271 1228 329; x_wconf 79' lang='grc' dir='ltr'><strong><em>Νάρβωνος,</em></strong></span> <span class='ocrx_word' id='word_1_9' title='bbox 1258 272 1303 315; x_wconf 72' lang='grc' dir='ltr'><strong><em>ἓν</em></strong></span> <span class='ocrx_word' id='word_1_10' title='bbox 1330 273 1437 330; x_wconf 67' lang='grc' dir='ltr'><strong><em>οἰκίᾳ</em></strong></span> <span class='ocrx_word' id='word_1_11' title='bbox 1462 273 1652 327; x_wconf 86' lang='grc' dir='ltr'><strong><em>Ἰγγενίου</em></strong></span> <span class='ocrx_word' id='word_1_12' title='bbox 1679 288 1743 314; x_wconf 73' lang='lat' dir='ltr'><strong>‘tt-¹</strong></span> 
     </span>
     <span class='ocr_line' id='line_1_3' title="bbox 162 332 1742 398; baseline -0.004 -14"><span class='ocrx_word' id='word_1_13' title='bbox 162 332 238 366; x_wconf 89' lang='lat' dir='ltr'><strong>Ind.</strong></span> <span class='ocrx_word' id='word_1_14' title='bbox 257 340 374 392; x_wconf 70' lang='grc' dir='ltr'><strong>12νός</strong></span> <span class='ocrx_word' id='word_1_15' title='bbox 405 341 570 398; x_wconf 78' lang='grc' dir='ltr'><strong><em>πρώτου</em></strong></span> <span class='ocrx_word' id='word_1_16' title='bbox 599 340 682 382; x_wconf 75' lang='grc' dir='ltr'><strong>τῶν</strong></span> <span class='ocrx_word' id='word_1_17' title='bbox 708 340 754 381; x_wconf 80' lang='grc' dir='ltr'><strong><em>ἐν</em></strong></span> <span class='ocrx_word' id='word_1_18' title='bbox 793 339 845 395; x_wconf 84' lang='grc' dir='ltr'><strong>τῇ</strong></span> <span class='ocrx_word' id='word_1_19' title='bbox 871 337 1003 381; x_wconf 88' lang='grc' dir='ltr'><strong><em>πόλει.</em></strong></span> <span class='ocrx_word' id='word_1_20' title='bbox 1057 336 1161 380; x_wconf 80' lang='grc' dir='ltr'><strong><em>ἔνθα</em></strong></span> <span class='ocrx_word' id='word_1_21' title='bbox 1189 336 1549 393; x_wconf 75' lang='grc' dir='ltr'><strong><em>προκαθεσθείσης</em></strong></span> <span class='ocrx_word' id='word_1_22' title='bbox 1572 341 1742 380; x_wconf 84' lang='grc' dir='ltr'><strong><em>Πλακι-</em></strong></span> 
     </span>
     <span class='ocr_line' id='line_1_4' title="bbox 112 378 1744 460; baseline -0.003 -11"><span class='ocrx_word' id='word_1_23' title='bbox 112 378 293 415; x_wconf 68' lang='lat' dir='ltr'><strong>Eunomo</strong></span> <span class='ocrx_word' id='word_1_24' title='bbox 305 407 399 456; x_wconf 84' lang='grc' dir='ltr'><strong><em>δίας</em></strong></span> <span class='ocrx_word' id='word_1_25' title='bbox 425 408 471 448; x_wconf 81' lang='grc' dir='ltr'><strong><em>ἐν</em></strong></span> <span class='ocrx_word' id='word_1_26' title='bbox 500 404 682 447; x_wconf 78' lang='grc' dir='ltr'><em>παστάδι</em></span> <span class='ocrx_word' id='word_1_27' title='bbox 709 419 754 447; x_wconf 88' lang='grc' dir='ltr'><strong>τε</strong></span> <span class='ocrx_word' id='word_1_28' title='bbox 775 403 1017 458; x_wconf 73' lang='grc' dir='ltr'><strong><em>Ῥωμαϊκῶς</em></strong></span> <span class='ocrx_word' id='word_1_29' title='bbox 1045 404 1324 460; x_wconf 74' lang='grc' dir='ltr'><strong><em>ἐσκευασμένη</em></strong></span> <span class='ocrx_word' id='word_1_30' title='bbox 1356 403 1431 444; x_wconf 80' lang='grc' dir='ltr'><em>καί</em></span> <span class='ocrx_word' id='word_1_31' title='bbox 1453 400 1638 457; x_wconf 85' lang='grc' dir='ltr'><strong><em>σχήματι</em></strong></span> <span class='ocrx_word' id='word_1_32' title='bbox 1662 406 1744 457; x_wconf 80' lang='grc' dir='ltr'><strong><em>βα·-</em></strong></span> 
     </span>
     <span class='ocr_line' id='line_1_5' title="bbox 304 464 1742 528; baseline -0.003 -13"><span class='ocrx_word' id='word_1_33' title='bbox 304 473 449 528; x_wconf 78' lang='grc' dir='ltr'><strong><em>σιλικῷ</em></strong></span> <span class='ocrx_word' id='word_1_34' title='bbox 462 504 474 524; x_wconf 86' lang='grc'><strong><em>,</em></strong></span> <span class='ocrx_word' id='word_1_35' title='bbox 525 470 830 525; x_wconf 82' lang='grc' dir='ltr'><strong><em>συγκαθέζεται</em></strong></span> <span class='ocrx_word' id='word_1_36' title='bbox 875 471 984 527; x_wconf 76' lang='grc' dir='ltr'><strong><em>αὐτῇ</em></strong></span> <span class='ocrx_word' id='word_1_37' title='bbox 1030 468 1104 512; x_wconf 77' lang='grc' dir='ltr'><strong>καὶ</strong></span> <span class='ocrx_word' id='word_1_38' title='bbox 1131 464 1431 525; x_wconf 78' lang='grc' dir='ltr'><strong><em>Ἀδάουλφος,</em></strong></span> <span class='ocrx_word' id='word_1_39' title='bbox 1475 469 1742 521; x_wconf 71' lang='grc' dir='ltr'><strong><em>ἐνδεδυμένος</em></strong></span> 
     </span>
     <span class='ocr_line' id='line_1_6' title="bbox 302 529 1770 594; baseline -0.001 -15"><span class='ocrx_word' id='word_1_40' title='bbox 302 538 486 594; x_wconf 75' lang='grc' dir='ltr'><strong><em>χλανίδα</em></strong></span> <span class='ocrx_word' id='word_1_41' title='bbox 513 538 588 578; x_wconf 85' lang='grc' dir='ltr'>καί</span> <span class='ocrx_word' id='word_1_42' title='bbox 622 534 697 592; x_wconf 78' lang='grc' dir='ltr'><strong>τὴν</strong></span> <span class='ocrx_word' id='word_1_43' title='bbox 739 530 870 592; x_wconf 78' lang='grc' dir='ltr'><strong><em>ἄλλην</em></strong></span> <span class='ocrx_word' id='word_1_44' title='bbox 888 534 1108 590; x_wconf 88' lang='grc' dir='ltr'><strong><em>Ῥωμαίων</em></strong></span> <span class='ocrx_word' id='word_1_45' title='bbox 1134 537 1308 590; x_wconf 77' lang='grc' dir='ltr'><strong><em>ἐσθῆτα.</em></strong></span> <span class='ocrx_word' id='word_1_46' title='bbox 1365 536 1411 578; x_wconf 78' lang='grc' dir='ltr'><strong><em>ἐν</em></strong></span> <span class='ocrx_word' id='word_1_47' title='bbox 1438 529 1499 584; x_wconf 83' lang='grc' dir='ltr'><strong><em>οἷς</em></strong></span> <span class='ocrx_word' id='word_1_48' title='bbox 1525 532 1633 588; x_wconf 78' lang='grc' dir='ltr'><strong><em>μετὰ</em></strong></span> <span class='ocrx_word' id='word_1_49' title='bbox 1659 531 1770 577; x_wconf 70' lang='grc' dir='ltr'><strong>τῶνὸ</strong></span> 
     </span>
     <span class='ocr_line' id='line_1_7' title="bbox 304 598 1742 658; baseline -0.003 -12"><span class='ocrx_word' id='word_1_50' title='bbox 304 600 440 646; x_wconf 72' lang='grc' dir='ltr'><strong><em>ἄλλων</em></strong></span> <span class='ocrx_word' id='word_1_51' title='bbox 465 604 654 657; x_wconf 76' lang='grc' dir='ltr'><strong><em>γαμικῶν</em></strong></span> <span class='ocrx_word' id='word_1_52' title='bbox 686 599 833 658; x_wconf 82' lang='grc' dir='ltr'><strong><em>δώρων</em></strong></span> <span class='ocrx_word' id='word_1_53' title='bbox 861 603 1062 656; x_wconf 82' lang='grc' dir='ltr'><strong><em>δωρεῖται</em></strong></span> <span class='ocrx_word' id='word_1_54' title='bbox 1088 598 1368 657; x_wconf 81' lang='grc' dir='ltr'><strong><em>Ἀδάουλφος</em></strong></span> <span class='ocrx_word' id='word_1_55' title='bbox 1397 601 1469 642; x_wconf 84' lang='grc' dir='ltr'>καί</span> <span class='ocrx_word' id='word_1_56' title='bbox 1495 599 1742 655; x_wconf 78' lang='grc' dir='ltr'><strong><em>πεντήκοντα</em></strong></span> 
     </span>
     <span class='ocr_line' id='line_1_8' title="bbox 225 661 1745 724; baseline -0.003 -13"><span class='ocrx_word' id='word_1_57' title='bbox 225 677 296 722; x_wconf 83' lang='lat' dir='ltr'><strong>P.9</strong></span> <span class='ocrx_word' id='word_1_58' title='bbox 311 668 487 719; x_wconf 66' lang='grc' dir='ltr'><strong><em>εὕειῖἲεις</em></strong></span> <span class='ocrx_word' id='word_1_59' title='bbox 511 669 678 718; x_wconf 82' lang='grc' dir='ltr'><strong><em>νεανίας</em></strong></span> <span class='ocrx_word' id='word_1_60' title='bbox 695 665 869 724; x_wconf 80' lang='grc' dir='ltr'><strong><em>σηρικὴν</em></strong></span> <span class='ocrx_word' id='word_1_61' title='bbox 888 669 1187 721; x_wconf 79' lang='grc' dir='ltr'><strong><em>ἑνδεδυμένους</em></strong></span> <span class='ocrx_word' id='word_1_62' title='bbox 1207 668 1388 722; x_wconf 77' lang='grc' dir='ltr'><strong><em>ἐσθῆτα,</em></strong></span> <span class='ocrx_word' id='word_1_63' title='bbox 1420 666 1620 722; x_wconf 86' lang='grc' dir='ltr'><strong><em>φέροντος</em></strong></span> <span class='ocrx_word' id='word_1_64' title='bbox 1646 661 1745 707; x_wconf 75' lang='grc' dir='ltr'><strong><em>ἑκά-ι</em></strong></span> 
     </span>
     <span class='ocr_line' id='line_1_9' title="bbox 179 725 1740 790; baseline -0.003 -14"><span class='ocrx_word' id='word_1_65' title='bbox 179 741 408 786; x_wconf 62' lang='grc' dir='ltr'><strong><em>Ὑ.ι49στου</em></strong></span> <span class='ocrx_word' id='word_1_66' title='bbox 437 738 529 783; x_wconf 87' lang='grc' dir='ltr'><strong><em>ταῖς</em></strong></span> <span class='ocrx_word' id='word_1_67' title='bbox 552 735 700 790; x_wconf 76' lang='grc' dir='ltr'><strong><em>χερσίν</em></strong></span> <span class='ocrx_word' id='word_1_68' title='bbox 729 732 808 776; x_wconf 78' lang='grc' dir='ltr'><strong>ἀνα</strong></span> <span class='ocrx_word' id='word_1_69' title='bbox 838 731 915 776; x_wconf 76' lang='grc' dir='ltr'><strong>δύο</strong></span> <span class='ocrx_word' id='word_1_70' title='bbox 940 734 1144 789; x_wconf 78' lang='grc' dir='ltr'><strong><em>μεγίστων</em></strong></span> <span class='ocrx_word' id='word_1_71' title='bbox 1171 734 1338 786; x_wconf 85' lang='grc' dir='ltr'><strong><em>δίσκων,</em></strong></span> <span class='ocrx_word' id='word_1_72' title='bbox 1393 725 1453 774; x_wconf 72' lang='grc' dir='ltr'><strong><em>ὧν</em></strong></span> <span class='ocrx_word' id='word_1_73' title='bbox 1481 729 1504 773; x_wconf 83' lang='grc' dir='ltr'>ὅ</span> <span class='ocrx_word' id='word_1_74' title='bbox 1535 732 1614 784; x_wconf 79' lang='grc' dir='ltr'><strong><em>μὲν</em></strong></span> <span class='ocrx_word' id='word_1_75' title='bbox 1637 746 1740 786; x_wconf 86' lang='grc' dir='ltr'><strong><em>χρυ-</em></strong></span> 
     </span>
     <span class='ocr_line' id='line_1_10' title="bbox 303 793 1743 856; baseline -0.003 -13"><span class='ocrx_word' id='word_1_76' title='bbox 303 801 399 843; x_wconf 89' lang='grc' dir='ltr'><strong><em>σίου</em></strong></span> <span class='ocrx_word' id='word_1_77' title='bbox 423 797 605 856; x_wconf 82' lang='grc' dir='ltr'><em>πλήρης,</em></span> <span class='ocrx_word' id='word_1_78' title='bbox 624 798 663 841; x_wconf 58' lang='lat' dir='ltr'><strong>*zi</strong></span> <span class='ocrx_word' id='word_1_79' title='bbox 692 801 739 842; x_wconf 81' lang='grc' dir='ltr'><strong>δὲ</strong></span> <span class='ocrx_word' id='word_1_80' title='bbox 765 798 915 853; x_wconf 87' lang='grc' dir='ltr'><strong><em>τιμίων</em></strong></span> <span class='ocrx_word' id='word_1_81' title='bbox 945 801 1103 854; x_wconf 88' lang='grc' dir='ltr'><strong><em>λίθων,</em></strong></span> <span class='ocrx_word' id='word_1_82' title='bbox 1130 800 1289 854; x_wconf 83' lang='grc' dir='ltr'><strong><em>μᾶλλον</em></strong></span> <span class='ocrx_word' id='word_1_83' title='bbox 1316 800 1363 849; x_wconf 77' lang='grc' dir='ltr'><strong>δὲ</strong></span> <span class='ocrx_word' id='word_1_84' title='bbox 1387 796 1597 852; x_wconf 76' lang='grc' dir='ltr'><strong><em>α’τιμήτων</em></strong></span> <span class='ocrx_word' id='word_1_85' title='bbox 1623 793 1743 851; x_wconf 78' lang='grc' dir='ltr'><strong><em>ἐτύγ-</em></strong></span> 
     </span>
     <span class='ocr_line' id='line_1_11' title="bbox 299 859 1797 922; baseline -0.002 -15"><span class='ocrx_word' id='word_1_86' title='bbox 299 881 441 919; x_wconf 89' lang='grc' dir='ltr'><strong><em>χανεν,</em></strong></span> <span class='ocrx_word' id='word_1_87' title='bbox 498 862 528 908; x_wconf 73' lang='grc' dir='ltr'><strong><em>ἅ</em></strong></span> <span class='ocrx_word' id='word_1_88' title='bbox 555 867 626 921; x_wconf 81' lang='grc' dir='ltr'><strong>τῆς</strong></span> <span class='ocrx_word' id='word_1_89' title='bbox 648 865 819 922; x_wconf 68' lang='grc' dir='ltr'><strong><em>“Ριόμης</em></strong></span> <span class='ocrx_word' id='word_1_90' title='bbox 842 863 1007 922; x_wconf 75' lang='grc' dir='ltr'><strong><em>ὑπῆρχε</em></strong></span> <span class='ocrx_word' id='word_1_91' title='bbox 1035 864 1141 908; x_wconf 81' lang='grc' dir='ltr'><strong><em>κατοὶ</em></strong></span> <span class='ocrx_word' id='word_1_92' title='bbox 1168 863 1242 921; x_wconf 79' lang='grc' dir='ltr'><strong>τὴν</strong></span> <span class='ocrx_word' id='word_1_93' title='bbox 1270 859 1428 907; x_wconf 75' lang='grc' dir='ltr'><strong><em>ἅλωσιν</em></strong></span> <span class='ocrx_word' id='word_1_94' title='bbox 1454 869 1540 912; x_wconf 85' lang='grc' dir='ltr'><strong><em>τοῖς</em></strong></span> <span class='ocrx_word' id='word_1_95' title='bbox 1565 865 1607 905; x_wconf 94' lang='grc' dir='ltr'><strong>Γ</strong></span> <span class='ocrx_word' id='word_1_96' title='bbox 1604 860 1797 914; x_wconf 72' lang='grc' dir='ltr'><strong><em>ότθοιςω</em></strong></span> 
     </span>
     <span class='ocr_line' id='line_1_12' title="bbox 303 927 1740 986; baseline -0.002 -14"><span class='ocrx_word' id='word_1_97' title='bbox 303 930 632 986; x_wconf 73' lang='grc' dir='ltr'><strong><em>ἀποσυληθέντα.</em></strong></span> <span class='ocrx_word' id='word_1_98' title='bbox 707 927 800 973; x_wconf 86' lang='grc' dir='ltr'><strong><em>εἶτα</em></strong></span> <span class='ocrx_word' id='word_1_99' title='bbox 842 933 1032 986; x_wconf 84' lang='grc' dir='ltr'><strong><em>λέγονται</em></strong></span> <span class='ocrx_word' id='word_1_100' title='bbox 1067 932 1142 974; x_wconf 80' lang='grc' dir='ltr'><em>καί</em></span> <span class='ocrx_word' id='word_1_101' title='bbox 1182 929 1458 983; x_wconf 79' lang='grc' dir='ltr'><strong><em>ἑπιθαλάμιοι</em></strong></span> <span class='ocrx_word' id='word_1_102' title='bbox 1478 961 1490 983; x_wconf 85' lang='grc'><strong><em>,</em></strong></span> <span class='ocrx_word' id='word_1_103' title='bbox 1526 928 1740 971; x_wconf 86' lang='grc' dir='ltr'><strong><em>Ἀττάλου</em></strong></span> 
     </span>
     <span class='ocr_line' id='line_1_13' title="bbox 302 992 1744 1053; baseline -0.002 -15"><span class='ocrx_word' id='word_1_104' title='bbox 302 997 469 1053; x_wconf 74' lang='grc' dir='ltr'><strong><em>πρῶτον</em></strong></span> <span class='ocrx_word' id='word_1_105' title='bbox 495 995 706 1051; x_wconf 75' lang='grc' dir='ltr'><strong><em>εἰπόντος,</em></strong></span> <span class='ocrx_word' id='word_1_106' title='bbox 731 994 822 1041; x_wconf 88' lang='grc' dir='ltr'><strong><em>εἶτα</em></strong></span> <span class='ocrx_word' id='word_1_107' title='bbox 844 995 1110 1040; x_wconf 70' lang='grc' dir='ltr'><strong>ςΡουστικίου</strong></span> <span class='ocrx_word' id='word_1_108' title='bbox 1147 999 1220 1040; x_wconf 73' lang='grc' dir='ltr'><strong>καὶ</strong></span> <span class='ocrx_word' id='word_1_109' title='bbox 1258 996 1507 1050; x_wconf 67' lang='grc' dir='ltr'><strong><em>Φοιβαδίοψ</em></strong></span> <span class='ocrx_word' id='word_1_110' title='bbox 1545 992 1619 1036; x_wconf 85' lang='grc' dir='ltr'><em>καί</em></span> <span class='ocrx_word' id='word_1_111' title='bbox 1642 1008 1744 1036; x_wconf 71' lang='lat' dir='ltr'><strong><em>‹tvv-</em></strong></span> 
     </span>
     <span class='ocr_line' id='line_1_14' title="bbox 300 1060 1742 1120; baseline -0.002 -15"><span class='ocrx_word' id='word_1_112' title='bbox 300 1067 481 1106; x_wconf 82' lang='grc' dir='ltr'><strong><em>τελεῖται</em></strong></span> <span class='ocrx_word' id='word_1_113' title='bbox 509 1062 532 1104; x_wconf 84' lang='grc' dir='ltr'><em>ὅ</em></span> <span class='ocrx_word' id='word_1_114' title='bbox 570 1060 728 1118; x_wconf 87' lang='grc' dir='ltr'><strong><em>γάμος,</em></strong></span> <span class='ocrx_word' id='word_1_115' title='bbox 766 1062 1002 1117; x_wconf 83' lang='grc' dir='ltr'><strong><em>παιζόντων</em></strong></span> <span class='ocrx_word' id='word_1_116' title='bbox 1045 1065 1117 1107; x_wconf 77' lang='grc' dir='ltr'><strong>καὶ</strong></span> <span class='ocrx_word' id='word_1_117' title='bbox 1150 1062 1389 1120; x_wconf 79' lang='grc' dir='ltr'><strong><em>χαιρόντων</em></strong></span> <span class='ocrx_word' id='word_1_118' title='bbox 1428 1061 1537 1117; x_wconf 82' lang='grc' dir='ltr'><strong>ὅμοῦ</strong></span> <span class='ocrx_word' id='word_1_119' title='bbox 1573 1062 1658 1104; x_wconf 76' lang='grc' dir='ltr'><strong>τῶν</strong></span> <span class='ocrx_word' id='word_1_120' title='bbox 1694 1075 1742 1103; x_wconf 85' lang='grc' dir='ltr'><strong>τε</strong></span> 
     </span>
     <span class='ocr_line' id='line_1_15' title="bbox 301 1126 1668 1186; baseline 0.002 -16"><span class='ocrx_word' id='word_1_121' title='bbox 301 1126 530 1186; x_wconf 83' lang='grc' dir='ltr'><strong><em>βαρβάρων</em></strong></span> <span class='ocrx_word' id='word_1_122' title='bbox 558 1128 630 1172; x_wconf 87' lang='grc' dir='ltr'>καί</span> <span class='ocrx_word' id='word_1_123' title='bbox 652 1132 735 1173; x_wconf 74' lang='grc' dir='ltr'><strong>τῶν</strong></span> <span class='ocrx_word' id='word_1_124' title='bbox 762 1131 808 1173; x_wconf 79' lang='grc' dir='ltr'><strong><em>ἐν</em></strong></span> <span class='ocrx_word' id='word_1_125' title='bbox 838 1126 979 1179; x_wconf 71' lang='grc' dir='ltr'><strong><em>αὐτοῖς</em></strong></span> <span class='ocrx_word' id='word_1_126' title='bbox 1001 1129 1246 1184; x_wconf 66' lang='grc' dir='ltr'><strong>εΡωμαίων.</strong></span> <span class='ocrx_word' id='word_1_127' title='bbox 1666 1161 1668 1163; x_wconf 96' lang='grc'>-</span> 
     </span>
    </p>

    <p class='ocr_par' dir='ltr' id='par_1_3' title="bbox 402 1192 1796 1251">
     <span class='ocr_line' id='line_1_16' title="bbox 402 1192 1796 1251; baseline 0.001 -14"><span class='ocrx_word' id='word_1_128' title='bbox 402 1192 495 1238; x_wconf 83' lang='grc' dir='ltr'><strong>Ὅτι</strong></span> <span class='ocrx_word' id='word_1_129' title='bbox 520 1194 627 1249; x_wconf 75' lang='grc' dir='ltr'><strong><em>μετὰ</em></strong></span> <span class='ocrx_word' id='word_1_130' title='bbox 652 1194 728 1251; x_wconf 82' lang='grc' dir='ltr'><strong>τὴν</strong></span> <span class='ocrx_word' id='word_1_131' title='bbox 754 1193 836 1239; x_wconf 72' lang='grc' dir='ltr'><strong><em>ὑπὸ</em></strong></span> <span class='ocrx_word' id='word_1_132' title='bbox 865 1198 905 1239; x_wconf 95' lang='grc' dir='ltr'><strong>Γ</strong></span> <span class='ocrx_word' id='word_1_133' title='bbox 903 1193 1038 1239; x_wconf 83' lang='grc' dir='ltr'><strong><em>ότθων</em></strong></span> <span class='ocrx_word' id='word_1_134' title='bbox 1065 1192 1224 1239; x_wconf 77' lang='grc' dir='ltr'><strong><em>ἅλωσιν</em></strong></span> <span class='ocrx_word' id='word_1_135' title='bbox 1250 1197 1327 1251; x_wconf 82' lang='grc' dir='ltr'><strong>τῆς</strong></span> <span class='ocrx_word' id='word_1_136' title='bbox 1348 1192 1520 1251; x_wconf 63' lang='grc' dir='ltr'><strong>ςΡιόμης</strong></span> <span class='ocrx_word' id='word_1_137' title='bbox 1542 1193 1796 1248; x_wconf 73' lang='grc' dir='ltr'><strong><em>Ἀλβΐνοςιό</em></strong></span> 
     </span>
    </p>

    <p class='ocr_par' dir='ltr' id='par_1_4' title="bbox 261 1256 1742 1517">
     <span class='ocr_line' id='line_1_17' title="bbox 302 1256 1742 1318; baseline -0.001 -15"><span class='ocrx_word' id='word_1_138' title='bbox 302 1259 325 1303; x_wconf 81' lang='grc' dir='ltr'>ὅ</span> <span class='ocrx_word' id='word_1_139' title='bbox 354 1263 428 1317; x_wconf 84' lang='grc' dir='ltr'><strong>τῆς</strong></span> <span class='ocrx_word' id='word_1_140' title='bbox 450 1261 621 1317; x_wconf 82' lang='grc' dir='ltr'><strong><em>Ῥώμης</em></strong></span> <span class='ocrx_word' id='word_1_141' title='bbox 644 1259 850 1318; x_wconf 79' lang='grc' dir='ltr'><strong><em>ἔπαρχος,</em></strong></span> <span class='ocrx_word' id='word_1_142' title='bbox 881 1256 961 1318; x_wconf 75' lang='grc' dir='ltr'><strong>ἤδη</strong></span> <span class='ocrx_word' id='word_1_143' title='bbox 998 1259 1148 1318; x_wconf 76' lang='grc' dir='ltr'><strong><em>ταύτης</em></strong></span> <span class='ocrx_word' id='word_1_144' title='bbox 1175 1260 1300 1304; x_wconf 88' lang='grc' dir='ltr'><strong><em>πάλιν</em></strong></span> <span class='ocrx_word' id='word_1_145' title='bbox 1329 1261 1742 1315; x_wconf 75' lang='grc' dir='ltr'><strong><em>ἀποκαθισταμένης,</em></strong></span> 
     </span>
     <span class='ocr_line' id='line_1_18' title="bbox 261 1323 1742 1385; baseline -0.004 -13"><span class='ocrx_word' id='word_1_146' title='bbox 261 1325 485 1383; x_wconf 78' lang='grc' dir='ltr'><strong><em>Βὲγραψε,</em></strong></span> <span class='ocrx_word' id='word_1_147' title='bbox 513 1326 572 1383; x_wconf 76' lang='grc' dir='ltr'><strong>μή</strong></span> <span class='ocrx_word' id='word_1_148' title='bbox 620 1329 810 1385; x_wconf 80' lang='grc' dir='ltr'><strong><em>ἐξαρκεῖν</em></strong></span> <span class='ocrx_word' id='word_1_149' title='bbox 845 1327 893 1370; x_wconf 83' lang='grc' dir='ltr'><strong>τὸ</strong></span> <span class='ocrx_word' id='word_1_150' title='bbox 920 1327 1231 1384; x_wconf 77' lang='grc' dir='ltr'><strong><em>χορηγούμενον</em></strong></span> <span class='ocrx_word' id='word_1_151' title='bbox 1266 1329 1396 1384; x_wconf 80' lang='grc' dir='ltr'><strong><em>μέρος</em></strong></span> <span class='ocrx_word' id='word_1_152' title='bbox 1421 1328 1480 1385; x_wconf 78' lang='grc' dir='ltr'><strong>τῷ</strong></span> <span class='ocrx_word' id='word_1_153' title='bbox 1508 1323 1649 1382; x_wconf 75' lang='grc' dir='ltr'><strong><em>δήμῳ,</em></strong></span> <span class='ocrx_word' id='word_1_154' title='bbox 1681 1326 1742 1374; x_wconf 81' lang='grc' dir='ltr'><strong>εἷς</strong></span> 
     </span>
     <span class='ocr_line' id='line_1_19' title="bbox 301 1388 1741 1450; baseline -0.001 -16"><span class='ocrx_word' id='word_1_155' title='bbox 301 1395 462 1448; x_wconf 80' lang='grc' dir='ltr'><strong><em>πλῆθος</em></strong></span> <span class='ocrx_word' id='word_1_156' title='bbox 503 1388 585 1448; x_wconf 74' lang='grc' dir='ltr'><strong>ἤδη</strong></span> <span class='ocrx_word' id='word_1_157' title='bbox 621 1397 696 1449; x_wconf 83' lang='grc' dir='ltr'><strong>τῆς</strong></span> <span class='ocrx_word' id='word_1_158' title='bbox 735 1392 896 1443; x_wconf 90' lang='grc' dir='ltr'><strong><em>πόλεως</em></strong></span> <span class='ocrx_word' id='word_1_159' title='bbox 937 1391 1222 1449; x_wconf 81' lang='grc' dir='ltr'><strong><em>ἐπιδιδούσης.</em></strong></span> <span class='ocrx_word' id='word_1_160' title='bbox 1288 1391 1448 1450; x_wconf 76' lang='grc' dir='ltr'><strong><em>ἔγραψε</em></strong></span> <span class='ocrx_word' id='word_1_161' title='bbox 1485 1390 1565 1449; x_wconf 74' lang='grc' dir='ltr'><strong>γάρ</strong></span> <span class='ocrx_word' id='word_1_162' title='bbox 1597 1392 1672 1434; x_wconf 82' lang='grc' dir='ltr'><em>καί</em></span> <span class='ocrx_word' id='word_1_163' title='bbox 1695 1392 1741 1433; x_wconf 79' lang='grc' dir='ltr'><strong><em>ἐν</em></strong></span> 
     </span>
     <span class='ocr_line' id='line_1_20' title="bbox 300 1457 1559 1517; baseline 0 -17"><span class='ocrx_word' id='word_1_164' title='bbox 300 1459 382 1516; x_wconf 73' lang='grc' dir='ltr'><strong><em>μιᾷ</em></strong></span> <span class='ocrx_word' id='word_1_165' title='bbox 404 1458 538 1517; x_wconf 75' lang='grc' dir='ltr'><strong><em>ἡμέρᾳ</em></strong></span> <span class='ocrx_word' id='word_1_166' title='bbox 567 1461 760 1513; x_wconf 74' lang='grc' dir='ltr'><strong><em>τετέχθαι</em></strong></span> <span class='ocrx_word' id='word_1_167' title='bbox 789 1457 976 1517; x_wconf 71' lang='grc' dir='ltr'><strong><em>ἀριθμὸν</em></strong></span> <span class='ocrx_word' id='word_1_168' title='bbox 1000 1459 1206 1514; x_wconf 81' lang='grc' dir='ltr'><strong><em>χιλιάδων</em></strong></span> <span class='ocrx_word' id='word_1_169' title='bbox 1234 1458 1559 1515; x_wconf 82' lang='grc' dir='ltr'><strong><em>δεκατεσσάρων.</em></strong></span> 
     </span>
    </p>

    <p class='ocr_par' dir='ltr' id='par_1_5' title="bbox 292 1520 1794 1779">
     <span class='ocr_line' id='line_1_21' title="bbox 401 1520 1794 1583; baseline 0 -16"><span class='ocrx_word' id='word_1_170' title='bbox 401 1520 495 1567; x_wconf 65' lang='grc' dir='ltr'><strong><em>’Ότι</em></strong></span> <span class='ocrx_word' id='word_1_171' title='bbox 521 1523 802 1582; x_wconf 83' lang='grc' dir='ltr'><strong><em>Ἀδάουλφος,</em></strong></span> <span class='ocrx_word' id='word_1_172' title='bbox 827 1527 1044 1580; x_wconf 78' lang='grc' dir='ltr'><strong><em>τεχθέντος</em></strong></span> <span class='ocrx_word' id='word_1_173' title='bbox 1064 1520 1178 1583; x_wconf 74' lang='grc' dir='ltr'><strong><em>αὐτῷ</em></strong></span> <span class='ocrx_word' id='word_1_174' title='bbox 1205 1526 1250 1567; x_wconf 80' lang='grc' dir='ltr'><strong><em>ἐκ</em></strong></span> <span class='ocrx_word' id='word_1_175' title='bbox 1277 1526 1349 1580; x_wconf 84' lang='grc' dir='ltr'><strong>τῆς</strong></span> <span class='ocrx_word' id='word_1_176' title='bbox 1375 1526 1615 1574; x_wconf 86' lang='grc' dir='ltr'><strong><em>Πλακιδίας</em></strong></span> <span class='ocrx_word' id='word_1_177' title='bbox 1638 1538 1794 1567; x_wconf 70' lang='grc' dir='ltr'><strong><em>παι-20</em></strong></span> 
     </span>
     <span class='ocr_line' id='line_1_22' title="bbox 301 1584 1740 1649; baseline -0.001 -17"><span class='ocrx_word' id='word_1_178' title='bbox 301 1588 399 1644; x_wconf 82' lang='grc' dir='ltr'><strong><em>δὸς,</em></strong></span> <span class='ocrx_word' id='word_1_179' title='bbox 427 1584 463 1649; x_wconf 73' lang='grc' dir='ltr'><em>ᾧ</em></span> <span class='ocrx_word' id='word_1_180' title='bbox 487 1592 660 1634; x_wconf 80' lang='grc' dir='ltr'><strong><em>ἐπέθετο</em></strong></span> <span class='ocrx_word' id='word_1_181' title='bbox 687 1593 833 1646; x_wconf 83' lang='grc' dir='ltr'><strong><em>κλῆσιν</em></strong></span> <span class='ocrx_word' id='word_1_182' title='bbox 862 1591 1109 1644; x_wconf 87' lang='grc' dir='ltr'><strong><em>Θεοδόσιον,</em></strong></span> <span class='ocrx_word' id='word_1_183' title='bbox 1147 1593 1271 1633; x_wconf 82' lang='grc' dir='ltr'><strong><em>πλέον</em></strong></span> <span class='ocrx_word' id='word_1_184' title='bbox 1298 1587 1504 1646; x_wconf 83' lang='grc' dir='ltr'><strong><em>ἠσπάζετο</em></strong></span> <span class='ocrx_word' id='word_1_185' title='bbox 1530 1588 1606 1645; x_wconf 77' lang='grc' dir='ltr'><strong>τήν</strong></span> <span class='ocrx_word' id='word_1_186' title='bbox 1635 1588 1740 1645; x_wconf 81' lang='grc' dir='ltr'><strong><em>πρὸς</em></strong></span> 
     </span>
     <span class='ocr_line' id='line_1_23' title="bbox 292 1653 1789 1713; baseline -0.001 -15"><span class='ocrx_word' id='word_1_187' title='bbox 292 1654 541 1710; x_wconf 68' lang='grc' dir='ltr'><strong>ς,Ρωμαίους</strong></span> <span class='ocrx_word' id='word_1_188' title='bbox 568 1659 727 1713; x_wconf 73' lang='grc' dir='ltr'><strong><em>φιλίαν·</em></strong></span> <span class='ocrx_word' id='word_1_189' title='bbox 780 1660 1079 1700; x_wconf 85' lang='grc' dir='ltr'><strong><em>Κωνσταντίου</em></strong></span> <span class='ocrx_word' id='word_1_190' title='bbox 1109 1657 1156 1698; x_wconf 83' lang='grc' dir='ltr'><strong>δὲ</strong></span> <span class='ocrx_word' id='word_1_191' title='bbox 1183 1655 1257 1698; x_wconf 78' lang='grc' dir='ltr'><em>καί</em></span> <span class='ocrx_word' id='word_1_192' title='bbox 1278 1658 1361 1699; x_wconf 79' lang='grc' dir='ltr'><strong>τῶν</strong></span> <span class='ocrx_word' id='word_1_193' title='bbox 1389 1658 1487 1712; x_wconf 76' lang='grc' dir='ltr'><strong><em>περί</em></strong></span> <span class='ocrx_word' id='word_1_194' title='bbox 1508 1653 1738 1698; x_wconf 85' lang='grc' dir='ltr'><strong><em>Κωνστάν-</em></strong></span> <span class='ocrx_word' id='word_1_195' title='bbox 1780 1683 1789 1692; x_wconf 81' lang='lat'><em>-</em></span> 
     </span>
     <span class='ocr_line' id='line_1_24' title="bbox 301 1717 1746 1779; baseline 0.001 -16"><span class='ocrx_word' id='word_1_196' title='bbox 301 1733 390 1764; x_wconf 82' lang='grc' dir='ltr'><strong><em>τιον</em></strong></span> <span class='ocrx_word' id='word_1_197' title='bbox 427 1719 805 1779; x_wconf 70' lang='grc' dir='ltr'><strong><em>ἀντιπραττόντων,</em></strong></span> <span class='ocrx_word' id='word_1_198' title='bbox 846 1720 988 1776; x_wconf 72' lang='grc' dir='ltr'><strong><em>ἔμενεν</em></strong></span> <span class='ocrx_word' id='word_1_199' title='bbox 1022 1717 1229 1779; x_wconf 73' lang='grc' dir='ltr'><strong><em>ἄπρακτος</em></strong></span> <span class='ocrx_word' id='word_1_200' title='bbox 1256 1721 1283 1779; x_wconf 82' lang='grc' dir='ltr'><em>ἦ</em></span> <span class='ocrx_word' id='word_1_201' title='bbox 1311 1720 1459 1766; x_wconf 78' lang='grc' dir='ltr'><strong><em>τούτου</em></strong></span> <span class='ocrx_word' id='word_1_202' title='bbox 1493 1723 1567 1765; x_wconf 82' lang='grc' dir='ltr'><strong><em>καί</em></strong></span> <span class='ocrx_word' id='word_1_203' title='bbox 1618 1724 1746 1766; x_wconf 79' lang='grc' dir='ltr'><strong><em>Πλα-</em></strong></span> 
     </span>
    </p>
   </div>
   <div class='ocr_carea' id='block_1_3' title="bbox 303 1906 1737 2799">
    <p class='ocr_par' dir='ltr' id='par_1_6' title="bbox 303 1906 1737 2425">
     <span class='ocr_line' id='line_1_25' title="bbox 305 1906 1736 1957; baseline -0.001 -14"><span class='ocrx_word' id='word_1_204' title='bbox 305 1909 421 1951; x_wconf 89' lang='lat' dir='ltr'><strong>urbe,</strong></span> <span class='ocrx_word' id='word_1_205' title='bbox 456 1909 496 1944; x_wconf 87' lang='lat' dir='ltr'><strong>in</strong></span> <span class='ocrx_word' id='word_1_206' title='bbox 530 1910 637 1945; x_wconf 89' lang='lat' dir='ltr'><strong>domo</strong></span> <span class='ocrx_word' id='word_1_207' title='bbox 672 1911 814 1956; x_wconf 82' lang='lat' dir='ltr'><strong>Ingenii</strong></span> <span class='ocrx_word' id='word_1_208' title='bbox 837 1910 1054 1957; x_wconf 60' lang='lat' dir='ltr'><strong>cuiusdam,</strong></span> <span class='ocrx_word' id='word_1_209' title='bbox 1090 1911 1252 1957; x_wconf 86' lang='lat' dir='ltr'><strong>primarii</strong></span> <span class='ocrx_word' id='word_1_210' title='bbox 1287 1911 1365 1945; x_wconf 84' lang='lat' dir='ltr'><strong>eius</strong></span> <span class='ocrx_word' id='word_1_211' title='bbox 1397 1909 1497 1944; x_wconf 89' lang='lat' dir='ltr'><strong>urbis</strong></span> <span class='ocrx_word' id='word_1_212' title='bbox 1531 1907 1610 1943; x_wconf 84' lang='lat' dir='ltr'><strong>viri.</strong></span> <span class='ocrx_word' id='word_1_213' title='bbox 1666 1906 1736 1941; x_wconf 79' lang='lat' dir='ltr'><strong>Hic</strong></span> 
     </span>
     <span class='ocr_line' id='line_1_26' title="bbox 306 1954 1737 2000; baseline -0.001 -11"><span class='ocrx_word' id='word_1_214' title='bbox 306 1955 472 2000; x_wconf 86' lang='lat' dir='ltr'><strong>digniore</strong></span> <span class='ocrx_word' id='word_1_215' title='bbox 505 1956 585 1991; x_wconf 90' lang='lat' dir='ltr'><strong>loco</strong></span> <span class='ocrx_word' id='word_1_216' title='bbox 619 1957 805 1991; x_wconf 86' lang='lat' dir='ltr'><strong>residente·</strong></span> <span class='ocrx_word' id='word_1_217' title='bbox 835 1957 992 1992; x_wconf 86' lang='lat' dir='ltr'><strong>Placidia</strong></span> <span class='ocrx_word' id='word_1_218' title='bbox 1016 1958 1055 1991; x_wconf 90' lang='lat' dir='ltr'><strong>in</strong></span> <span class='ocrx_word' id='word_1_219' title='bbox 1079 1959 1196 2000; x_wconf 89' lang='lat' dir='ltr'><strong>atrio,</strong></span> <span class='ocrx_word' id='word_1_220' title='bbox 1231 1959 1390 1992; x_wconf 87' lang='lat' dir='ltr'><strong>Romano</strong></span> <span class='ocrx_word' id='word_1_221' title='bbox 1419 1966 1517 1990; x_wconf 88' lang='lat' dir='ltr'><strong>more</strong></span> <span class='ocrx_word' id='word_1_222' title='bbox 1541 1954 1737 1996; x_wconf 82' lang='lat' dir='ltr'><strong>adornato,</strong></span> 
     </span>
     <span class='ocr_line' id='line_1_27' title="bbox 308 2001 1735 2050; baseline -0.001 -15"><span class='ocrx_word' id='word_1_223' title='bbox 308 2001 514 2049; x_wconf 88' lang='lat' dir='ltr'><strong>habituque</strong></span> <span class='ocrx_word' id='word_1_224' title='bbox 539 2005 658 2049; x_wconf 87' lang='lat' dir='ltr'><strong>regio,</strong></span> <span class='ocrx_word' id='word_1_225' title='bbox 684 2005 820 2039; x_wconf 77' lang='lat' dir='ltr'><strong>assedit</strong></span> <span class='ocrx_word' id='word_1_226' title='bbox 845 2005 916 2050; x_wconf 86' lang='lat' dir='ltr'><strong>ipsi</strong></span> <span class='ocrx_word' id='word_1_227' title='bbox 943 2010 980 2039; x_wconf 85' lang='lat' dir='ltr'><strong>ct</strong></span> <span class='ocrx_word' id='word_1_228' title='bbox 1002 2004 1214 2050; x_wconf 80' lang='lat' dir='ltr'><strong>Adaulphus</strong></span> <span class='ocrx_word' id='word_1_229' title='bbox 1239 2006 1344 2039; x_wconf 84' lang='lat' dir='ltr'><strong>laena</strong></span> <span class='ocrx_word' id='word_1_230' title='bbox 1375 2004 1524 2038; x_wconf 83' lang='lat' dir='ltr'><strong>indutus</strong></span> <span class='ocrx_word' id='word_1_231' title='bbox 1562 2001 1735 2046; x_wconf 85' lang='lat' dir='ltr'><strong>omnique</strong></span> 
     </span>
     <span class='ocr_line' id='line_1_28' title="bbox 307 2047 1735 2097; baseline -0.002 -14"><span class='ocrx_word' id='word_1_232' title='bbox 307 2049 381 2083; x_wconf 86' lang='lat' dir='ltr'><strong>alio</strong></span> <span class='ocrx_word' id='word_1_233' title='bbox 406 2050 539 2084; x_wconf 88' lang='lat' dir='ltr'><strong>amictu</strong></span> <span class='ocrx_word' id='word_1_234' title='bbox 564 2050 735 2085; x_wconf 87' lang='lat' dir='ltr'><strong>Romano.</strong></span> <span class='ocrx_word' id='word_1_235' title='bbox 781 2052 880 2086; x_wconf 85' lang='lat' dir='ltr'><strong>Inter</strong></span> <span class='ocrx_word' id='word_1_236' title='bbox 903 2052 976 2086; x_wconf 89' lang='lat' dir='ltr'><strong>alia</strong></span> <span class='ocrx_word' id='word_1_237' title='bbox 1001 2052 1213 2097; x_wconf 73' lang='lat' dir='ltr'><strong>nuptiarum</strong></span> <span class='ocrx_word' id='word_1_238' title='bbox 1240 2052 1335 2085; x_wconf 89' lang='lat' dir='ltr'><strong>dona</strong></span> <span class='ocrx_word' id='word_1_239' title='bbox 1359 2050 1511 2084; x_wconf 68' lang='lat' dir='ltr'><strong>donatur</strong></span> <span class='ocrx_word' id='word_1_240' title='bbox 1523 2047 1735 2092; x_wconf 81' lang='lat' dir='ltr'><strong>Adaulphus</strong></span> 
     </span>
     <span class='ocr_line' id='line_1_29' title="bbox 309 2093 1734 2144; baseline 0 -15"><span class='ocrx_word' id='word_1_241' title='bbox 309 2097 418 2129; x_wconf 84' lang='lat' dir='ltr'><strong>etiam</strong></span> <span class='ocrx_word' id='word_1_242' title='bbox 443 2097 706 2142; x_wconf 84' lang='lat' dir='ltr'><strong>quinquaginta</strong></span> <span class='ocrx_word' id='word_1_243' title='bbox 728 2099 893 2132; x_wconf 83' lang='lat' dir='ltr'><strong>formosis</strong></span> <span class='ocrx_word' id='word_1_244' title='bbox 915 2099 1037 2144; x_wconf 85' lang='lat' dir='ltr'><strong>pueris</strong></span> <span class='ocrx_word' id='word_1_245' title='bbox 1051 2123 1061 2139; x_wconf 92' lang='lat'>‚</span> <span class='ocrx_word' id='word_1_246' title='bbox 1085 2099 1198 2132; x_wconf 82' lang='lat' dir='ltr'><strong>serica</strong></span> <span class='ocrx_word' id='word_1_247' title='bbox 1220 2104 1319 2133; x_wconf 89' lang='lat' dir='ltr'><strong>veste</strong></span> <span class='ocrx_word' id='word_1_248' title='bbox 1340 2097 1501 2137; x_wconf 88' lang='lat' dir='ltr'><strong>indutis,</strong></span> <span class='ocrx_word' id='word_1_249' title='bbox 1531 2093 1734 2128; x_wconf 78' lang='lat' dir='ltr'><strong>serentibus</strong></span> 
     </span>
     <span class='ocr_line' id='line_1_30' title="bbox 307 2140 1736 2190; baseline 0.001 -15"><span class='ocrx_word' id='word_1_250' title='bbox 307 2143 460 2187; x_wconf 84' lang='lat' dir='ltr'><strong>singulis</strong></span> <span class='ocrx_word' id='word_1_251' title='bbox 496 2148 651 2190; x_wconf 85' lang='lat' dir='ltr'><strong>utraque</strong></span> <span class='ocrx_word' id='word_1_252' title='bbox 685 2156 793 2179; x_wconf 91' lang='lat' dir='ltr'><strong>manu</strong></span> <span class='ocrx_word' id='word_1_253' title='bbox 832 2146 995 2190; x_wconf 82' lang='lat' dir='ltr'><strong>ingentes</strong></span> <span class='ocrx_word' id='word_1_254' title='bbox 1028 2144 1144 2179; x_wconf 86' lang='lat' dir='ltr'><strong>discos</strong></span> <span class='ocrx_word' id='word_1_255' title='bbox 1179 2145 1311 2179; x_wconf 78' lang='lat' dir='ltr'><strong>binos:</strong></span> <span class='ocrx_word' id='word_1_256' title='bbox 1347 2154 1496 2190; x_wconf 86' lang='lat' dir='ltr'><strong>quorum</strong></span> <span class='ocrx_word' id='word_1_257' title='bbox 1531 2141 1623 2174; x_wconf 83' lang='lat' dir='ltr'><strong>alter</strong></span> <span class='ocrx_word' id='word_1_258' title='bbox 1654 2140 1736 2173; x_wconf 77' lang='lat' dir='ltr'><strong>auri</strong></span> 
     </span>
     <span class='ocr_line' id='line_1_31' title="bbox 305 2188 1736 2237; baseline -0.001 -16"><span class='ocrx_word' id='word_1_259' title='bbox 305 2189 437 2232; x_wconf 88' lang='lat' dir='ltr'><strong>plenus</strong></span> <span class='ocrx_word' id='word_1_260' title='bbox 452 2215 462 2231; x_wconf 94' lang='lat'><strong>,</strong></span> <span class='ocrx_word' id='word_1_261' title='bbox 489 2191 581 2224; x_wconf 84' lang='lat' dir='ltr'><strong>alter</strong></span> <span class='ocrx_word' id='word_1_262' title='bbox 604 2191 739 2236; x_wconf 84' lang='lat' dir='ltr'><strong>lapillis</strong></span> <span class='ocrx_word' id='word_1_263' title='bbox 761 2193 932 2237; x_wconf 81' lang='lat' dir='ltr'><strong>pretiosis</strong></span> <span class='ocrx_word' id='word_1_264' title='bbox 958 2193 1017 2226; x_wconf 86' lang='lat' dir='ltr'><strong>vel</strong></span> <span class='ocrx_word' id='word_1_265' title='bbox 1039 2192 1149 2236; x_wconf 88' lang='lat' dir='ltr'><strong>pretii</strong></span> <span class='ocrx_word' id='word_1_266' title='bbox 1167 2193 1289 2237; x_wconf 84' lang='lat' dir='ltr'><strong>potius</strong></span> <span class='ocrx_word' id='word_1_267' title='bbox 1314 2188 1611 2229; x_wconf 85' lang='lat' dir='ltr'><strong>inaestimabilis,</strong></span> <span class='ocrx_word' id='word_1_268' title='bbox 1643 2197 1736 2232; x_wconf 86' lang='lat' dir='ltr'><strong>quae</strong></span> 
     </span>
     <span class='ocr_line' id='line_1_32' title="bbox 308 2236 1735 2284; baseline -0.001 -17"><span class='ocrx_word' id='word_1_269' title='bbox 308 2245 354 2268; x_wconf 80' lang='lat' dir='ltr'><strong>ex</strong></span> <span class='ocrx_word' id='word_1_270' title='bbox 378 2237 558 2271; x_wconf 88' lang='lat' dir='ltr'><strong>Romanae</strong></span> <span class='ocrx_word' id='word_1_271' title='bbox 586 2237 685 2271; x_wconf 89' lang='lat' dir='ltr'><strong>urhis</strong></span> <span class='ocrx_word' id='word_1_272' title='bbox 727 2238 932 2284; x_wconf 83' lang='lat' dir='ltr'><strong>direptione</strong></span> <span class='ocrx_word' id='word_1_273' title='bbox 958 2238 1072 2274; x_wconf 88' lang='lat' dir='ltr'><strong>Gothi</strong></span> <span class='ocrx_word' id='word_1_274' title='bbox 1096 2238 1305 2284; x_wconf 83' lang='lat' dir='ltr'><strong>depraedati</strong></span> <span class='ocrx_word' id='word_1_275' title='bbox 1329 2238 1481 2271; x_wconf 77' lang='lat' dir='ltr'><strong>fuerant.</strong></span> <span class='ocrx_word' id='word_1_276' title='bbox 1529 2236 1623 2268; x_wconf 83' lang='lat' dir='ltr'><strong>Hinc</strong></span> <span class='ocrx_word' id='word_1_277' title='bbox 1651 2244 1735 2267; x_wconf 86' lang='lat' dir='ltr'><strong>ver-</strong></span> 
     </span>
     <span class='ocr_line' id='line_1_33' title="bbox 306 2282 1734 2330; baseline -0.001 -16"><span class='ocrx_word' id='word_1_278' title='bbox 306 2291 366 2315; x_wconf 85' lang='lat' dir='ltr'><strong>sus</strong></span> <span class='ocrx_word' id='word_1_279' title='bbox 391 2289 570 2318; x_wconf 83' lang='lat' dir='ltr'><strong>canuntur</strong></span> <span class='ocrx_word' id='word_1_280' title='bbox 593 2284 837 2329; x_wconf 84' lang='lat' dir='ltr'><strong>epithalamii,</strong></span> <span class='ocrx_word' id='word_1_281' title='bbox 864 2285 984 2320; x_wconf 85' lang='lat' dir='ltr'><strong>Attalo</strong></span> <span class='ocrx_word' id='word_1_282' title='bbox 1019 2286 1273 2330; x_wconf 85' lang='lat' dir='ltr'><strong>praecinente,</strong></span> <span class='ocrx_word' id='word_1_283' title='bbox 1309 2283 1395 2318; x_wconf 86' lang='lat' dir='ltr'><strong>dein</strong></span> <span class='ocrx_word' id='word_1_284' title='bbox 1432 2282 1591 2316; x_wconf 84' lang='lat' dir='ltr'><strong>Rusticio</strong></span> <span class='ocrx_word' id='word_1_285' title='bbox 1622 2285 1734 2324; x_wconf 83' lang='lat' dir='ltr'><strong>atque</strong></span> 
     </span>
     <span class='ocr_line' id='line_1_34' title="bbox 303 2325 1734 2378; baseline -0.002 -16"><span class='ocrx_word' id='word_1_286' title='bbox 303 2326 537 2373; x_wconf 83' lang='lat' dir='ltr'><strong>Phoebadio,</strong></span> <span class='ocrx_word' id='word_1_287' title='bbox 575 2331 787 2378; x_wconf 85' lang='lat' dir='ltr'><strong>nuptiisque</strong></span> <span class='ocrx_word' id='word_1_288' title='bbox 810 2333 892 2366; x_wconf 77' lang='lat' dir='ltr'><strong>finis</strong></span> <span class='ocrx_word' id='word_1_289' title='bbox 922 2332 1026 2366; x_wconf 82' lang='lat' dir='ltr'><strong>datus</strong></span> <span class='ocrx_word' id='word_1_290' title='bbox 1059 2333 1141 2366; x_wconf 87' lang='lat' dir='ltr'><strong>lusu</strong></span> <span class='ocrx_word' id='word_1_291' title='bbox 1183 2331 1388 2378; x_wconf 85' lang='lat' dir='ltr'><strong>gaudioque</strong></span> <span class='ocrx_word' id='word_1_292' title='bbox 1432 2329 1572 2375; x_wconf 84' lang='lat' dir='ltr'><strong>ingenti</strong></span> <span class='ocrx_word' id='word_1_293' title='bbox 1601 2325 1734 2360; x_wconf 80' lang='lat' dir='ltr'><strong>barba-</strong></span> 
     </span>
     <span class='ocr_line' id='line_1_35' title="bbox 305 2377 1320 2425; baseline 0.004 -18"><span class='ocrx_word' id='word_1_294' title='bbox 305 2384 427 2408; x_wconf 84' lang='lat' dir='ltr'><strong>rorum</strong></span> <span class='ocrx_word' id='word_1_295' title='bbox 451 2377 580 2418; x_wconf 89' lang='lat' dir='ltr'><strong>simul,</strong></span> <span class='ocrx_word' id='word_1_296' title='bbox 602 2383 641 2411; x_wconf 89' lang='lat' dir='ltr'><strong>et</strong></span> <span class='ocrx_word' id='word_1_297' title='bbox 662 2379 923 2420; x_wconf 87' lang='lat' dir='ltr'><strong>Romanorum,</strong></span> <span class='ocrx_word' id='word_1_298' title='bbox 944 2380 1008 2425; x_wconf 89' lang='lat' dir='ltr'><strong>qui</strong></span> <span class='ocrx_word' id='word_1_299' title='bbox 1032 2390 1112 2412; x_wconf 92' lang='lat' dir='ltr'><strong>cum</strong></span> <span class='ocrx_word' id='word_1_300' title='bbox 1137 2379 1182 2412; x_wconf 88' lang='lat' dir='ltr'><strong>iis</strong></span> <span class='ocrx_word' id='word_1_301' title='bbox 1207 2384 1320 2412; x_wconf 86' lang='lat' dir='ltr'><strong>erant.</strong></span> 
     </span>
    </p>

    <p class='ocr_par' dir='ltr' id='par_1_7' title="bbox 303 2416 1734 2611">
     <span class='ocr_line' id='line_1_36' title="bbox 395 2416 1734 2471; baseline -0.002 -16"><span class='ocrx_word' id='word_1_302' title='bbox 395 2422 479 2456; x_wconf 90' lang='lat' dir='ltr'><strong>Post</strong></span> <span class='ocrx_word' id='word_1_303' title='bbox 501 2424 647 2458; x_wconf 86' lang='lat' dir='ltr'><strong>Romam</strong></span> <span class='ocrx_word' id='word_1_304' title='bbox 672 2437 692 2458; x_wconf 89' lang='lat' dir='ltr'><strong>a</strong></span> <span class='ocrx_word' id='word_1_305' title='bbox 727 2426 856 2461; x_wconf 88' lang='lat' dir='ltr'><strong>Gothis</strong></span> <span class='ocrx_word' id='word_1_306' title='bbox 881 2432 1020 2471; x_wconf 85' lang='lat' dir='ltr'><strong>captam</strong></span> <span class='ocrx_word' id='word_1_307' title='bbox 1043 2425 1219 2466; x_wconf 81' lang='lat' dir='ltr'><strong>Albinus,</strong></span> <span class='ocrx_word' id='word_1_308' title='bbox 1251 2423 1351 2458; x_wconf 88' lang='lat' dir='ltr'><strong>urbis</strong></span> <span class='ocrx_word' id='word_1_309' title='bbox 1383 2421 1603 2468; x_wconf 79' lang='lat' dir='ltr'><strong>praefectus,</strong></span> <span class='ocrx_word' id='word_1_310' title='bbox 1634 2416 1734 2465; x_wconf 81' lang='lat' dir='ltr'><strong>quod</strong></span> 
     </span>
     <span class='ocr_line' id='line_1_37' title="bbox 304 2467 1733 2517; baseline 0 -16"><span class='ocrx_word' id='word_1_311' title='bbox 304 2469 377 2502; x_wconf 88' lang='lat' dir='ltr'><strong>iam</strong></span> <span class='ocrx_word' id='word_1_312' title='bbox 401 2469 528 2503; x_wconf 86' lang='lat' dir='ltr'><strong>eadem</strong></span> <span class='ocrx_word' id='word_1_313' title='bbox 549 2470 596 2503; x_wconf 85' lang='lat' dir='ltr'><strong>ad</strong></span> <span class='ocrx_word' id='word_1_314' title='bbox 616 2473 809 2516; x_wconf 88' lang='lat' dir='ltr'><strong>pristinum</strong></span> <span class='ocrx_word' id='word_1_315' title='bbox 833 2472 968 2507; x_wconf 83' lang='lat' dir='ltr'><strong>rediret</strong></span> <span class='ocrx_word' id='word_1_316' title='bbox 992 2477 1144 2514; x_wconf 88' lang='lat' dir='ltr'><strong>statum,</strong></span> <span class='ocrx_word' id='word_1_317' title='bbox 1166 2472 1328 2517; x_wconf 83' lang='lat' dir='ltr'><strong>scripsit,</strong></span> <span class='ocrx_word' id='word_1_318' title='bbox 1350 2480 1424 2503; x_wconf 91' lang='lat' dir='ltr'><strong>non</strong></span> <span class='ocrx_word' id='word_1_319' title='bbox 1447 2467 1604 2501; x_wconf 86' lang='lat' dir='ltr'><strong>sufficere</strong></span> <span class='ocrx_word' id='word_1_320' title='bbox 1625 2475 1733 2511; x_wconf 79' lang='lat' dir='ltr'><strong>prae·</strong></span> 
     </span>
     <span class='ocr_line' id='line_1_38' title="bbox 303 2513 1730 2562; baseline -0.001 -13"><span class='ocrx_word' id='word_1_321' title='bbox 303 2516 419 2550; x_wconf 83' lang='lat' dir='ltr'><strong>bitam</strong></span> <span class='ocrx_word' id='word_1_322' title='bbox 442 2516 579 2561; x_wconf 91' lang='lat' dir='ltr'><strong>populo</strong></span> <span class='ocrx_word' id='word_1_323' title='bbox 594 2524 746 2562; x_wconf 87' lang='lat' dir='ltr'><strong>partem,</strong></span> <span class='ocrx_word' id='word_1_324' title='bbox 769 2520 1007 2554; x_wconf 85' lang='lat' dir='ltr'><strong>multitudine</strong></span> <span class='ocrx_word' id='word_1_325' title='bbox 1032 2519 1105 2552; x_wconf 89' lang='lat' dir='ltr'><strong>iam</strong></span> <span class='ocrx_word' id='word_1_326' title='bbox 1129 2525 1232 2552; x_wconf 85' lang='lat' dir='ltr'><strong>aucta</strong></span> <span class='ocrx_word' id='word_1_327' title='bbox 1256 2518 1422 2553; x_wconf 75' lang='lat' dir='ltr'><strong>civitate:</strong></span> <span class='ocrx_word' id='word_1_328' title='bbox 1447 2513 1633 2559; x_wconf 83' lang='lat' dir='ltr'><strong>additque,</strong></span> <span class='ocrx_word' id='word_1_329' title='bbox 1656 2522 1730 2546; x_wconf 86' lang='lat' dir='ltr'><strong>uno</strong></span> 
     </span>
     <span class='ocr_line' id='line_1_39' title="bbox 306 2561 1480 2611; baseline 0.002 -16"><span class='ocrx_word' id='word_1_330' title='bbox 306 2561 367 2597; x_wconf 88' lang='lat' dir='ltr'><strong>die</strong></span> <span class='ocrx_word' id='word_1_331' title='bbox 391 2573 579 2596; x_wconf 82' lang='lat' dir='ltr'><strong>numerum</strong></span> <span class='ocrx_word' id='word_1_332' title='bbox 607 2571 732 2598; x_wconf 85' lang='lat' dir='ltr'><strong>natum</strong></span> <span class='ocrx_word' id='word_1_333' title='bbox 757 2577 834 2600; x_wconf 85' lang='lat' dir='ltr'><strong>esse</strong></span> <span class='ocrx_word' id='word_1_334' title='bbox 859 2567 990 2601; x_wconf 87' lang='lat' dir='ltr'><strong>civium</strong></span> <span class='ocrx_word' id='word_1_335' title='bbox 1018 2565 1289 2611; x_wconf 81' lang='lat' dir='ltr'><strong>quatuordeeim</strong></span> <span class='ocrx_word' id='word_1_336' title='bbox 1313 2563 1480 2597; x_wconf 87' lang='lat' dir='ltr'><strong>millium.</strong></span> 
     </span>
    </p>

    <p class='ocr_par' dir='ltr' id='par_1_8' title="bbox 306 2607 1733 2799">
     <span class='ocr_line' id='line_1_40' title="bbox 396 2607 1733 2655; baseline 0.002 -12"><span class='ocrx_word' id='word_1_337' title='bbox 396 2608 625 2655; x_wconf 84' lang='lat' dir='ltr'><strong>Adaulphus,</strong></span> <span class='ocrx_word' id='word_1_338' title='bbox 653 2610 745 2645; x_wconf 83' lang='lat' dir='ltr'><strong>&#39;nato</strong></span> <span class='ocrx_word' id='word_1_339' title='bbox 789 2613 862 2647; x_wconf 85' lang='lat' dir='ltr'><strong>sibi</strong></span> <span class='ocrx_word' id='word_1_340' title='bbox 894 2624 914 2647; x_wconf 90' lang='lat' dir='ltr'><strong>e</strong></span> <span class='ocrx_word' id='word_1_341' title='bbox 946 2611 1104 2648; x_wconf 86' lang='lat' dir='ltr'><strong>Placidia</strong></span> <span class='ocrx_word' id='word_1_342' title='bbox 1134 2613 1231 2653; x_wconf 85' lang='lat' dir='ltr'><strong>filio,</strong></span> <span class='ocrx_word' id='word_1_343' title='bbox 1269 2612 1329 2645; x_wconf 91' lang='lat' dir='ltr'><strong>cui</strong></span> <span class='ocrx_word' id='word_1_344' title='bbox 1359 2607 1565 2643; x_wconf 72' lang='lat' dir='ltr'><strong>Theodosio</strong></span> <span class='ocrx_word' id='word_1_345' title='bbox 1596 2615 1733 2641; x_wconf 68' lang='lat' dir='ltr'><strong>nomen</strong></span> 
     </span>
     <span class='ocr_line' id='line_1_41' title="bbox 306 2653 1733 2704; baseline 0.001 -14"><span class='ocrx_word' id='word_1_346' title='bbox 306 2656 433 2699; x_wconf 86' lang='lat' dir='ltr'><strong>dedit,</strong></span> <span class='ocrx_word' id='word_1_347' title='bbox 465 2657 658 2691; x_wconf 83' lang='lat' dir='ltr'><strong>Romanam</strong></span> <span class='ocrx_word' id='word_1_348' title='bbox 685 2660 840 2703; x_wconf 80' lang='lat' dir='ltr'><strong>amplius</strong></span> <span class='ocrx_word' id='word_1_349' title='bbox 868 2671 942 2693; x_wconf 86' lang='lat' dir='ltr'><strong>rem</strong></span> <span class='ocrx_word' id='word_1_350' title='bbox 970 2660 1153 2704; x_wconf 79' lang='lat' dir='ltr'><strong>publicam</strong></span> <span class='ocrx_word' id='word_1_351' title='bbox 1185 2669 1304 2692; x_wconf 87' lang='lat' dir='ltr'><strong>amare</strong></span> <span class='ocrx_word' id='word_1_352' title='bbox 1338 2655 1538 2691; x_wconf 85' lang='lat' dir='ltr'><strong>videbatur.</strong></span> <span class='ocrx_word' id='word_1_353' title='bbox 1596 2653 1733 2687; x_wconf 80' lang='lat' dir='ltr'><strong>Verum</strong></span> 
     </span>
     <span class='ocr_line' id='line_1_42' title="bbox 307 2698 1732 2752; baseline 0.004 -16"><span class='ocrx_word' id='word_1_354' title='bbox 307 2702 519 2738; x_wconf 80' lang='lat' dir='ltr'><strong>Constantio</strong></span> <span class='ocrx_word' id='word_1_355' title='bbox 555 2703 707 2750; x_wconf 81' lang='lat' dir='ltr'><strong>eiusque</strong></span> <span class='ocrx_word' id='word_1_356' title='bbox 737 2706 880 2740; x_wconf 83' lang='lat' dir='ltr'><strong>asseclis</strong></span> <span class='ocrx_word' id='word_1_357' title='bbox 912 2707 1213 2752; x_wconf 86' lang='lat' dir='ltr'><strong>repugnantibus,</strong></span> <span class='ocrx_word' id='word_1_358' title='bbox 1249 2705 1326 2739; x_wconf 83' lang='lat' dir='ltr'><strong>eius</strong></span> <span class='ocrx_word' id='word_1_359' title='bbox 1349 2708 1386 2737; x_wconf 83' lang='lat' dir='ltr'><strong>et</strong></span> <span class='ocrx_word' id='word_1_360' title='bbox 1410 2702 1530 2735; x_wconf 73' lang='lat' dir='ltr'><strong>uxori-⁸</strong></span> <span class='ocrx_word' id='word_1_361' title='bbox 1553 2698 1732 2734; x_wconf 48' lang='lat' dir='ltr'><strong>Placidi&amp;</strong></span> 
     </span>
     <span class='ocr_line' id='line_1_43' title="bbox 309 2748 1733 2799; baseline -0.001 -14"><span class='ocrx_word' id='word_1_362' title='bbox 309 2749 421 2798; x_wconf 84' lang='lat' dir='ltr'><strong>[pacis</strong></span> <span class='ocrx_word' id='word_1_363' title='bbox 446 2749 640 2799; x_wconf 84' lang='lat' dir='ltr'><strong>ineundae]</strong></span> <span class='ocrx_word' id='word_1_364' title='bbox 677 2758 824 2787; x_wconf 82' lang='lat' dir='ltr'><strong>conatus</strong></span> <span class='ocrx_word' id='word_1_365' title='bbox 848 2753 980 2788; x_wconf 79' lang='lat' dir='ltr'><strong>frustra</strong></span> <span class='ocrx_word' id='word_1_366' title='bbox 1007 2753 1164 2790; x_wconf 82' lang='lat' dir='ltr'><strong>fuerunt.</strong></span> <span class='ocrx_word' id='word_1_367' title='bbox 1212 2751 1436 2789; x_wconf 75' lang='lat' dir='ltr'><strong>Exstinetum</strong></span> <span class='ocrx_word' id='word_1_368' title='bbox 1462 2751 1585 2783; x_wconf 81' lang='lat' dir='ltr'><strong>autem</strong></span> <span class='ocrx_word' id='word_1_369' title='bbox 1606 2748 1733 2792; x_wconf 76' lang='lat' dir='ltr'><strong>postea</strong></span> 
     </span>
    </p>
   </div>
  </div>
 </body>
</html>
