1924 3164
568 190 926 241 EMENANDRI
965 194 1240 236 HISTORIA.
1517 177 1632 235 353

182 288 326 340 τοῦτο,
355 305 467 332 ωστε
488 307 598 334 κατα
648 294 755 346 μίαν
789 300 945 351 μοῖραν
983 299 1208 351 προελθεῖν
1252 294 1329 351 τήν
1382 299 1695 354 καλουμένηνΑ.
1710 306 1746 340 C.
1763 308 1831 344 562

181 351 346 410 σάκραν
389 356 436 397 ἐκ
469 359 546 399 τοῦ
575 358 808 413 (Ρωμαίων
847 364 1083 417 βασιλέως,
1141 363 1505 427 ἐπιψηφιζομὲνην
1522 353 1731 446 ne911¹¹¹d·.
1747 367 1787 390 ¹⁰

180 422 264 461 τῶν
289 423 671 478 προδοθησομένων
695 425 927 481 χρημάτων
958 430 1033 483 τῆς
1068 428 1253 483 τριετίας
1287 428 1391 483 μετὰ
1421 428 1491 472 τὸν
1521 432 1643 485 ἓβδο-
1663 413 1702 434 us
1707 407 1771 437 t.1n
1787 404 1834 438 36

179 500 277 537 μον
298 484 522 543 ἐνιαυτὸν,
571 507 630 540 ως
683 491 974 547 καταθήσουσι
1010 495 1146 536 ταῦτα
1177 493 1394 548 “Ρωμαῑοι
1426 498 1636 551 Πέρσαις.

152 549 403 609 5ἐκυρωθη,
434 552 542 597 (ὅστε
566 573 638 598 και
666 557 712 598 ἐκ
739 560 820 599 τοῦ
844 561 1054 612 βασιλέως
1092 562 1278 616 Περσων
1313 561 1535 616 ὁμολογίαν
1583 564 1671 610 ἒνΡ.
1688 578 1748 623 137

178 616 404 672 γράμμασι
432 626 668 677 προελθεῖν,
699 640 772 677 ως,
800 624 920 679 ἡνίκα
949 627 1195 682 πορίσαιντο
1211 629 1386 683 Πέρσαι
1404 629 1486 670 τῶν
1505 631 1635 684 τριῶν

178 685 286 727 ἐτων
324 684 370 727 τὸ
407 685 679 743 ὀφειλόμενον
717 692 920 746 χρυσίον,
970 694 1145 745 βασιλεῖ
1173 692 1406 746 ζΡωμαίων
1447 693 1495 736 τὸ
1537 694 1638 751 περὶ

177 753 347 793 τοιοῦδε
374 754 651 807 βεβαιωτικὸν
681 755 992 812 οἷναδοθήσεται
1019 755 1207 814 γράμμα.
1264 758 1291 814 ἦ
1318 760 1399 812 μὲν
1424 762 1501 801 τοῦ
1522 760 1640 802 ‘Pm-

176 819 310 869 μαιόυ
340 816 651 877 αὐτοκράτορος
678 821 780 877 περὶ
810 824 886 877 τῆς
925 820 1092 901 εἰρήνης
1129 822 1354 879 ὁμολογία,
1393 825 1470 881 τήν
1506 824 1637 882 συνή-

129 885 236 959 ποθή
265 885 459 940 φέρουσα
488 886 766 944 προγραφὴν,
804 887 1015 944 γνώριμος
1041 887 1144 944 ἡμῖν
1172 892 1215 940 ἐς
1243 890 1295 933 τὰ
1323 889 1509 944 μάλιστα
1537 909 1635 947 τυγ-

175 944 309 1003 χάνει.
339 949 366 1004 ἦ
404 952 452 993 δὲ
479 954 555 993 τοῦ
567 954 751 1008 Περσων
761 956 970 1007 βασιλεως
997 953 1220 1010 γράμμασι
1242 957 1321 1009 μὲν
1344 953 1636 1014 ε’γραφηΠερ-

176 1020 323 1068 σικοῖς,
351 1017 405 1072 τῇ
429 1018 476 1059 δὲ
491 1014 700 1072 Ἑλληνίδι
724 1022 849 1077 φωνῇ
872 1038 980 1062 κατα
1011 1024 1146 1063 ταῦτα
1174 1021 1429 1077 δήπουθεν’
1411 1020 1553 1076 ισχύει
1582 1022 1635 1065 τὰ

177 1081 363 1136 ῥήματα·
394 1086 549 1136 ,,θεῑός,
575 1080 750 1140 ἀγαθὸς,
781 1085 1108 1143 εἰρηνοπάτριος,
1138 1087 1536 1143 α’ρχαῖοςΧοσρόης,
1555 1091 1636 1142 βα-

178 1145 321 1197 σιλεύς
349 1151 588 1203 βασιλέων,
622 1146 808 1206 εὖτυχὴς
822 1186 836 1205 ,
870 1151 1068 1207 εὐσεβής,
1097 1152 1380 1207 ἀγαθοποιός,
1403 1148 1522 1213 ᾧτινι
1542 1157 1636 1197 θεοί
1644 1166 1669 1198 Β

126 1212 362 1269 ιόμεγάλην
398 1215 534 1271 τύχην
574 1233 644 1257 και
685 1215 873 1272 μεγάλην
913 1218 1135 1271 βασιλείαν
1165 1217 1397 1272 δεδώκασι,
1425 1222 1547 1275 γίγας
1571 1237 1638 1275 γι-

175 1276 354 1334 γάντων,
396 1278 443 1330 ὃς
471 1282 517 1323 ἐκ
544 1284 658 1324 θεῶν
682 1285 1064 1338 χαρακτηρίζεται,
1100 1285 1388 1343 Ἰουστινιανῶ
1416 1288 1635 1342 Καίσαρι,

178 1342 354 1403 ἆδελφῶ
383 1346 611 1405 ἧμετέρω.’
666 1348 692 1403 ἦ
721 1350 802 1401 μὲν
846 1364 925 1390 ουν
961 1348 1189 1406 προγραφή
1221 1346 1334 1392 ου’τω
1364 1369 1422 1409 πῃ
1451 1350 1635 1406 ἐδήλου,

177 1408 290 1465 α’τάρ
321 1429 347 1466 η
379 1409 558 1466 δύναμις
584 1430 667 1455 των
695 1415 935 1468 λεχθέντων
962 1412 1105 1457 τοιάδε
1133 1415 1339 1472 ὑπῆρχεν.
1396 1414 1560 1470 εἶποιμι
1590 1419 1636 1460 δὲ

178 1474 315 1531 αυτήν
350 1493 398 1532 γε
437 1477 574 1533 δήπου
611 1481 698 1521 ταῖν
737 1479 869 1533 λόγων
908 1478 981 1535 τήν
1021 1478 1258 1537 συνθήκην·
1298 1483 1526 1536 ἀναγκαῖον
1552 1482 1634 1539 γάρ

119 1540 306 1604 αοέγωγε
354 1543 501 1602 ᾠήθην
535 1548 732 1601 χρῆσθαι
772 1546 849 1587 οὔκ
878 1541 1041 1600 ἄλλως,
1097 1546 1156 1597 ὥς
1202 1543 1256 1590 ἂν
1281 1546 1342 1603 μή
1373 1546 1638 1604 ὕποτοπήσοι

175 1625 239 1658 τις
279 1606 403 1668 ἑτέρᾳ
432 1608 590 1666 φράσει
629 1611 991 1668 παρατετράφθαί
1014 1629 1058 1654 τι
1083 1614 1169 1656 τῶν
1198 1613 1372 1669 ἀληθῶς
1398 1644 1410 1656 .
1441 1649 1451 1660 .
1480 1644 1494 1656 .
1522 1611 1636 1669 εἶχεν

176 1672 302 1718 οὕτω·
357 1675 516 1732 ,,χάριν
541 1676 807 1732 ἆπονέμομεν
833 1680 883 1736 τῇ
914 1675 1170 1736 ἀδελφότητι
1197 1683 1274 1722 τοῦ
1294 1679 1519 1735 Καίσαρος
1538 1679 1640 1736 περὶ

274 1789 288 1811 1
317 1783 356 1811 et
379 1779 413 1812 6.
438 1780 646 1825 προελθεῖν
668 1781 728 1822 Β.,
751 1781 988 1826 προσελθεῖν
1010 1782 1107 1827 vulg.
1216 1782 1248 1816 5.
1277 1781 1451 1826 ἐκυρώθη
1476 1779 1518 1815 δὲ
1543 1781 1639 1815 ωστε

273 1826 367 1858 coni.
393 1824 437 1858 N.
564 1829 597 1861 6.
622 1829 850 1873 κομίσαιντο
886 1829 982 1872 cpni.
1018 1827 1057 1862 Β.
1192 1830 1245 1862 15
1269 1828 1442 1886 μεγάλην
1463 1828 1547 1872 τύχ
1572 1828 1638 1869 Ν,

269 1868 367 1917 μετὰ
391 1870 475 1917 τύχ,
501 1872 596 1918 vulg.
691 1885 747 1907 αι.
771 1876 862 1918 τῶν]
888 1873 943 1910 ὡν
967 1874 1011 1907 Η.
1092 1875 1257 1918 ἄληθων.
1282 1874 1305 1917 ἡ
1324 1873 1356 1908 δ’
1379 1874 1442 1921 ἄρ’
1465 1873 1567 1920 εἶχεν
1594 1876 1637 1908 N.

176 1972 277 1998 saera
300 1962 439 1996 sanctio
464 1962 510 1996 ab
536 1964 761 2008 Imperatore
787 1964 947 1998 Romano
974 1963 1224 2007 emitteretur,
1239 1974 1323 2010 Aqua
1347 1964 1523 2009 pecunias
1547 1975 1639 2009 pen—

177 2010 292 2044 sionis
317 2010 428 2042 trium
455 2010 682 2057 reliquorum
707 2022 889 2045 annorum
904 2036 914 2052 ,
949 2011 1015 2055 qui
1040 2011 1230 2045 restabant
1253 2022 1299 2044 ex
1323 2010 1475 2052 decem,
1500 2022 1538 2044 se
1565 2017 1639 2044 sta-

177 2058 247 2090 tim
280 2062 438 2091 exeunte
478 2057 632 2101 septimo
668 2067 764 2091 anno
802 2059 919 2092 Persis
960 2062 1236 2091 numeraturum
1275 2062 1445 2092 caveret'
1485 2058 1639 2092 Pactum

178 2114 328 2150 quoque
355 2108 429 2145 est,
463 2109 507 2136 ut
530 2105 718 2137 Persarum
745 2115 808 2138 rex
833 2104 1039 2137 cautionem
1064 2105 1340 2149 interponeret,
1376 2115 1436 2144 se,
1469 2103 1639 2138 simulat-

178 2161 252 2196 que
276 2161 428 2192 aurum,
465 2151 566 2197 quod
590 2151 787 2195 stipulatus
815 2157 913 2192 erat,
952 2161 1018 2195 pro
1043 2150 1163 2185 tribus
1190 2150 1296 2185 annis
1330 2150 1548 2196 recepisset,
1579 2161 1639 2184 se-

178 2198 346 2231 curitatis
371 2199 513 2231 litteras
541 2199 755 2243 Imperatori
781 2200 941 2231 Romano
967 2196 1199 2231 traditurum.
1255 2198 1302 2230 Et
1333 2197 1487 2231 Romani
1516 2198 1638 2242 Impe—

178 2246 310 2279 ratoris
334 2245 435 2289 pacis
461 2244 679 2278 ratihabitio
706 2244 850 2278 solitam
875 2255 962 2290 prae
990 2254 1028 2276 se
1053 2243 1196 2278 ferebat
1215 2244 1515 2290 inscriptionem,
1541 2256 1638 2290 quae

179 2291 268 2325 satis
293 2297 381 2325 nota
405 2296 471 2325 est.
520 2293 706 2325 Persarum
740 2303 828 2326 vero
862 2292 956 2335 regis
997 2291 1138 2324 Persica
1176 2291 1302 2336 lingua
1335 2292 1492 2336 scriptae
1524 2292 1638 2325 verba

181 2338 317 2372 Graece
344 2338 436 2372 haec
460 2343 615 2373 sonant:
653 2338 850 2379 „Divinus,
876 2338 1009 2378 bonus,
1032 2338 1225 2382 pacificus,
1263 2349 1422 2372 summus
1448 2338 1638 2383 Princeps,

181 2383 384 2426 Chosroes,
409 2396 472 2419 rex
498 2397 624 2430 regum
641 2411 651 2426 ,
690 2385 800 2426 felix,
826 2385 934 2430 pius,
966 2385 1174 2426 beneficus,
1202 2386 1262 2418 cui
1285 2384 1350 2419 Dii
1379 2395 1550 2430 magnum
1567 2386 1639 2418 im-

179 2433 326 2476 perium
358 2443 440 2465 cum
464 2433 602 2478 magnis
628 2431 760 2486 opibus
784 2432 1044 2472 indulserunt,
1078 2432 1188 2477 Gigas
1213 2431 1412 2477 Gigantum
1428 2457 1438 2473 ‚
1474 2430 1523 2465 ad
1547 2431 1639 2466 (leo-

182 2489 264 2511 rum
289 2479 475 2523 exemplar
503 2480 747 2525 compositus,
774 2479 980 2512 Iustiniano
1009 2478 1184 2519 Caesari,
1211 2478 1316 2513 fratri
1341 2480 1503 2512 nostrol'
1566 2479 1638 2512 At-

182 2535 255 2571 que
278 2526 470 2570 inscriptio
497 2532 575 2560 erat
608 2525 831 2559 huiusmodi.
887 2525 952 2558 Vis
992 2530 1116 2558 autem
1154 2536 1307 2568 eorum,
1343 2537 1436 2571 quae
1473 2536 1638 2570 compre-

181 2570 298 2605 hensa
322 2579 408 2606 sunt
431 2573 588 2614 litteris,
626 2573 710 2606 talis
738 2573 819 2606 fuit.
869 2572 1036 2605 Referam
1061 2581 1126 2624 ego
1162 2573 1280 2617 ipsam
1309 2572 1504 2606 verborum
1537 2577 1639 2604 stru-

184 2623 324 2652 cturam
358 2624 396 2652 et
433 2620 723 2665 dispositionem.
779 2618 1031 2652 Necessarium
1055 2619 1152 2651 enirn
1178 2630 1256 2653 esse
1294 2618 1383 2653 duxi
1422 2630 1497 2653 non
1528 2619 1638 2652 aliter

183 2665 323 2706 facere,
347 2677 395 2699 ne
420 2667 502 2712 quis
527 2667 796 2711 suspicaretur,
829 2677 874 2699 ex
897 2667 1053 2699 veritate
1079 2665 1224 2719 aliquid
1250 2676 1271 2697 a
1305 2676 1363 2698 me
1391 2666 1636 2698 immutatum.

183 2712 285 2744 Haec
309 2712 362 2745 sic
386 2723 424 2747 se
446 2713 604 2747 habent:
642 2712 809 2752 „Gratias
835 2713 972 2759 agimus
1001 2711 1165 2746 Caesaris
1191 2711 1417 2746 fraternitati
1440 2723 1506 2756 pro
1545 2721 1636 2755 pace

184 2759 284 2794 inter
308 2759 378 2792 ista
404 2759 476 2794 ‹luo
500 2771 610 2806 regna
636 2759 846 2796 constituta.
906 2759 981 2795 Nos
1017 2758 1165 2806 quidem
1189 2758 1507 2805 Iesdegusnapho‚
1542 2757 1637 2794 divi-

233 2828 424 2876 Dexippus
433 2853 444 2871 ,
467 2829 667 2875 Eunapius
691 2837 758 2864 etc.
1325 2828 1370 2862 23
