1924 3164
407 159 410 161 *
456 159 737 205 ExCERPTA
774 163 808 204 E
845 159 1052 205 mmm
1092 162 1365 207 msromA.
1523 144 1635 212 245

195 259 322 303 πάθει
350 259 616 317 ἂπέδραμεν,
646 261 832 317 ἆφειδαῖς
861 257 938 315 ὅ,τι
965 263 1011 304 ἐν
1037 264 1159 305 ποσίν
1185 260 1304 321 εὕροι
1330 266 1461 308 καίων
1490 281 1536 307 τε
1563 264 1636 307 καὶ
1646 268 1822 316 exe-479

195 324 409 382 φονεύων,
437 326 513 368 καὶ
534 325 612 382 τήν,
637 325 806 382 πρώτην
830 329 904 382 τῆς
930 330 1202 380 Μακεδονίας
1228 327 1362 384 πόλιν,
1400 330 1499 381 τοὺς
1526 317 1719 398 gfff-{ml
1735 332 1756 353 ²
1783 368 1807 400 6

192 393 307 443 βους,
334 389 569 447 ἐπόρθησε,
597 391 671 432 καί
694 393 780 433 τῶν
806 407 854 445 γε
882 392 1150 448 στρατιωτῶν
1178 395 1262 437 ταῖν
1287 395 1419 452 ταύτῃ
1443 396 1634 452 ἔμφρον·
1665 376 1770 401 enon·

192 457 378 509 ρούντων
403 455 504 505 τούς
532 457 805 506 ἀντιστάντας
833 457 1087 500 ἀπέκτεινεν.
1136 458 1194 508 ὥς
1221 461 1269 502 δὲ
1295 461 1347 517 τῇ
1376 460 1635 503 Θεσσαλονί-

167 526 242 579 5κῃ
271 521 445 576 ἐγγύθεν
471 520 710 579 ἐφεδρεύων
737 523 919 577 ἠγγέλθη
947 523 970 564 ὅ
998 522 1239 580 βάρβαρος,
1267 521 1416 568 αὗτίκα
1450 525 1490 568 οἱ
1514 530 1635 568 noaz·-

192 604 264 629 ται
309 587 554 640 νομίσαντες
592 589 638 628 ἐκ
675 584 798 627 δόλου
837 585 891 629 xci
930 590 976 630 έν
1012 590 1062 645 τῇ
1100 593 1328 648 προτεραίᾳ
1373 591 1635 645 ἆνεγνῶσθαι

191 651 422 707 γράμματα
460 650 534 693 καὶ
564 649 640 707 τήν
677 650 799 694 πόλιν
840 650 1073 706 βούλεσθαι
1100 653 1280 710 Ζήνωνά
1312 671 1360 697 τε
1399 657 1474 699 καὶ
1498 654 1666 698 αὕτὸνΒ

193 717 334 775 ἐκείνῳ
360 718 650 772 παραδοῦναι,
691 719 1005 774 συστραφέντες
1040 719 1085 760 ἐν
1111 722 1260 776 σφίσιν
1287 717 1432 770 αὖτοΐς
1459 719 1537 770 τὰς
1562 723 1642 763 τοῦ

193 780 384 836 Ζήνωνος
413 782 571 836 στήλας
596 783 907 838 καταβάλλουσι
935 782 1096 839 πάσας,
1124 787 1198 827 καί
1225 785 1351 829 αὐτὸν
1379 785 1642 843 ὁρμήσαντες

140 846 266 894 ]οτὸν
295 845 486 903 ὕπαρχον
512 848 674 901 ἕτοιμοι
703 847 939 891 διασπάσαι
964 844 1086 905 ἦσαν.
1114 849 1154 892 οἱ
1183 852 1230 893 δὲ
1257 851 1525 905 κομισάμενοι
1553 853 1639 908 πῦρ

192 912 265 955 ἐπὶ
292 911 339 955 τὸ
370 913 542 969 ἀρχεῖον
568 913 830 971 ἐμπιπράναι
857 913 1051 970 ἔμελλον,
1080 918 1121 959 εἰ
1145 915 1204 972 μή
1232 916 1559 974 ὑποφθάσαντες
1582 916 1637 959 τοί

191 995 238 1021 τε
277 977 372 1035 ἱερὰ
403 980 500 1034 γένη
537 981 613 1021 καί
637 978 678 1022 οἱ
705 982 750 1023 ἐν
775 986 867 1030 ταῖς
898 981 1036 1033 α’ξιῖιις
1063 980 1304 1038 ἒξήρπασᾰν
1330 999 1376 1025 τε
1404 981 1536 1025 αὐτὸν
1561 984 1638 1037 τῆς

190 1041 321 1101 ὄργῆς
348 1047 423 1100 τῆς
451 1047 528 1087 τοῦ
558 1045 723 1101 δήμου,
764 1046 838 1088 καὶ
861 1045 907 1089 τὰ
937 1048 1145 1091 citano&
1170 1046 1307 1103 λόγοις
1334 1051 1487 1105 πραέσι
1514 1051 1637 1091 κατέ-

193 1114 375 1164 στειλαν,
405 1111 603 1165 λέγοντες,
635 1106 733 1153 οὔτε
765 1110 894 1154 αὖτόν
922 1111 1054 1155 αἴτιον
1080 1110 1189 1156 εἶναι
1215 1112 1392 1167 τούτου,
1441 1108 1537 1155 οὔτε
1563 1112 1639 1155 τὸν

144 1177 369 1230 ι5βασιλέα
395 1178 450 1232 τῇ
487 1175 607 1218 πόλει
646 1193 689 1219 τι
728 1178 932 1233 δυσχερὲς
958 1173 987 1233 ἢ
1019 1178 1154 1221 κακὸν
1194 1181 1526 1232 βεβουλεῦσθαι,
1563 1180 1737 1234 τῆςΡ.79

191 1259 237 1285 τε
264 1241 423 1290 πόλεως
447 1244 607 1298 χρῆναι
633 1241 897 1296 ποιήσασθαι
926 1242 1141 1299 φυλακήν,
1172 1240 1251 1302 ὅτῳ
1280 1240 1333 1286 ἂν
1360 1245 1539 1286 ἐθέλωσι
1565 1243 1639 1285 καὶ

193 1304 241 1350 ὃν
277 1306 473 1361 ἡγοῦνται
525 1305 675 1349 πιστὸν
728 1308 1019 1363 ἐπιτρέποντες
1053 1308 1224 1364 ταύτην.
1282 1308 1321 1351 οἱ
1351 1311 1396 1350 δὲ
1424 1307 1500 1357 τὰς
1526 1313 1638 1360 κλεῖς

190 1375 274 1416 τῶν
301 1374 444 1414 πυλῶν
471 1373 518 1414 ἐκ
543 1374 620 1415 τοῦ
668 1372 866 1429 ὑπάρχου
910 1371 1108 1427 λαβόντες
1135 1376 1193 1432 τῷ
1236 1376 1434 1431 α’ρχιερεῖ
1455 1373 1607 1417 ἔδοσαν
1624 1409 1637 1428 ,

192 1441 266 1480 καί
291 1436 372 1480 ἀπὸ
400 1440 487 1480 τῶν
513 1436 688 1481 ἐνόντων
715 1438 910 1495 φρουρὰν
937 1440 1178 1495 ἐπενόησαν,
1197 1439 1255 1490 ὥς
1282 1439 1501 1496 ἠδύναντο,
1521 1440 1639 1482 πλεί-

138 1521 315 1560 ῃοστην,
356 1505 431 1546 καί
465 1503 540 1547 τὸν
580 1504 812 1562 στρατηγὸν
850 1504 1056 1562 ἔστεργον.
1112 1507 1160 1548 ἐν
1197 1507 1244 1548 δὲ
1270 1503 1405 1564 τούτῳ
1434 1505 1459 1547 ὅ
1486 1503 1638 1562 Ζήνων

190 1570 427 1623 πυθόμενος
472 1568 545 1613 τὸν
584 1573 811 1625 κατέχοντα
846 1572 1070 1625 κίνδυνον,
1107 1574 1182 1613 καί
1214 1570 1330 1626 ι’δών,
1367 1571 1439 1626 ὥς,
1470 1570 1642 1620 οὐδενὸς

190 1638 447 1692 βουλομένου
470 1634 702 1691 μάχεσθαι,
719 1632 889 1693 ἄριστον
917 1635 981 1693 εἴη
1007 1639 1207 1687 σπονδαῖς
1237 1638 1295 1687 ὥς
1322 1639 1367 1680 ἐν
1394 1643 1537 1686 κακοῖς
1562 1653 1640 1691 με-

287 1749 319 1771 2-
352 1735 517 1781 Στόβους
534 1735 591 1777 N„
613 1734 747 1781 τόβους
763 1738 859 1781 vulg.
958 1749 1012 1773 ιο.
1035 1734 1212 1784 ὕπαρχον
1232 1736 1290 1778 N„
1312 1736 1485 1782 ἔπαρχον
1509 1737 1603 1782 vulg.

193 1831 317 1871 scivit,
356 1835 394 1865 et
419 1831 561 1876 fugiens
587 1830 763 1876 quicquid
789 1837 874 1865 ante
898 1831 1009 1876 pedes
1034 1844 1116 1865 suos
1140 1832 1313 1873 offendit,
1352 1832 1445 1865 ussit
1468 1836 1506 1865 et
1528 1843 1638 1865 neca-

193 1880 258 1918 vit,
284 1883 321 1911 et
334 1879 498 1923 primam,
523 1888 616 1923 quae
641 1878 697 1910 illi
720 1878 829 1911 obvia
853 1878 945 1916 fuit.
969 1878 1203 1912 Macedoniae
1228 1879 1366 1919 urbem,
1379 1878 1523 1918 Stobos,
1537 1887 1638 1911 ever-

193 1925 253 1965 tit,
280 1930 317 1957 et
340 1925 511 1964 militum,
536 1925 600 1968 qui
621 1923 699 1958 illic
721 1925 762 1958 in
782 1925 972 1969 praesidiis
998 1929 1112 1965 erant,
1138 1935 1274 1964 omueS,
1295 1925 1358 1970 qui
1385 1925 1550 1957 resistere
1573 1928 1642 1956 au-'

195 1970 343 2012 debant,
367 1971 562 2004 interfecit.
619 1972 666 2003 Ut
688 1980 773 2002 vero
798 1972 1005 2004 nuntiatum
1030 1976 1099 2011 est,
1121 1970 1317 2003 barbarum
1343 1970 1639 2003 Thessalonicen:

191 2023 339 2063 petere,
371 2018 493 2051 statim
528 2017 629 2050 urbis
664 2017 806 2050 incolae
852 2017 899 2050 ad
925 2017 1090 2050 fraudem
1124 2016 1324 2051 faciendam
1353 2016 1493 2050 litteras
1517 2016 1638 2060 pridie

193 2065 363 2098 recitatas
389 2075 467 2097 esse
491 2064 685 2108 suspicati,
712 2068 749 2097 et
772 2065 949 2097 Zenonem
974 2063 1165 2108 ipsumque
1191 2063 1414 2107 praefectum
1438 2062 1573 2096 habere
1597 2064 1638 2096 in

194 2110 465 2151 anim0,urbem
489 2110 641 2143 barbaro
668 2110 823 2149 tradere,
849 2110 1030 2142 seditione
1056 2109 1164 2150 facta,
1191 2111 1268 2142 eius
1294 2115 1429 2143 statuas
1446 2109 1639 2150 deficiunt,

196 2163 234 2192 et
255 2158 476 2202 praefectum
500 2157 672 2201 aggressi,
703 2157 747 2190 ad
772 2156 893 2199 ipsum
917 2155 1149 2189 mulcandum
1173 2157 1291 2200 parati
1315 2161 1435 2196 erant,
1473 2161 1510 2188 et
1531 2167 1639 2200 prae-

194 2205 352 2245 torium,
385 2206 468 2249 igne
493 2205 617 2243 illato,
651 2203 916 2243 incendissent,
948 2203 1021 2235 nisi
1047 2202 1135 2235 ordo
1161 2213 1260 2236 sacra
1294 2203 1564 2246 procurantium
1599 2208 1638 2236 et

195 2251 423 2295 magistratus
451 2251 746 2294 praevenientes,
780 2249 908 2294 populi
934 2250 1008 2282 irae
1034 2249 1258 2292 praefectum
1297 2247 1556 2282 subduxissent
1599 2254 1638 2282 et

196 2298 355 2331 furorem
384 2297 503 2342 plebis
528 2296 671 2330 blandis
703 2296 822 2329 verbis
848 2295 1161 2340 compescuissent.
1209 2294 1390 2328 Dicebant
1417 2295 1527 2335 enim,
1551 2306 1637 2328 eum

197 2355 273 2378 non
296 2356 373 2378 esse
400 2345 528 2379 horum
554 2343 729 2376 malorum
756 2353 917 2382 causam,
948 2353 1068 2386 neque
1091 2343 1346 2386 Imperatorem
1371 2343 1463 2375 male
1489 2342 1638 2374 consul-

198 2396 276 2424 tum
300 2391 436 2424 civitati
460 2391 577 2429 velle,
601 2395 667 2431 aut
684 2390 740 2423 illi
764 2389 912 2422 adversa
937 2399 1077 2432 cupere.
1128 2389 1305 2434 Oportere
1323 2399 1407 2421 sane
1422 2388 1637 2433 diligentem

199 2437 398 2471 custodiam
424 2437 578 2470 civitatis
606 2447 727 2480 agere,
763 2446 914 2480 eamque
946 2435 1166 2468 committere
1194 2435 1252 2468 cui
1285 2436 1468 2468 voluerint
1510 2445 1638 2480 quem-

201 2495 272 2530 que
300 2484 370 2518 sibi
398 2484 507 2517 fidum
532 2494 609 2516 esse
634 2483 878 2527 cognoverint.
927 2483 1054 2527 ltaque
1080 2482 1196 2515 claves
1223 2481 1379 2514 civi-tatis
1405 2493 1424 2514 a
1451 2481 1637 2525 praefecto

201 2536 434 2574 acceperunt,
472 2536 509 2563 et
541 2529 813 2573 archiepiscopo
843 2527 1083 2568 tradiderunt,
1115 2533 1190 2560 tum
1218 2539 1261 2561 ex
1285 2527 1342 2561 his
1367 2527 1519 2571 opibus,
1545 2537 1638 2572 quae

200 2576 273 2610 sibi
304 2583 380 2610 tum
417 2578 588 2621 temporis
610 2574 874 2620 suppetebant,
899 2586 1004 2619 quam
1028 2575 1339 2618 diligentissimam
1355 2579 1553 2618 potuerunt
1573 2585 1639 2606 cu-

202 2622 358 2656 stodiam
382 2623 618 2656 instituerunt
645 2628 682 2655 et
705 2623 835 2655 (lucem
861 2622 1059 2666 elegerunt.
1106 2621 1248 2655 Interea
1272 2622 1364 2654 Zeno
1390 2632 1468 2653 cum
1495 2620 1639 2653 audiret

202 2669 394 2704 imminens
418 2671 630 2713 periculum,
654 2675 691 2702 et
712 2669 864 2709 videret,
890 2669 1065 2712 optimum
1091 2679 1187 2707 esse,
1212 2667 1506 2714 quandoquidem
1530 2677 1640 2699 nemo

200 2726 362 2765 pugnare
387 2716 552 2759 volebat,
577 2714 849 2751 conditionibus
875 2720 917 2749 ut
942 2716 982 2748 in
1009 2713 1130 2748 dubiis
1155 2714 1263 2749 rebus
1294 2713 1522 2761 aequissimi·
1550 2711 1640 2747 bar-
