1924 3164
536 165 592 206 m
632 164 876 207 ECLOGAS
916 162 1310 208 oLYMmonom.
1529 144 1602 202 55
1607 167 1642 221 9

186 269 290 320 giuti
335 270 508 309 militum
541 269 667 309 Ducis
694 285 830 310 munus
857 272 1029 323 gessisset
1065 279 1140 311 ete.
1198 272 1260 310 Ex
1295 271 1442 325 quibus
1476 270 1644 325 aliisque
1681 319 1686 328 Ι

189 323 435 364 videasnon
462 332 623 363 tantum
657 326 831 378 Eunapii
870 325 1083 377 Sardiani,
1113 327 1223 380 quod
1251 327 1410 366 monuit
1437 326 1640 380 Photius‚

185 377 260 416 secl
279 381 407 418 nostri
426 381 546 419 etiam
570 380 852 433 Olympiodori
882 380 1154 420 breviatorem
1178 383 1386 421 Zosimum
1413 381 1551 420 fuisse.

299 433 401 486 Pag.
432 434 473 486 4.
503 436 549 473 B.
590 434 704 489 [448,
747 434 832 488 14.]
868 435 1162 476 Thermantiae.
1219 438 1350 476 Miror
1375 436 1562 475 omissam
1588 438 1642 476 ab

191 486 487 541 Olympiodoro
515 489 682 529 alteram
711 489 950 530 Stelichonis
974 490 1097 530 filiam
1123 493 1311 541 Mariam,
1342 493 1455 530 cuius
1482 493 1641 545 nuptias

187 555 282 581 cum
298 543 479 583 Honorio
507 545 893 598 Imp.Epithalamio
921 543 1140 586 celebravit
1156 546 1412 596 Claudianus,
1439 560 1641 601 quamque

191 611 283 635 cum
312 612 449 638 sorore
474 614 556 639 non
587 602 722 639 omisit
749 599 1010 639 Marcellinus
1038 602 1180 640 Comes
1219 603 1262 640 in
1292 602 1493 640 Chronico
1513 631 1526 651 ‚
1564 603 1641 641 sub

190 651 415 692 Consulatu
439 655 546 694 Bassi
576 663 615 694 et
632 655 836 709 Philippi:
867 654 1035 694 Stelicho
1054 657 1200 705 Comes,
1238 659 1344 695 cuius
1385 657 1487 695 duae
1496 658 1637 713 filiae,

188 706 327 746 Maria
348 717 387 747 et
410 709 678 758 Thermantia,
698 711 874 763 singulae
896 724 1039 749 uxores
1064 712 1243 751 Honorii
1265 711 1466 766 Principis
1483 714 1608 764 fuere
1625 742 1638 763 ,

186 770 348 816 utraque
366 772 501 803 tamen
527 767 640 817 virgo
664 765 847 817 dtfimcta
862 771 940 803 etc.
998 766 1034 804 T
1037 766 1284 806 hermantiae
1312 774 1482 805 mortem
1501 781 1640 806 mense

186 815 364 856 Panemo
406 820 448 858 5.
487 820 582 859 Kal.
619 822 793 872 Augusti
835 820 934 859 seria
977 820 1018 859 6.
1056 823 1327 861 renuntiatam
1372 821 1492 860 fuisse
1530 823 1639 861 Con-

187 872 445 925 stantinopoli
473 874 618 913 Indiet.
651 877 787 924 xm„
811 876 993 913 Honorio
1010 877 1064 915 X.
1093 885 1134 916 et
1160 877 1388 916 Theodosio
1407 878 1482 915 VI.
1501 877 1636 927 Coss.‚

187 925 265 964 hoc
316 936 376 967 est
424 942 531 968 anno
566 929 663 982 415.
685 961 695 980 ‚
726 938 898 971 testatur
942 929 1131 971 Chronici
1169 931 1432 971 Alexandrini
1480 931 1639 971 Auctor

188 980 446 1036 Anonymus.

299 1038 404 1091 Pag.
418 1037 460 1089 4.
476 1040 522 1078 B.
537 1038 745 1093 [448‚17.]
764 1040 947 1095 Olympii
965 1043 1221 1094 sanguinaria
1235 1042 1473 1096 immanique
1497 1055 1632 1097 opera.

187 1091 372 1132 Zosimus
413 1094 553 1133 iisdem
582 1096 624 1133 in
652 1094 760 1133 hunc
790 1097 1029 1148 Magistrum
1059 1095 1282 1135 officiorum
1308 1097 1415 1150 apud
1444 1097 1638 1136 Christia-

185 1160 260 1185 nos
288 1147 592 1188 celeberrimum
622 1157 734 1188 actus
759 1151 1006 1203 intemperiis
1028 1182 1040 1202 ‚
1067 1151 1185 1204 plura
1212 1151 1263 1190 de
1287 1166 1336 1190 eo
1367 1153 1638 1192 comminisci-

184 1207 254 1239 tur
292 1201 398 1242 libro
437 1206 579 1257 quinto
620 1219 643 1243 a
672 1219 764 1258 pag.
808 1203 903 1244 808.
967 1206 1176 1260 Olympius
1211 1206 1398 1245 oriundus
1433 1221 1460 1246 a
1508 1207 1638 1256 Ponto

186 1256 230 1294 E
230 1260 372 1309 ziz-ino,
404 1260 616 1314 splendida
635 1260 810 1314 quadam
839 1261 984 1299 milicia
1003 1262 1195 1300 Palatina
1218 1261 1399 1309 donatus,
1425 1276 1546 1316 quiem
1570 1262 1638 1301 sub

182 1314 309 1365 specie
332 1315 492 1368 pietatis
527 1315 772 1354 Christianae
808 1328 995 1367 magnam
1028 1317 1134 1354 intra
1162 1330 1201 1354 se
1241 1317 1436 1355 malitiam
1469 1325 1634 1369 tegeret,

183 1375 299 1421 atque
326 1370 520 1408 hominem
549 1384 588 1408 se
604 1371 730 1422 frugi
760 1369 957 1409 modestum
999 1385 1046 1409 ue
1088 1371 1282 1410 simulans
1317 1385 1403 1409 cum
1450 1372 1640 1426 Principe

183 1423 357 1478 colloqui
370 1425 609 1480 ‘fi-eqzoenter
645 1426 785 1463 soleret
820 1432 895 1463 etc.
958 1385 1107 1464 'gotera
1141 1439 1224 1464 non
1272 1426 1472 1472 exscribo,
1502 1440 1633 1479 neque
1643 1437 1676 1470 P.
1688 1447 1735 1482 9⁰

182 1479 290 1515 enim
319 1479 417 1517 mihi
447 1481 603 1518 animus
635 1487 694 1518 est
731 1479 945 1518 conciliare
980 1482 1143 1528 omnia,
1174 1495 1289 1534 quae-
1317 1481 1368 1519 de
1394 1480 1637 1521 Stelichonis

181 1531 305 1571 caede
351 1548 515 1586 prorsus
554 1531 833 1586 α’σύγκλειστα
875 1535 983 1589 apud
1024 1535 1339 1589 Philostorgium
1355 1565 1366 1584 ,
1412 1536 1605 1575 orosium
1622 1566 1635 1589 ,

183 1586 418 1638 Sozomen.‚
449 1589 634 1628 Marcell.
663 1589 856 1643 aliosque.

293 1643 395 1696 Pag.
428 1643 469 1694 4.
501 1646 548 1683 B.
578 1643 674 1698 [448
692 1674 703 1692 ‚
735 1643 825 1697 20.]
854 1643 1088 1684 Alariclmm
1122 1645 1345 1686 Gothorum
1374 1647 1634 1700 praesectum.

185 1697 445 1737 Marcellinus
474 1701 515 1737 in
545 1699 696 1738 Chron.
734 1699 908 1752 Olybrio
937 1707 978 1738 et
1004 1700 1141 1739 Probo
1170 1701 1282 1739 Coss.
1314 1709 1451 1740 narrat
1469 1716 1481 1740 ε
1523 1703 1584 1740 Ru
1617 1726 1637 1732 -

183 1767 275 1791 num
291 1753 509 1792 Patricium
530 1753 708 1792 Arcadio
735 1754 920 1807 Principi
951 1755 1166 1793 tendentem
1188 1756 1355 1794 insidias
1368 1786 1378 1802 ‚
1409 1755 1633 1803 Alaricum,

187 1807 403 1846 Gothorum
432 1806 559 1861 regem
579 1839 589 1856 ‚
608 1810 732 1847 missis
767 1809 824 1847 ad
855 1810 967 1847 illum
998 1811 1188 1863 pecuniis,
1213 1811 1393 1861 infestum
1424 1812 1486 1848 rei
1502 1811 1637 1864 publi-

181 1865 252 1900 cae
272 1864 448 1914 secisse,
483 1873 522 1902 et
549 1865 591 1902 in
606 1863 818 1902 Graeciam
841 1865 1003 1901 misisse.
1064 1864 1164 1902 Inde
1190 1872 1327 1916 postea
1356 1879 1380 1902 a
1418 1864 1637 1904 Stilichone

185 1918 226 1956 in
256 1917 486 1970 Illyricum,
526 1918 636 1971 quod
663 1919 842 1957 Honorio
871 1920 914 1956 in
941 1919 1157 1971 partitione
1189 1919 1348 1972 imperii
1389 1918 1635 1971 obvenerat,

184 1973 401 2023 invitatus,
432 1980 531 2012 teste
560 1974 761 2026 Prospero
780 1974 828 2011 in
855 1973 1013 2021 Fastis,
1055 1988 1148 2012 cum
1189 1974 1411 2027 Radagaiso
1438 1982 1636 2027 perruptis

183 2026 354 2080 Alpium
385 2028 568 2067 claustris
598 2029 737 2068 Italiae
763 2028 862 2067 fines
882 2028 1071 2082 pervasit.
1128 2028 1255 2067 Plura
1283 2030 1325 2067 in
1354 2030 1521 2067 eandem
1550 2044 1636 2068 rem

185 2083 356 2122 Orosius
375 2113 386 2132 ‚
416 2084 674 2132 Sozomenus,
706 2083 880 2136 aliique,
909 2083 1055 2136 quibus
1083 2083 1474 2137 iungePhilostorgii
1487 2085 1638 2124 Excer-

184 2141 253 2190 pta'
282 2152 305 2176 a
335 2138 480 2177 Iacobo
511 2139 759 2177 Gothofredo
787 2138 895 2177 edita
923 2139 1037 2177 initio
1065 2138 1160 2177 libri
1194 2154 1255 2177 12.

298 2193 401 2246 Pag.
423 2193 464 2245 4.
487 2193 534 2231 C.
558 2193 672 2247 [449‚
690 2193 754 2247 4.]
784 2193 962 2232 Honorii
992 2193 1235 2233 Placidiam.
1293 2192 1480 2232 Sororem
1507 2194 1627 2233 intel—
1636 2197 1676 2231 V.
1691 2209 1760 2232 200

185 2246 287 2299 lige,
319 2249 428 2302 quod
457 2249 498 2286 in
530 2249 684 2286 Graeco
715 2263 943 2300 expressum
964 2249 1130 2287 Latinae
1159 2248 1477 2302 interpretationi
1506 2249 1632 2289 deest.

187 2301 318 2341 Huius
345 2303 567 2356 longiorem
600 2304 707 2356 apud
737 2303 892 2342 Gothos
909 2318 1088 2353 moram,
1122 2305 1320 2357 initasque
1344 2317 1437 2342 cum
1473 2302 1638 2343 Ataull'o

185 2370 278 2409 rege
306 2361 464 2411 nuptias
492 2358 652 2398 videtur
679 2361 880 2411 ignorasse
907 2359 1196 2398 Constantinus
1224 2361 1451 2408 Manasses,
1480 2360 1550 2412 qui
1581 2361 1637 2398 sic

186 2413 294 2451 canit
321 2428 413 2466 pag.
439 2412 504 2453 51.
542 2413 725 2451 editionis
752 2415 926 2463 Regiae,
956 2428 1059 2466 quae
1085 2413 1200 2454 brevi
1231 2413 1462 2467 vulgabitur
1479 2431 1491 2455 :

298 2467 390 2507 Καὶ
418 2467 595 2507 πλοῦτον
618 2465 689 2507 τὸν
717 2467 931 2517 βασίλειον
955 2467 1181 2521 Ἀλάριχος
1209 2463 1430 2520 λαμβάνει.

299 2522 392 2562 Καὶ
419 2521 661 2562 Πλακιὸίαν
693 2518 882 2574 ἀδελφὴν
911 2516 1042 2561 οὖσαν
1067 2523 1140 2562 τοῦ
1164 2524 1370 2574 βασιλέως
1389 2554 1401 2573 ,

287 2572 410 2624 “Hm
438 2578 631 2630 φυγοῦσα
658 2575 851 2628 παρευθῦ
882 2575 956 2622 τὰς
980 2579 1129 2628 χεῖρας
1159 2578 1243 2617 τῶν
1269 2575 1494 2630 βαρβάρων

299 2631 469 2684 Σπουδῇ
496 2629 601 2684 πρὸς
630 2628 702 2670 τὸν
724 2629 923 2684 Ὁνώριον
949 2627 1022 2671 τὸν
1047 2629 1227 2686 ἀδελφὸν
1254 2633 1440 2685 ἐκτρέχει

298 2684 373 2732 Εἰς
397 2684 629 2736 ‘Pa'sssvvav
657 2682 968 2739 στεᾷῥόπυργον
996 2685 1116 2726 πόλιν
1143 2684 1487 2740 προσπεφευγότα
1501 2717 1514 2738 ,

300 2737 394 2780 Καὶ
418 2741 695 2796 Κωνσταντίῳ
724 2737 943 2793 ζεύγνυται
969 2741 1025 2796 τῷ
1053 2738 1208 2795 ταύτην
1235 2739 1447 2782 σεσωκότι.
