1924 3164
329 126 438 190 ¹360
721 150 946 194 rmum
984 127 1168 195 mnam
1207 149 1389 195 NOTAE

430 253 495 304 Ἐξ
522 247 581 295 ὧν
612 251 958 302 Οὕαλεντινιανός
978 252 1003 294 ὅ
1031 255 1120 304 νέος
1148 254 1362 310 ἇπετὲχθη

426 309 476 351 Ὁ
500 306 607 360 μετὰ
637 309 772 348 ταῦτα
801 306 1000 360 βασιλεύς
1027 304 1292 363 ἆναδειχθῑείς
1320 310 1394 364 τῆς
1414 309 1598 366 εΡοόμης.

326 366 444 416 Quae
471 366 526 404 sic
555 365 675 402 vertit
701 364 868 403 Ioannes
897 365 1193 405 Leunclavius:
1235 366 1325 405 Rex
1358 367 1543 406 Alaricus
1577 367 1761 423 Impera·-

327 422 438 460 toriis
465 420 599 473 opibus
620 420 795 472 politur,
814 428 853 457 ετ
880 419 970 473 ipsa
988 419 1245 474 Imperatoris
1269 434 1399 460 sorore
1432 421 1639 471 Placidia,
1664 436 1766 478 quae

329 489 426 514 mox
460 474 511 512 de
552 473 808 512 barbarorum
839 474 1014 512 manibus
1048 475 1205 530 elapsa,
1245 476 1421 514 celeriter
1455 477 1514 514 ad
1541 477 1764 516 Honor-iam

310 531 490 580 fratrem
519 530 558 565 se
582 529 764 575 contulit,
796 529 868 582 qai
904 529 1156 577 Ravennam,
1205 530 1336 568 urbem
1377 532 1566 570 munitam
1582 560 1595 582 ‚
1622 533 1766 586 profia-

323 591 461 636 gerat:
489 591 548 620 εει
558 590 688 621 autem
706 583 750 621 in
773 582 1068 622 matrimonium
1089 585 1279 624 collocata
1294 585 1532 636 Constantio,
1552 600 1630 640 per
1653 600 1767 642 quem

328 638 658 689 servata-ficerat,
689 637 739 676 de
753 651 831 693 quo
862 638 925 676 hic
946 638 1248 678 Valentinianus
1272 636 1416 679 Iunior·
1431 649 1660 694 procreatm
1683 649 1765 692 esc,

328 693 400 746 qui
425 691 632 731 secundum
653 692 751 745 haec
781 692 927 731 Romae
953 694 1158 747 impet-lum
1189 700 1406 733 consecutus
1417 696 1522 746 fuit.

442 747 546 799 Pag.
586 743 698 800 4‘0·
732 745 852 800 [449‚
880 746 945 800 6.]
975 746 1159 786 Attalum
1196 748 1390 788 illustrem
1416 750 1575 799 virum,
1615 748 1685 802 qui
1714 746 1767 803 ab

329 799 495 840 Alarico
533 799 594 839 ad'
612 801 820 854 imperium
848 810 1055 854 promotus
1092 810 1177 855 est,
1217 813 1313 842 vere
1347 803 1427 857 pila
1467 803 1767 856 ludibriumque

329 857 496 895 iocantis'
522 855 742 905 Fortunae,
774 856 924 906 factus,
965 857 1163 907 refectus,
1192 866 1276 896 non
1310 871 1505 897 summam
1544 865 1641 897 tunc
1680 866 1768 911 ges-

329 913 424 950 sisse
450 910 747 949 Praefecturam
762 941 774 961 ‚
803 911 872 949 sed
900 911 1012 951 urbis
1039 913 1242 955 Romanae
1267 913 1459 952 duntaxat
1496 913 1617 952 fuisse
1643 912 1769 952 Prae-

330 965 496 1017 fectum,
525 966 642 1004 docet
660 964 952 1018 Philostorgius
981 968 1023 1005 in
1034 956 1241 1021 Excerpfis
1259 967 1330 1006 lib.
1354 981 1435 1018 12.‚
1465 969 1638 1011 nemine,
1659 967 1769 1020 quod

329 1022 454 1060 sciam
471 1050 483 1068 ‚
523 1021 779 1074 refragante:
820 1016 942 1068 οὗτος
970 1020 1017 1060 δὲ
1043 1014 1141 1062 Ἴων
1168 1022 1246 1072 μὲν
1274 1016 1327 1074 ἧν
1358 1018 1402 1062 τὸ
1440 1022 1556 1074 γένος
1574 1053 1588 1073 ,
1620 1017 1768 1074 “Eunu

330 1074 381 1114 δὲ
408 1070 485 1125 τήν
510 1071 659 1125 δόξαν,
687 1074 761 1127 τῆς
789 1074 921 1127 αΰτῆς
951 1074 997 1115 δὲ
1024 1074 1182 1122 πόλεως
1205 1072 1406 1129 ἔπαρχος.
1465 1077 1646 1116 Viderint
1673 1089 1768 1129 ergo

331 1131 402 1183 qui
430 1126 615 1181 ἔπαρχον
641 1126 715 1168 καί
740 1127 1009 1183 ἑπαρχότητα
1037 1131 1290 1170 Praefectum
1319 1132 1528 1171 Praetorio
1544 1161 1557 1180 ‚
1591 1138 1631 1171 et
1656 1145 1768 1170 sum-

331 1187 439 1224 mam
466 1184 764 1223 Praefecturam
791 1179 1071 1234 ἀνεξετάστως
1096 1187 1425 1239 interpretantur.

441 1239 544 1292 Pag.
576 1237 619 1291 4.
642 1239 693 1279 C.
717 1238 832 1294 [449‚
866 1239 930 1293 8.]
962 1240 1119 1279 Sarum.
1176 1241 1239 1279 De
1267 1255 1348 1294 quo
1375 1240 1477 1280 mult
1528 1239 1770 1280 Sozomenus

330 1292 404 1333 lib.
422 1307 464 1348 9.
479 1308 643 1347 capp-9·
655 1301 694 1333 et
716 1295 780 1333 15.
798 1295 1087 1348 Philostorgius
1103 1294 1175 1333 lib.
1188 1308 1250 1334 η.
1264 1303 1466 1349 segmento
1479 1255 1520 1335 ξ.
1533 1301 1572 1334 et
1585 1297 1769 1335 Zosimus

332 1350 474 1389 Comes
502 1349 574 1388 lib.
604 1348 644 1388 6.
662 1378 674 1399 ,
727 1349 795 1402 qui
825 1350 865 1387 in
893 1349 998 1400 hoc,
1041 1356 1111 1388 aut
1139 1352 1312 1390 auctoris
1340 1351 1452 1389 obitu
1501 1357 1571 1389 aut
1612 1358 1769 1403 tempo-

332 1418 425 1443 rum
452 1405 613 1453 iniuria,
643 1403 802 1454 deficit3
833 1418 963 1457 neque
1000 1418 1097 1443 vero
1127 1407 1348 1444 auctiorem
1375 1405 1496 1444 fuisse
1512 1405 1646 1443 Photii
1665 1412 1768 1444 tem—

329 1459 658 1512 poreZosimum‚
688 1473 763 1510 par
791 1466 849 1497 est
877 1458 1052 1505 credere,
1083 1465 1129 1496 ut
1157 1459 1344 1498 discimus
1373 1474 1419 1498 ex
1438 1459 1585 1498 Codice
1605 1459 1673 1513 98.
1693 1458 1770 1498 τοῦ

330 1512 626 1565 μυριοβιβλου.
685 1513 805 1563 Quod
834 1520 967 1551 autem
994 1512 1044 1550 ad
1072 1527 1184 1551 oram
1213 1516 1446 1553 exteriorem
1462 1515 1617 1553 notavit
1636 1515 1768 1553 luter-

329 1582 439 1621 pres,
469 1567 643 1606 Asarum
671 1581 831 1620 quoque
867 1567 1110 1620 appellatum
1133 1568 1277 1618 fuisse,
1307 1569 1349 1607 id
1380 1583 1425 1608 ex
1453 1569 1671 1621 depravato
1698 1583 1770 1622 per

329 1622 527 1661 incuriam
553 1622 804 1661 dormitantis
842 1625 1092 1661 amanuensis
1132 1623 1266 1662 codice
1304 1624 1499 1676 originem
1535 1625 1682 1674 traxit3
1713 1624 1769 1663 sic

330 1679 477 1729 quippe
514 1676 724 1729 legendum
761 1677 802 1715 in
839 1677 1046 1729 Excerptis
1084 1676 1162 1715 illis
1202 1677 1445 1717 Photianis:
1490 1671 1597 1716 ἆλλὰ
1634 1674 1770 1728 Σάρος

318 1729 495 1798 νΤότθος
535 1728 610 1770 καί
637 1725 766 1778 αὐτὸς
804 1727 1008 1785 διάφορος
1047 1723 1105 1773 ὢν
1145 1730 1399 1787 ’Λλαρίχῳ,
1437 1746 1519 1771 non
1554 1746 1651 1785 vero
1679 1730 1769 1772 ἀλλ’

339 1787 440 1826 Aua
471 1798 528 1831 ος.
771 1823 774 1827 .

441 1800 544 1892 {aag-
564 1840 606 1890 4.
625 1840 680 1880 D.
703 1840 818 1896 [449‚
857 1839 937 1894 16.]
981 1840 1227 1880 Centenarios
1263 1840 1527 1896 quadraginta
1563 1854 1652 1879 acce
1668 1842 1768 1891 >isse.

332 1894 438 1934 Hinc
466 1901 623 1934 tantum
649 1897 844 1950 incipiunt
871 1896 1151 1950 Olympiodori
1169 1895 1342 1949 Eclogae
1358 1897 1615 1942 inRomanae
1672 1898 1769 1936 isto-

329 1951 414 1989 riae
438 1956 548 1989 tomo
578 1952 617 1990 3.
649 1951 833 1990 editionis
865 1951 1167 2004 Sylburgianae.
1577 1984 1581 1988 .

440 2005 543 2057 Pag.
559 2003 663 2056 4.D.
687 2005 802 2060 [449‚
825 2005 909 2059 19.]
926 2005 1179 2058 Καισαρίνα.
1207 2002 1472 2044 scribendum
1501 2000 1574 2044 καί
1587 2001 1767 2057 Σερῆνα,

331 2058 382 2098 de
410 2061 522 2098 euius
555 2067 594 2099 et
620 2061 810 2100 Eucherii
840 2060 911 2100 filii
941 2067 1095 2111 morte,
1124 2074 1197 2099 nec
1225 2075 1307 2099 non
1342 2060 1393 2098 de
1424 2061 1574 2098 Romae
1609 2060 1767 2112 gemina

329 2114 562 2162 obsidione,
609 2123 648 2154 et
689 2130 784 2168 prae
824 2115 989 2154 immani
1029 2115 1134 2153 fame
1174 2113 1461 2170 α’λληλοφαγίᾳ
1496 2113 1636 2166 plenae
1674 2122 1768 2154 sunt

330 2169 624 2209 Historicorum
663 2173 846 2224 paginae.
904 2171 1014 2209 Inter
1050 2177 1201 2208 ceteros
1229 2170 1411 2208 Zosimus
1454 2169 1573 2207 refert
1605 2170 1648 2207 in
1677 2170 1768 2208 Cir-

328 2224 511 2262 censibus
538 2223 659 2275 ludis,
690 2225 826 2264 Attalo
854 2233 941 2265 tum
970 2223 1154 2275 absente,
1182 2224 1467 2263 succlamatum
1494 2223 1638 2262 filisse:
1672 2224 1766 2264 Pre-

324 2279 422 2317 tium
447 2292 551 2331 pone
571 2281 687 2319 carni
709 2282 918 2319 humanae.

435 2333 540 2385 Pag.
555 2333 596 2385 4.
611 2336 665 2374 D.
698 2334 813 2388 [449‚
838 2333 929 2388 23]
941 2333 1179 2372 Buccellarii
1203 2332 1446 2373 vocabulum.
1475 2331 1537 2370 De
1557 2331 1763 2384 buccellis,

325 2386 547 2426 buccellato
576 2397 614 2427 et
641 2389 890 2428 buccellariis
919 2396 1076 2442 praeter
1103 2388 1270 2427 Adriani
1298 2387 1476 2427 Turnebi
1505 2387 1731 2426 adversaria
1745 2414 1760 2436 ,

327 2449 368 2480 et
394 2441 549 2480 Nicolai
577 2444 737 2495 Rigaltii
764 2445 818 2483 V.
849 2444 894 2482 C.
927 2443 1102 2483 Glossar.
1134 2444 1341 2482 Tacticum
1360 2471 1372 2493 ‚
1401 2455 1504 2495 quae
1536 2443 1708 2480 citantur
1737 2455 1762 2480 a

326 2496 378 2535 P.
408 2495 571 2535 Andrea
583 2498 770 2546 Schosto,
802 2498 964 2538 consule
990 2499 1042 2537 sis
1061 2498 1282 2548 Cuiacium‚
1302 2498 1620 2549 iurisperitorum
1647 2496 1761 2548 prin-

326 2551 468 2604 cipem,
490 2558 531 2590 et
557 2553 795 2606 Dionysium
823 2552 1115 2592 Gothofredum
1142 2553 1277 2591 multis
1295 2551 1407 2601 loeis,
1437 2552 1761 2590 Bonaventuram

327 2606 570 2646 Vulcanium
600 2607 640 2644 in
678 2609 782 2646 notis
809 2608 860 2646 ad
888 2608 1084 2646 Themata
1113 2607 1540 2660 Porphyrogennetae,
1576 2605 1758 2644 Glossar.

225 2660 525 2710 P.91Meu1·sii‚
571 2661 770 2700 Heriberti
799 2662 1001 2716 Rosueydi
1042 2663 1326 2700 Onomasticon
1350 2660 1402 2698 ad
1440 2661 1541 2699 vitas
1571 2660 1756 2709 Patrum‚

324 2715 465 2756 Claud.
481 2715 718 2758 Salmasium
745 2717 786 2756 in
807 2716 916 2757 Notis
945 2716 995 2756 ad
1036 2723 1217 2755 auctores
1245 2715 1339 2755 hist.
1361 2713 1758 2770 Augusthoannem
