1924 3164
320 164 395 231 84
891 177 1170 221 EXCERPTA.

317 284 656 338 λυπραγμονοῦσι
708 283 973 334 συμμαθεῖν·
1039 279 1089 321 τοὶ
1147 276 1226 334 γάρ
1275 276 1610 332 ἀπαγγελλόμενα
1658 278 1757 330 παρ’

318 345 509 399 ἑκάστου,
539 346 692 397 πολλὰς
719 345 792 387 καί
815 343 1111 401 πολυμόρφους
1137 343 1213 394 τοὶς
1242 341 1452 399 διαφοράς
1479 340 1623 395 ἔχοντα
1641 375 1654 395 ‚
1681 340 1758 393 μό-

319 430 395 469 νην
423 412 500 468 τὴν
528 411 731 467 ἀλήθειαν
761 407 900 467 ὥσπερ
929 409 1023 452 τινὰ
1051 408 1272 466 θησαυρὸν
1312 405 1553 464 ιῖπόρᾇτον
1581 407 1630 449 οὔ
1677 409 1760 449 διε-

199 477 483 534 Β.28ογύμνου
512 477 586 519 καί
616 476 915 518 οἶπεκάλυπτεν.
971 472 1108 532 ὥσπερ
1140 470 1214 517 οὖν
1240 479 1326 523 τοῖς
1355 473 1569 530 γράφουσι
1595 471 1668 522 τὰς
1698 472 1758 513 εἶ-

317 543 440 591 κόνας
474 541 545 583 καί
581 539 626 582 τὸ
669 543 792 584 δοθὲν
836 541 1103 596 παράδειγμα
1147 540 1527 595 χαρακτηρίζουσιν
1564 534 1787 594 ἐπιτείνεὶᾄ

317 607 392 663 τὴν
419 608 517 662 περὶ
551 604 774 662 πρόσωπον
820 604 1040 662 ὁμοιότητα
1077 605 1208 661 μικροί
1235 622 1326 648 τινα
1366 607 1450 647 τῶν
1477 601 1757 656 ὑποκειμένων

318 669 567 725 συμβόλων,
596 672 670 712 καί
708 671 733 727 ἦ
776 669 895 728 ῥυτὶς
926 672 999 713 ἑπί
1035 673 1111 714 τοῦ
1152 671 1344 726 μετώπου
1383 667 1761 727 διακεχαραγμένη,4

317 732 347 792 ἦ
385 752 446 785 τις
483 735 620 785 {bv-309
648 739 970 792 παρανατέλλων
1015 736 1129 793 παρὰ
1172 735 1216 778 τὸ
1250 738 1434 790 γένεεον,
1475 731 1504 790 ἢ
1527 734 1689 776 τοιοῦτό
1717 749 1758 775 τι

316 799 470 856 μικρὸν
498 803 570 851 καί
596 804 939 857 παρημελημένον
973 803 1059 844 τῶν
1082 801 1184 844 κατὰ
1212 801 1286 856 τὴν
1317 796 1437 855 ὄψιν,
1485 796 1509 840 ὃ
1536 800 1757 856 παροφθὲν

316 867 397 919 μὲν
425 861 508 920 οὖχ
541 866 781 923 ὑπογράφει
822 865 869 909 τὸ
900 864 1037 921 εἶδος,
1083 864 1320 923 ἆκριβωθὲν
1357 868 1404 910 δὲ
1453 866 1578 920 μόνον
1619 863 1814 922 αἴτιονῐρ,

317 932 393 985 τῆς
422 930 666 986 ὁμοιότητος
693 933 873 987 γίνεται,
906 930 1040 991 οὕτως
1068 931 1202 984 ἔξεστι
1228 931 1300 975 καί
1324 932 1397 974 ἐπὶ
1424 932 1549 973 τοῦδε
1575 931 1651 973 τοῦ
1677 932 1758 983 βα-

317 998 467 1048 σιλέως
511 997 820 1052 συλλαμβάνειν
852 994 937 1047 οἷός
962 1014 1025 1048 τις
1051 995 1122 1055 ἢν,
1150 999 1238 1048 νέος
1262 1014 1306 1041 τε
1334 993 1393 1040 ὢν
1421 994 1495 1038 καῖ
1519 997 1564 1037 ἐν
1590 995 1762 1052 ἐξουσίᾳ,

316 1064 513 1120 βασιλικῇ
547 1065 725 1118 τραφείς
767 1065 813 1105 ἐκ
863 1061 1038 1117 παιδὸς,
1089 1065 1163 1106 καί
1195 1062 1256 1119 μή
1290 1060 1547 1117 μεμαθηκώς
1585 1057 1671 1104 οἷον
1705 1057 1791 1123 τὰρ-

317 1121 462 1182 ἄρχειν
498 1127 570 1169 καί
609 1125 696 1171 οἷον
723 1127 770 1170 τὸ
801 1127 1058 1185 ἀρχόμενον·
1110 1131 1235 1172 τοῦτο
1261 1127 1338 1185 γὰρ
1366 1125 1552 1182 μάλιστα
1581 1125 1758 1182 διαφαίή

315 1207 378 1233 νει
406 1190 452 1233 τὸ
496 1195 569 1247 τῆς
595 1192 762 1250 φύσεως
787 1195 989 1249 μέγεθος,
1036 1191 1145 1237 ὅταν
1168 1192 1244 1250 τήν
1284 1197 1561 1251 προτεθεῖσαν
1588 1188 1809 1254 οἷγωγὴνῐᾷ

316 1258 391 1299 καί
430 1258 660 1313 συνήθειαν
706 1259 733 1315 ἦ
767 1259 896 1316 φύσις
934 1259 1007 1301 ἐπὶ
1033 1259 1078 1302 τὸ
1112 1266 1294 1317 κρεῖττον
1325 1260 1457 1316 ἐξώσῃ
1497 1256 1571 1299 καὶ
1605 1257 1756 1311 βιάση-

313 1338 408 1364 ται.
438 1320 576 1373 ἔξεστι
612 1325 659 1366 δὲ
687 1328 844 1378 μαθεῖν
873 1328 919 1368 ἐκ
958 1327 1040 1368 τῶν
1067 1326 1347 1380 ὑποκειμένων
1385 1321 1754 1380 παραδειγμάτων,

315 1388 376 1436 εἶς
416 1386 446 1429 εἳ
497 1389 818 1444 συνωμολόγουν
855 1388 1037 1440 ἅπαντες
1071 1394 1146 1433 καί
1184 1389 1393 1446 ἀντέλεγεν
1437 1386 1536 1432 οὐδὲ
1574 1385 1634 1437 εἷς
1671 1389 1757 1432 ταῖν.

314 1453 448 1506 λέγειν
480 1456 808 1507 συνειθισμένων
837 1457 911 1498 καί
935 1455 1009 1500 τὸν
1030 1455 1168 1499 κοινὸν
1199 1458 1422 1513 φλήναφον
1444 1451 1704 1510 4ἠσκηκότων.

135 1511 306 1594 tay?
423 1515 512 1571 μθᾍ
558 1515 647 1561 Ὅτι
684 1521 757 1562 ἐπὶ
794 1522 1021 1563 Θεοδοσίου
1070 1524 1149 1563 τοῦ
1205 1520 1409 1575 Μαξίμου
1452 1516 1808 1567 στασιάσανῖθςθῡ

120 1583 390 1640 Theod.10’‘0“'
414 1582 642 1638 βαρβάρων
675 1583 779 1627 κατὰ
809 1586 1029 1638 Ῥωμαίων
1066 1584 1478 1642 ἐκστρατευσάντων,
1530 1581 1651 1640 φήμη
1678 1599 1756 1624 κα-

138 1651 228 1686 Cod.
243 1654 309 1688 320
322 1649 443 1702 τέσχε
470 1646 570 1698 τούς
599 1648 857 1706 βαρβάρους,
885 1651 942 1700 ὥς
969 1651 1008 1693 οἱ
1041 1652 1245 1705 Ῥωμαῖοι
1268 1648 1444 1707 στρατὸν
1472 1646 1536 1691 ὅτι
1563 1651 1754 1690 πλεῖστον

410 1760 438 1783 1.
463 1748 769 1796 ἐπαγγελλόμενα
794 1749 849 1784 ed.
952 1763 1006 1787 21.
1032 1753 1232 1797 κατέσχετο
1258 1751 1314 1785 ed.

311 1849 430 1872 mores
460 1844 592 1881 autem,
619 1850 709 1885 quos
741 1840 953 1885 singillatim
982 1841 1147 1875 homines
1173 1846 1320 1882 serunt,
1344 1841 1373 1874 ii
1399 1851 1511 1886 quum
1535 1840 1634 1874 varie
1657 1840 1754 1874 mul-

310 1889 463 1930 tumque
487 1886 583 1919 inter
607 1897 645 1919 se
670 1885 849 1928 differant,
876 1887 1076 1932 simplicem
1098 1889 1288 1922 veritatem
1312 1899 1376 1922 ceu
1401 1887 1611 1921 thesaurum
1636 1880 1753 1932 quenss

313 1930 393 1964 dam
418 1942 586 1965 arcanum
610 1943 730 1978 neque
741 1933 882 1967 nudant
903 1945 1022 1980 neque
1047 1935 1220 1968 revelant.
1270 1935 1385 1968 Sicuti
1406 1944 1491 1966 vero
1510 1933 1652 1981 accidit,
1671 1943 1752 1966 cum

311 1977 444 2023 aliquis
468 1978 590 2012 iconas
614 1979 734 2024 pingit
756 1980 1054 2027 propositumque
1079 1980 1299 2026 archetypon
1325 1982 1525 2026 exprimere
1551 1979 1686 2020 studet,
1709 1985 1752 2013 ut

311 2024 420 2057 faciei
449 2024 726 2058 similitudinem
750 2036 881 2069 parvae
908 2027 1086 2072 quaedam
1110 2038 1165 2060 res
1191 2028 1356 2061 obiectae
1380 2027 1595 2064 conficiant,
1618 2036 1750 2070 nempe

310 2071 370 2104 vel
394 2070 544 2114 insignis
570 2071 609 2103 in
639 2071 760 2104 fronte
785 2083 895 2117 ruga,
918 2074 978 2107 vel
1000 2074 1207 2118 prominens
1234 2075 1271 2106 in
1294 2071 1406 2107 barba
1429 2073 1525 2118 pilus
1540 2098 1549 2114 ,
1573 2071 1632 2105 vel
1648 2071 1752 2106 aliud

312 2115 506 2157 eiusmodi,
522 2117 620 2162 quod
633 2119 845 2164 ceteroquin
869 2120 909 2152 in
933 2121 1025 2153 facie
1038 2121 1171 2166 negligi
1195 2120 1309 2160 solet3
1338 2118 1377 2151 id
1402 2118 1564 2164 inquam,
1587 2119 1618 2151 si
1642 2128 1749 2163 prae·

311 2162 555 2204 termittatur,
587 2164 703 2207 imago
729 2174 804 2197 non
829 2166 870 2198 fit
894 2166 1054 2209 iconica3
1094 2167 1149 2200 sin
1173 2171 1336 2199 accurate
1362 2163 1592 2205 observetur,
1625 2164 1684 2197 vel
1707 2162 1750 2197 id

311 2207 429 2240 solum
453 2209 566 2241 faciei·
584 2209 861 2244 similitudinem
887 2215 1048 2246 effectam
1074 2212 1198 2246 dabit:
1231 2212 1282 2245 sic
1306 2213 1416 2246 etiam
1440 2212 1623 2256 quodnam
1647 2210 1750 2256 prin-

311 2254 404 2297 cipis
432 2253 540 2287 huius
564 2255 750 2299 ingenium
774 2258 898 2299 fuerit,
921 2259 1136 2293 coniecturis
1162 2258 1310 2304 adsequi
1345 2269 1436 2303 opus
1463 2259 1552 2298 erit,
1578 2257 1640 2303 qui
1662 2267 1748 2290 sane

312 2304 350 2332 et
374 2300 538 2341 iuvenis,
575 2303 675 2335 etin
707 2305 805 2347 regia
834 2303 1011 2348 dignitate
1043 2316 1063 2337 a
1094 2305 1250 2349 pueritia
1289 2303 1460 2337 educatus
1497 2303 1588 2346 fuit,
1627 2313 1747 2349 neque

310 2345 487 2389 regnandi
533 2352 647 2380 artem
685 2359 806 2395 neque
841 2350 1039 2384 obediendi
1082 2356 1238 2385 noverat.
1286 2350 1329 2383 Id
1362 2350 1459 2383 enim
1494 2350 1554 2384 vel
1591 2353 1749 2382 maxime

311 2396 462 2425 naturae
503 2395 760 2436 praestantiam
800 2395 981 2430 declarare
1015 2398 1130 2438 solet,
1163 2398 1194 2429 si
1217 2397 1299 2442 quis
1333 2397 1505 2430 nimirum
1531 2405 1550 2427 e
1573 2400 1746 2442 consueto

313 2438 566 2482 communique
606 2450 704 2473 more
740 2442 779 2474 in
821 2442 950 2476 melius
988 2443 1163 2488 quiddam
1202 2445 1237 2476 vi
1271 2454 1335 2476 sua
1373 2441 1611 2487 progreditur.
1659 2442 1746 2476 Rem

311 2493 420 2529 porro
448 2494 467 2515 e
493 2484 665 2518 subiectis
697 2489 873 2532 exemplis
903 2500 1114 2534 cognoscere
1137 2489 1287 2530 licebit,
1313 2498 1405 2535 quae
1433 2488 1553 2521 cuncti
1578 2489 1746 2522 fateban-

312 2534 390 2570 tur,
414 2531 560 2562 nemine
588 2532 873 2576 contradicente3
910 2537 1078 2578 nemine,
1109 2537 1269 2582 inquam,
1291 2536 1350 2570 vel
1372 2545 1416 2568 ex
1450 2533 1507 2575 iis,
1531 2534 1595 2580 qui
1618 2535 1744 2580 publi-

313 2584 355 2609 ce
381 2575 542 2620 nugandi
564 2587 701 2610 morem
725 2589 812 2623 prae
835 2590 873 2612 se
900 2581 1079 2616 serebant.

407 2623 461 2667 49.
510 2621 717 2656 Theodosio
747 2624 947 2669 imperante
966 2653 975 2668 ‚
997 2640 1109 2674 quum
1133 2627 1313 2661 Maximus
1333 2626 1548 2668 rebellaret,
1572 2632 1609 2660 et
1638 2638 1744 2672 prae-

313 2673 413 2701 terea
441 2667 587 2702 barbari
618 2668 793 2703 Romanos
821 2671 920 2706 bello
948 2678 1183 2719 appeterent,
1223 2673 1317 2707 fama
1348 2673 1443 2706 inter
1467 2673 1639 2708 Barbaros
1670 2684 1743 2707 ma-

313 2714 444 2756 nabat,
481 2714 580 2761 quod
611 2725 736 2760 reapse
768 2718 918 2753 Romani
957 2720 1121 2765 ingentes
1153 2719 1274 2766 copias
1306 2718 1573 2757 contraherent.
1619 2719 1742 2766 Quare

1896 1988 1924 3164 mfffiflfflffime—mh
1915 1955 1924 1974 r„
1919 1891 1924 1909 --
1920 1861 1924 1879 ..
1922 1827 1924 1831 .
1922 1813 1924 1817 .
