1924 3164
303 185 413 245 268
570 203 851 246 EXCERPTA
886 205 923 244 E
962 203 1166 246 MALcm
1207 206 1480 250 HISTORIA.

121 309 291 355 A.C.479
303 300 430 360 ἦλθον
467 303 507 348 οἶ
549 308 772 362 πρέσβεις,
812 307 1002 346 τίθενται
1041 303 1118 360 τὴν
1160 307 1324 367 εἰρήνην
1351 310 1417 364 ἐφ’
1447 303 1479 367 ᾧ
1499 323 1548 351 «τε
1574 306 1746 365 μυριῦιξ

178 357 377 423 halatu&
401 371 474 413 καί
501 371 749 427 τρισχιλίοις
772 369 1006 426 -οἷνδράσιν,
1037 368 1100 422 οἷς
1126 374 1246 414 θέλοι
1277 373 1534 430 Θευδέριχος
1549 395 1561 427 ,·
1589 373 1743 417 συντά-

301 442 384 489 ξεις
410 453 453 479 τε
479 438 553 478 καί
575 433 734 491 τροφήν
757 441 951 492 χορηγεῖν
979 439 1171 490 βασιλέα,
1200 439 1317 481 δυοῖν
1345 440 1392 480 δὲ
1422 436 1547 480 αὐτὸν
1567 443 1742 494 σχολαῖν

302 499 614 557 προβάλλεσθαι
640 494 839 556 ἄρχοντα,
868 503 1092 556 α’πολαβεῖν
1119 505 1167 545 δὲ
1195 504 1328 546 αὐτοῦ
1354 503 1432 559 τὴν
1461 501 1744 559 οὖσίοιν,»ὁ’σην

264 565 506 621 Βηρότερον
535 563 667 621 εἶχεν,
713 570 857 621 λαβεῖν
895 569 944 610 δὲ
976 566 1051 623 τὴν
1078 564 1226 625 ἑτέραν
1254 571 1338 612 τῶν
1380 567 1457 611 δύο
1487 568 1770 625 στρατηγιῶνό

299 634 381 674 τῶν
407 630 505 686 περὶ
529 634 730 685 βασιλέα,
760 635 832 675 καί
858 631 972 688 ἔχειν
998 632 1075 683 τοὶς
1103 634 1238 687 οἷξίας,
1267 636 1327 684 εἷς
1356 631 1408 684 ἃς
1446 629 1527 690 ἤδη
1564 636 1745 689 προῆκτο

234 730 237 735 ,
300 695 383 738 ὑπὸ
404 698 479 739 τοῦ
505 698 779 741 Βασιλίσκου.
836 701 936 756 περὶ
961 701 1010 742 δὲ
1037 701 1122 743 τῶν
1155 703 1384 756 κηδεστῶν,
1412 701 1454 741 εἰ
1478 701 1555 753 μὲν
1582 698 1746 742 ἐτελεύ-

299 778 452 816 τησαν,
492 762 550 812 ὥς
587 761 723 818 ἔλεγεν
762 763 786 806 ὅ
816 763 997 819 Ζήνων,
1038 767 1171 821 μηδὲν
1200 762 1311 808 εἶναι’
1337 765 1376 808 οῖ
1403 768 1600 822 πρᾶγμα·
1639 765 1748 806 εἰδὲ

302 829 431 881 ζῶσι,
460 827 663 882 λαβόντας
687 827 816 886 ἥνπερ
845 827 959 885 εἶχον
997 831 1169 884 οὕσιάν,
1196 833 1322 874 οἰκεῖν
1359 831 1505 885 πόλιν,
1533 830 1585 886 ἣν
1620 829 1750 880 αὐτὸς

302 891 544 946 δοκιμάσειε
563 895 724 950 Ζήνων.
758 897 892 938 ταῦτα
925 894 982 945 ὥς
1009 898 1215 950 συνέδοξε,
1245 897 1414 947 παύσας
1439 895 1513 939 τὸν
1539 894 1802 950 Βαλαμὴ-ιο

302 973 379 1014 ρου
418 962 493 1014 τῆς
531 961 669 1016 α’ρχῆς
699 962 722 1003 ὅ
751 960 952 1016 βασιλεῦς
979 960 1209 1018 στρατηγὸν
1240 962 1330 1005 ἀντ’
1357 963 1513 1005 ἐκείνου
1546 963 1748 1016 Θευδέρι-

299 1039 380 1078 χον
406 1031 615 1080 ποιεῖται,
644 1026 717 1069 καὶ
741 1025 945 1084 χρήματα
973 1026 1179 1082 ἔπεμψεν,
1226 1023 1306 1070 ὅσα
1346 1025 1432 1070 ἔδει
1472 1022 1625 1070 αὗτίκα
1653 1027 1748 1069 δια-

302 1097 445 1144 νεῖμαι
472 1097 559 1141 τοῖς
590 1095 631 1136 Γ
629 1094 786 1143 ότθοις.

125 403 256 437 Zenon.
267 406 290 439 6

395 1188 430 1222 6.
455 1188 647 1236 προσῆκτο
672 1190 767 1236 vulg.

301 1281 422 1320 trare,
446 1283 569 1313 tamen
593 1280 745 1315 moleste
770 1281 887 1323 ferre,
915 1279 1014 1327 quod
1037 1280 1178 1315 videret
1209 1280 1380 1326 agricolas
1407 1279 1471 1314 —ob
1505 1279 1652 1314 illorum
1683 1276 1748 1314 de-

301 1327 473 1359 mentiam
496 1327 608 1371 plecti
633 1333 670 1361 et
693 1339 828 1373 poenas
854 1327 961 1368 dare,
987 1338 1077 1374 quos
1104 1327 1144 1360 in
1169 1338 1342 1361 summam
1366 1325 1608 1360 calamitatem
1631 1326 1748 1371 redigi

300 1371 398 1405 nihil
420 1375 552 1407 morari
569 1374 747 1407 Zenonem
771 1380 834 1409 aut
849 1374 1033 1408 Verinam.
1083 1374 1131 1406 Ut
1154 1383 1239 1408 vero
1265 1373 1372 1418 legati
1397 1378 1598 1414 venerunt,
1621 1376 1748 1418 pacem

300 1419 488 1453 fecerunt:
513 1424 556 1453 ut
577 1420 752 1454 tredecim
776 1421 963 1465 hominum
989 1420 1153 1454 millibus
1169 1446 1180 1461 ,
1206 1432 1296 1466 quos
1322 1419 1598 1453 Theuderichus
1622 1420 1748 1460 vellet,

301 1466 501 1509 Imperator
537 1467 721 1511 stipendia
765 1474 803 1502 et
837 1472 1056 1500 commeatus
1082 1467 1292 1511 praeberet:
1341 1466 1482 1500 duabus
1509 1465 1643 1499 scholis
1667 1466 1746 1511 ipse

301 1512 376 1545 dux
406 1513 684 1557 praeficeretur:
719 1519 761 1547 ut
799 1524 922 1547 omnes
952 1513 1166 1554 facultates,
1202 1525 1290 1559 quas
1319 1514 1420 1558 prius
1452 1512 1650 1553 habuerat,
1688 1511 1746 1545 illi

300 1559 602 1602 restituerentur3
628 1565 665 1594 et
688 1565 730 1593 ut
754 1561 906 1594 alterum
932 1571 977 1593 ex
1008 1560 1151 1593 duobus
1180 1560 1422 1599 exercitibus,
1459 1560 1524 1604 qui
1557 1559 1649 1592 circa
1674 1559 1748 1592 Im·
1777 1583 1781 1589 .

299 1611 503 1651 peratorem
527 1613 630 1647 sunt,
654 1607 859 1651 acciperet,
885 1611 922 1640 et
946 1606 1092 1647 easdem
1117 1606 1312 1650 dignitates
1330 1632 1339 1647 ‚
1362 1616 1451 1651 quas
1480 1604 1546 1639 sub
1571 1605 1745 1641 Basilisco

300 1651 535 1692 obtinuerat,
558 1659 801 1697 recuperaret.
848 1654 903 1686 De
928 1653 1115 1693 affinibus,
1140 1653 1170 1685 si
1194 1654 1328 1686 mortui
1351 1657 1491 1693 essent,
1517 1652 1658 1685 utZeno
1683 1651 1745 1685 di-

299 1703 420 1738 ceret,
442 1698 544 1732 nihil
565 1701 720 1744 amplius
745 1700 884 1745 negotii
909 1711 1012 1743 esse3
1039 1699 1069 1731 si
1095 1700 1305 1744 superstites
1321 1725 1331 1740 ,
1359 1698 1479 1732 omnia
1502 1698 1619 1738 bona,
1649 1707 1750 1743 quae

300 1756 426 1779 eorum
461 1746 637 1790 fuissent,
674 1759 735 1780 eos
761 1751 1055 1792 recuperaturos,
1089 1750 1127 1778 et
1159 1756 1238 1779 eam
1272 1746 1479 1783 civitatem,
1516 1756 1624 1791 quam
1651 1745 1744 1778 Zeno

303 1790 498 1825 arbitratus
521 1793 651 1833 fuerit,
676 1792 904 1827 habitaturos
922 1803 1008 1826 esse.
1038 1793 1135 1825 Haec
1158 1792 1223 1826 ubi
1247 1796 1421 1826 conventa
1446 1796 1556 1832 sunt,
1587 1792 1748 1835 Impera-

302 1843 380 1878 tor,
403 1837 574 1884 abrogato
600 1839 855 1873 Theudericho
874 1864 885 1881 ,
921 1838 997 1872 filio
1023 1838 1196 1872 Valamiri
1212 1864 1222 1881 ,
1253 1839 1465 1882 magistratu
1484 1863 1495 1879 ‚
1520 1837 1559 1870 in
1584 1838 1662 1871 eius
1687 1837 1746 1871 lo-

303 1882 390 1917 cum'
421 1886 561 1918 suffecit
573 1885 889 1926 Theuderichum,
916 1885 1050 1919 Triarii
1068 1885 1196 1919 filium.
1241 1885 1288 1920 Et
1309 1885 1482 1931 pecunias
1506 1883 1630 1927 misit,
1651 1894 1748 1930 quae

304 1930 495 1976 confestim
518 1930 704 1967 debebant
727 1932 899 1968 distribui
923 1931 1064 1966 Gothis.
