1924 3164
598 181 632 219 E
667 176 839 237 pmsm
877 151 1145 218 ms‘romA.
1468 149 1570 217 143

154 276 395 334 ἅπαγωγὴν.
448 273 603 319 τούτων
629 278 713 318 ’τῶν
740 274 975 325 συντάξεων
998 271 1072 314 καί
1095 272 1178 314 τῶν
1203 269 1432 326 χρημάτων
1457 268 1674 323 πέρι,Δ-4’..
1691 268 1759 313 447

1588 315 1664 349 lud.
1683 319 1723 349 15

155 342 261 398 ἅπερ
290 342 375 385 ἔδει
401 348 483 392 τοῖς
525 337 695 390 Οῧννοις
733 341 1046 393 ἐκπέμπεσθαι,
1096 337 1382 392 συνεισφέρειν
1420 332 1769 406 πάνταςἸῚωοά.40

153 409 359 464 ἠνάγκασε
376 443 389 462 ,
419 406 580 461 δασμὸν
604 408 970 461 εἰσπραττομένους
996 402 1180 452 καὶτοὺς
1206 400 1311 444 κατὰ
1339 399 1492 455 χρόνον
1509 417 1571 441 τι-
1588 410 1614 442 Β

153 473 206 516 νά
235 473 310 530 τήν
335 470 573 530 βαρυτάτην
600 471 905 527 κουφισθέντας
933 471 1007 524 τῆς
1032 473 1106 524 γῆς
1134 467 1382 523 ἀποτίμησιν
1409 465 1488 508 εἴτε
1514 466 1580 506 δι-

126 541 315 585 5καστῶν
343 539 476 595 κρίσει
494 570 507 593 ‚
537 535 619 579 εἴτε
645 537 854 590 βασιλέων
893 535 1160 591 φιλοτιμίαις.
1214 533 1506 588 συνεισέφερον
1533 531 1580 573 δὲ

155 602 280 660 ῥητὸν
304 604 482 660 χρυσῶν
518 605 591 644 καί
615 601 655 644 οἱ
692 603 738 643 ἐν
779 603 829 656 τῇ
856 601 1054 658 γερουσίᾳ
1082 600 1440 654 ἀναγεγραμμένοι
1468 595 1575 652 ὑπὲρ

151 672 274 727 σφῶν
311 670 455 712 αὐταῖν
496 665 630 719 οἷξίας.
682 665 756 708 καὶ
788 661 840 723 ἦν
878 670 1044 714 πολλοῖς
1079 662 1105 719 ἦ
1146 662 1317 720 λαμπρὰ
1350 661 1457 717 τύχη
1484 663 1578 716 βίου

151 735 380 790 μεταβολή·
433 733 728 790 ἐσεπράττοντο
764 730 841 788 γάρ
881 730 986 785 μετά
1019 732 1222 783 αἰκισμῶν
1269 726 1374 783 ἅπερ
1413 727 1581 769 ἕκαστον

153 801 447 855 ἀπεγράψαντο
476 798 515 841 οῖ
541 799 657 854 παρά
676 800 881 852 βασιλέως
920 799 1043 839 τοῦτο
1069 801 1204 838 ποιεῖν
1245 795 1579 847 ἐπιτεταγμένοι,

102 862 259 912 ιοαῗστε
275 864 348 907 τὸν
364 864 518 918 κόσμον
531 867 616 909 τῶν
625 864 831 918 γυναικῶν
848 862 921 905 καὶ
937 861 989 904 τὰ
1005 860 1158 903 ἔπιπλα
1174 859 1275 908 τοὺς
1288 858 1418 901 πάλαι
1437 856 1582 899 εὕδαί-

149 947 280 985 μονας
305 932 548 987 προτιθέναι
575 931 620 973 ἐν
645 931 789 987 ἀγορᾷ.
840 931 962 971 τοῦτο
987 929 1066 981 μὲν
1091 925 1198 980 μετά
1225 923 1294 967 τὸν
1323 922 1504 977 πόλεμον
1529 920 1580 963 τὸ

149 995 276 1039 κακόν
297 997 529 1050 Ῥωμαίους
551 997 744 1047 ἐδέξατο,
789 991 897 1036 αῗστε
931 991 1109 1042 πολλοὺς
1145 988 1175 1046 ἢ
1212 987 1615 1044 άποκαρτερῆσαν-(ἶ

148 1078 225 1111 τας
259 1058 287 1116 ἢ
327 1060 483 1116 βρόχον
511 1061 757 1114 ἁψαμένους
800 1058 875 1100 τὸν
911 1059 1004 1112 βίον
1044 1060 1278 1098 α’πολιπεῖν.
1329 1055 1422 1097 τότε
1450 1054 1500 1108 δὴ
1533 1054 1581 1094 ἐκ

148 1129 225 1168 τοῦ
252 1128 512 1182 παραχρῆμα
539 1128 622 1168 τῶν
649 1125 879 1179 θησαυρῶν
903 1124 1237 1176 ἐξαντληθέντων
1254 1151 1268 1173 ,
1295 1118 1403 1173 τό,τε
1427 1119 1582 1174 χρυσί-

101 1196 198 1236 15ov
225 1192 298 1234 καί
325 1191 362 1234 οἱ
390 1191 574 1247 φυγάδες
601 1193 840 1243 ἐπέμποντο,
869 1187 1025 1230 Σκόπα
1051 1188 1122 1229 ἐπὶ
1143 1185 1298 1240 ταύτην
1325 1183 1403 1238 τὴν
1427 1185 1580 1238 πρᾶξιν

149 1253 405 1314 ἀφιγμένου·
455 1252 514 1298 ὧν
542 1258 759 1303 πλείστους
791 1255 994 1306 Ῥωμαῖοι
1030 1249 1274 1294 ἀπέκτειναν
1302 1245 1583 1296 ἇπειθοῦντας

147 1321 252 1378 πρὸς
282 1321 358 1377 τὴν
385 1320 559 1366 ἔκδοσιν.
615 1322 660 1362 έν
698 1315 758 1368 οἷς
792 1321 866 1360 καὶ
890 1319 974 1359 τῶν
999 1318 1227 1370 βασιλικῶν
1254 1314 1445 1369 ὑπῆρχον
1470 1315 1580 1354 Σκυ-

146 1390 257 1439 θῶν,
279 1388 323 1429 οἵ
342 1385 424 1428 ὑπὸ
448 1383 626 1443 Ἀττὴλᾳ
652 1384 876 1426 τάττεσθαι
905 1381 1152 1438 ἆνηνάμενοι
1194 1379 1309 1437 παρὰ
1346 1380 1583 1432 Ῥωμαιους

147 1454 354 1509 ἀφίκοντο.
409 1457 496 1501 τοῖς
527 1452 572 1493 δὲ
601 1450 734 1494 αὑτοῦ
763 1449 785 1491 ὁ
811 1445 1008 1503 Ἀπήλας
1035 1445 1274 1503 προστιθεῖς
1302 1442 1583 1498 ἐπιτάγμασι,

96 1520 221 1561 αοκαί
264 1518 586 1573 Ἀσημουντίους
627 1518 837 1559 ἐκέλευσεν
873 1515 1084 1557 ἐκδιδόναι
1123 1508 1246 1562 ὅσους
1287 1508 1581 1565 αἰχμαλώτους

92 1584 94 1586 ’
146 1584 336 1640 ὑπῆρχον
363 1581 524 1638 ἔχοντες
551 1581 630 1624 εἴτε
654 1580 907 1635 Ῥωμαίους,
954 1578 1037 1621 εἴτε
1063 1576 1317 1634 βαρβάρους.
1367 1572 1626 1630 Ἀσημοῦςυ

238 1687 269 1719 3.
285 1682 507 1729 ἠνάγκασαν
530 1685 623 1717 coni.
633 1682 674 1716 N.
748 1684 777 1717 5.
810 1681 850 1716 δὲ
874 1682 926 1723 Β.,
949 1681 1012 1714 καὶ
1033 1681 1127 1726 vulg.
1203 1681 1235 1715 6.
1246 1676 1581 1725 ἀναγεγραμμένοι

238 1731 330 1772 vat,
355 1731 431 1766 ἄνω
447 1731 707 1777 γεγραμμένοι
730 1730 823 1773 vulg.
900 1730 948 1763 15.
966 1725 1034 1770 τὴν
1056 1728 1137 1761 add.
1150 1728 1186 1760 Β.
1253 1738 1303 1770 ¹7·
1318 1725 1490 1772 ὕπαρχον
1501 1724 1579 1761 Par.

147 1821 335 1866 vectigales
360 1821 445 1854 facti
471 1825 602 1857 essent.
651 1821 781 1866 Itaque
807 1819 945 1853 tributa
974 1824 1011 1853 et
1033 1818 1229 1864 pecunias,
1255 1827 1344 1862 quas
1370 1815 1415 1848 ad
1427 1814 1578 1848 Hunnos

152 1868 284 1911 deferri
323 1866 535 1912 oportebat,
572 1868 768 1913 Imperator
804 1877 927 1899 omnes
963 1867 1124 1898 conferre
1160 1864 1302 1908 coegit:
1336 1862 1438 1894 nulla
1467 1861 1578 1894 etiam

149 1926 271 1948 eorum
297 1913 537 1947 immunitatis
565 1911 691 1944 habita
715 1911 866 1951 ratione,
892 1912 955 1956 qui
980 1917 1096 1944 terrae
1126 1919 1250 1948 onere,
1275 1913 1446 1952 tanquam
1469 1907 1578 1939 nimis

148 1961 245 2006 gravi
270 1959 316 1991 ad
352 1965 493 2005 tempus
508 1984 518 2000 ,
551 1960 624 1993 sive
655 1959 912 2002 Imperatorum
935 1957 1183 1999 benignitate,
1225 1965 1289 1988 seu
1313 1954 1474 1987 iudicum
1497 1963 1580 1986 sen-

147 2007 286 2046 tentia,
320 2006 429 2038 levati
464 2011 574 2039 erant.
635 2003 880 2038 Conferebant
911 2004 1019 2035 etiam
1051 2013 1178 2034 aurum
1210 2000 1390 2035 indictum
1434 2000 1498 2044 qui
1536 2000 1579 2034 in

149 2052 316 2086 Senatum
351 2053 497 2096 ascripti
532 2056 653 2091 erant,
688 2050 782 2083 ultra
815 2059 922 2094 quam
953 2048 1141 2082 facultates
1183 2047 1279 2080 ferre
1313 2050 1506 2091 poterant,
1540 2050 1578 2080 et

147 2099 272 2132 multis
310 2098 499 2144 splendida
535 2104 571 2131 et
603 2096 754 2130 illustris
789 2096 934 2129 fortuna
962 2095 1056 2127 vitae
1087 2092 1407 2127 commutationem
1440 2091 1575 2126 attulit.

149 2144 443 2178 conficiebantur
467 2145 562 2178 enim
587 2143 783 2188 pecuniae,
809 2152 901 2188 quae
925 2142 1120 2186 unicuique
1145 2140 1343 2184 imperatae
1358 2144 1469 2180 erant,
1493 2149 1574 2172 cum

147 2191 341 2224 acerbitate
365 2196 402 2225 et
425 2190 644 2224 contumelia
669 2189 714 2221 ab
741 2189 806 2229 iis,
831 2187 964 2233 quibus
989 2186 1096 2220 huius
1120 2186 1171 2220 rei
1196 2197 1234 2219 cu
1244 2197 1281 2219 ra
1304 2185 1350 2218 ab
1375 2183 1575 2232 Imperato-

147 2247 187 2269 re
212 2242 289 2271 erat
314 2237 538 2272 demandata.
576 2238 627 2269 Ex
654 2246 726 2281 quo
741 2260 750 2275 ,
779 2235 842 2280 qui
860 2244 880 2266 a
905 2232 1102 2267 maioribus
1128 2237 1292 2277 acceptas
1317 2232 1463 2266 divitias
1478 2243 1574 2277 ‚pos-

149 2283 338 2324 sidebant,
373 2289 580 2317 ornamenta
613 2292 764 2315 uxorum
801 2284 837 2313 et
868 2281 1062 2323 pretiosam
1099 2290 1197 2313 suam
1229 2278 1494 2324 supellectilem
1530 2280 1573 2312 in

147 2328 226 2362 soro
249 2341 379 2363 venum
405 2329 642 2374 exponebant.
690 2327 744 2361 Ab
772 2326 844 2359 hoc
866 2326 964 2359 bello
989 2330 1058 2359 tam
1086 2332 1187 2360 atr-ox
1213 2331 1253 2359 et
1276 2324 1402 2359 acerba
1426 2325 1573 2358 calami-

148 2379 202 2407 tas
227 2376 400 2409 Romanos
428 2377 592 2420 excepit,
621 2379 662 2408 ut
680 2374 785 2407 multi
813 2378 875 2405 aut
896 2372 1113 2406 abstinentia
1137 2371 1224 2412 cibi,
1248 2377 1317 2405 aut
1340 2376 1461 2417 aptato
1476 2372 1570 2405 collo

147 2421 280 2465 laqueo
311 2423 419 2455 vitam
457 2422 625 2455 finierint.
674 2421 778 2454 Tunc
800 2419 932 2463 igitur,
966 2428 1073 2462 parvo
1098 2419 1272 2462 temporis
1295 2424 1477 2452 momento
1503 2429 1567 2452 ex-

146 2467 283 2500 haustis
314 2468 513 2509 thesauris,
545 2478 670 2501 aurum
706 2471 745 2499 et
777 2466 898 2497 exules
935 2463 1031 2508 (nam
1064 2464 1207 2504 scotta,
1244 2465 1310 2509 qni
1346 2466 1566 2508 susciperet,

146 2513 365 2560 advenerat‚)
391 2513 435 2546 ad
447 2513 594 2557 Scythas
621 2513 720 2546 missi
745 2515 836 2543 sunt.
887 2511 1036 2543 Romani
1058 2521 1141 2544 vero
1164 2511 1296 2544 multos
1322 2522 1366 2544 ex
1388 2510 1568 2555 profugis,

148 2561 212 2603 qui
244 2559 327 2592 dedi
362 2561 653 2598 reluctabantur,
684 2557 932 2596 trucidarunt,
965 2557 1061 2590 inter
1091 2568 1181 2602 quos
1215 2557 1330 2603 aliqui
1376 2557 1522 2591 fuerunt
1547 2569 1566 2590 e

148 2607 255 2649 regiis
281 2605 441 2649 Scythis,
470 2606 533 2651 qui
560 2606 715 2638 militare
740 2603 806 2637 sub
832 2602 942 2636 Attila
971 2609 1163 2636 renuerant
1186 2608 1223 2635 et
1247 2605 1414 2637 Romanis
1438 2615 1475 2636 se
1499 2604 1568 2636 ad-

147 2652 348 2686 iunxerant.
398 2653 535 2685 Praeter
558 2651 622 2684 has
645 2651 745 2696 pacis
774 2648 998 2683 conditiones
1022 2650 1152 2683 Attilas
1175 2650 1388 2684 Asimuntiis
1422 2660 1566 2694 quoque

148 2698 356 2742 imperavit,
382 2703 421 2730 ut
445 2698 623 2742 captivos,
650 2708 738 2742 quos
767 2706 876 2739 penes
902 2707 938 2729 se
965 2695 1168 2736 habebant,
1194 2697 1268 2728 sive
1282 2695 1470 2736 Romanos,
1491 2698 1565 2730 sive

147 2743 339 2785 barbaros,
367 2743 566 2778 redderent.
589 2745 652 2777 Est
674 2746 793 2776 autem
813 2742 952 2776 Asimus
976 2740 1146 2788 oppidum
1175 2741 1354 2784 validum,
1381 2754 1453 2775 non
1470 2741 1567 2775 mul-
