1924 3164
324 200 354 236 2
366 180 436 255 76
751 189 755 198 ·’
863 185 1194 236 FRAGMENTA
1219 169 1220 172 '
1244 171 1248 177 ’
1272 248 1277 250 ⁷

303 306 519 356 “πραττεν·,
548 295 825 342 ἐπιδεικτικῶς
851 286 1027 347 μᾶλλον,
1058 290 1083 348 ἢ
1113 294 1309 348 άληθῶς.
1364 292 1526 348 οόμὴν
1553 287 1651 335 οὗτε
1679 290 1754 346 ἔξω..

314 380 458 421 πειρος
491 366 575 404 τῶν
612 359 869 416 πραγμάτων
904 355 979 413 ἦν,
1024 355 1121 400 οὔτε
1160 356 1273 412 εἶχεν
1311 357 1585 413 ἒπιστήμην,-
1610 361 1662 400 δι’
1702 353 1754 412 ἧς

316 428 430 472 ἔστιν
457 424 662 483 ἀσφαλῶς
690 422 766 473 τὰς
803 425 1020 478 βασιλείας
1055 421 1302 465 ἰθύνεσθαι.
1371 421 1474 479 πρὸς
1523 425 1571 465 δὲ
1610 425 1754 478 κέρδος

316 496 389 539 καὶ
424 497 567 550 λῆμμα
597 493 680 546 οὔχ
718 488 827 532 οὕτω
868 492 947 543 μὲν
977 490 1174 543 ἐμμανῶς
1221 488 1277 536 ὥς
1313 487 1335 529 ὅ
1381 490 1508 530 Λέων
1557 489 1752 542 διέκειτο,

298 562 416 603 ὀὐδὲ
455 558 632 600 ἔπλαττε
673 555 731 612 μὴ
767 551 863 598 ὄντα
892 562 978 604 τοῖς
1016 556 1273 610 κεκτημένοις
1304 553 1538 609 ἐγκλήματα
1551 574 1565 605 ,’
1594 554 1645 594 οὕ
1668 552 1779 608 μὴνὸ

299 626 410 667 ὀὐδὲ
451 624 660 670 παντελῶς
707 624 902 677 κρείττων
929 621 1096 675 ὑπῆρχε
1122 622 1199 675 τοῦ
1225 617 1492 674 πράγματος.
1545 617 1620 660 καὶ
1643 634 1752 674 χρη-

302 691 408 743 στῆς
449 685 500 730 ἂν
537 687 754 741 βασιλείας
797 685 949 740 ἔτυχον
978 686 1212 738 Tamum,
1255 687 1296 727 εἰ
1328 683 1387 739 ,ιιὴ
1417 683 1699 738 Σεβαστιανὸς
1726 683 1751 725 ὅ

307 754 401 796 τότε
428 751 814 809 παραδυναστεύων
840 746 938 806 ἦγεν
959 747 1092 793 αὕτὸν
1118 752 1162 799 ἐς
1191 746 1271 805 3,·τι
1298 747 1520 804 ἐβούλετο,
1545 749 1753 805 καπηλεύ-

308 835 396 872 ων,
424 815 565 874 ὥσπερ
609 820 653 869 ἐξ
700 819 873 872 α’γορᾶς,
903 814 1089 869 ἅπαντα,
1135 815 1209 857 καί
1233 818 1363 871 μηδὲν
1391 811 1573 871 ἄπρατον
1600 816 1681 857 ἐῶν
1707 817 1752 857 ἐν

295 886 359 942 4τῇ
385 884 591 939 βασιλέως
620 880 730 939 αὖλῇ
756 881 1114 938 διαπράττεσθαι,
1144 880 1250 923 ἀλλὰ
1279 879 1355 930 τὰς
1379 883 1457 934 μὲν
1484 877 1623 936 ἆρχοὶς
1650 877 1804 922 ‹ine-10

296 949 448 991 δίδοτο
481 949 643 1002 πάσας,
683 949 769 1006 ἰδίᾳ
799 949 878 1001 μὲν
918 943 1076 1004 ἑαυτῷ,
1107 948 1192 1005 ι’ὸῗᾳ
1221 948 1267 988 δὲ
1294 942 1517 1000 λαμβάνων
1543 948 1603 1005 τῷ
1626 949 1753 1000 βασι-

310 1019 382 1058 λεῖ
403 1013 456 1057 τὰ
485 1013 727 1070 ‘murificata-¹
748 1015 821 1055 καί
846 1015 886 1056 εἰ
911 1014 1148 1068 προσῆλθεν
1176 1014 1312 1067 ἕτερος
1338 1010 1480 1067 βραχύ
1508 1028 1548 1053 τι
1582 1027 1752 1067 προστι-

306 1083 423 1134 θεῖς,
458 1081 617 1129 ἐκεῖνος
658 1075 709 1135 ἦν
746 1078 1043 1134 αἱρετώτερος.
1100 1082 1182 1121 τῶν
1211 1080 1258 1121 δὲ
1291 1081 1336 1121 ὲν
1362 1085 1448 1127 τοῖς
1478 1079 1665 1132 α’ρχεώις
1686 1093 1751 1132 γι-

304 1147 490 1200 νομένων
533 1143 728 1188 ἇπάντων
778 1145 900 1187 οὐδὲν
943 1141 1017 1200 ἦν,
1074 1141 1098 1185 ὃ
1133 1142 1193 1199 μή
1231 1142 1373 1198 λαβών
1412 1144 1751 1198 ἆπεπίπρασκεν.

306 1214 349 1255 εἰ
385 1213 431 1254 δέ
466 1227 557 1253 τινα
594 1209 735 1266 α’ρχήν
761 1213 844 1253 τῶν
875 1213 973 1265 περί
1000 1207 1128 1252 αὐτὸν
1157 1205 1285 1251 ὄντων
1313 1211 1542 1266 ἐχαρίσατο
1570 1207 1801 1264 Ζήνων,15

299 1266 447 1331 ’ὥσπερ
497 1276 845 1331 πολιτοκάπηλος,
887 1275 1016 1324 αὐτὸς
1060 1274 1216 1329 ταύτην
1258 1274 1393 1329 ὀλίγον
1447 1276 1549 1330 παρ’
1585 1276 1751 1317 ἐκείνων

304 1339 557 1395 λαμβάνων,
600 1337 740 1390 ἄλλοις
777 1347 954 1395 παρεῖχε
991 1342 1067 1382 τοῦ
1095 1344 1306 1393 πλείονος,
1352 1334 1513 1396 Ζήνωνι
1542 1338 1596 1382 τοὶ
1626 1341 1748 1395 κλέμ-

303 1419 420 1461 ματα
448 1407 660 1462 παρέχων.
719 1408 834 1447 Idem
864 1423 897 1447 s.
933 1424 976 1448 v.

379 1466 381 1469 ⁸
413 1469 462 1522 ζ’.
517 1466 668 1525 Ζήνων
731 1468 1023 1524 ὄ“βασιλεύς,
1063 1466 1301 1524 πυθόμενος
1344 1470 1428 1512 τῶν
1469 1471 1629 1512 οἰκείων
1673 1468 1748 1524 τήν

302 1531 456 1592 ἧτταν,
483 1538 527 1584 ἒς
556 1536 764 1592 φρούριον
790 1533 1043 1592 καταφεύγει
1072 1538 1142 1578 ἒπί
1166 1536 1301 1593 λόφου
1335 1538 1534 1589 κειζιιενον,
1565 1533 1590 1577 ὃ
1618 1538 1798 1577 Κων-αο

300 1601 639 1646 ’σταντινούπολιν
668 1601 707 1644 οἱ
733 1600 976 1658 πρόσχωροι
1003 1602 1200 1645 ἐκάλουν.
1255 1598 1355 1659 ὅπερ
1382 1600 1505 1658 γνοὺς
1531 1607 1616 1651 τοῖς
1643 1617 1746 1643 συν-

302 1758 370 1791 tis>
405 1763 526 1793 autem
576 1757 686 1791 rebus
739 1758 898 1792 animum
951 1758 1098 1792 honoris
1155 1757 1327 1803 cupidum
1370 1756 1517 1791 habuit:
1564 1762 1601 1790 et
1651 1767 1744 1803 quae

300 1805 475 1846 faciebat,
513 1804 649 1850 gloriae
687 1809 724 1838 et
756 1805 1007 1839 admirationis
1047 1804 1248 1849 captandae
1298 1815 1404 1845 causa
1453 1803 1634 1846 faciebat,
1680 1815 1745 1848 per

302 1851 586 1885 ostentationem
625 1851 769 1895 potius,
813 1863 922 1896 quam
958 1862 996 1884 re
1033 1863 1139 1893 vera,
1177 1852 1376 1896 quinetiam
1409 1861 1483 1883 non
1516 1855 1593 1883 erat
1625 1861 1744 1884 rerum

246 1901 250 1915 ²
299 1897 460 1942 peritus,
494 1908 578 1931 nec·
595 1898 695 1930 illam
721 1898 909 1931 scientiam
943 1897 1124 1939 habebat,
1146 1909 1211 1942 per
1237 1908 1345 1942 quam
1370 1907 1477 1940 regna
1504 1902 1584 1930 tuto
1609 1896 1743 1940 guber-

298 1943 378 1976 nari
415 1949 594 1989 possunt,
642 1943 706 1976 sed
732 1945 771 1977 in
797 1948 986 1988 quaestum
1020 1956 1061 1978 ac
1086 1945 1365 1978 emolumentum
1403 1954 1476 1975 non
1500 1944 1590 1976 adeo
1617 1942 1743 1975 furen-

298 1993 378 2030 ter,
420 1996 462 2023 ut
500 1990 596 2030 Leo,
632 2000 832 2034 propensus
868 1996 968 2024 erat:
990 2002 1056 2024 nec
1078 1991 1169 2025 falsa
1192 1992 1342 2024 crimina
1365 1990 1404 2022 in
1428 1999 1648 2035 possessores
1674 1989 1744 2021 fin-

298 2034 429 2080 gebat,
454 2036 554 2070 haud
581 2041 703 2071 tamen
729 2037 876 2070 omnino
906 2038 1071 2081 superior
1105 2042 1181 2070 erat
1205 2036 1272 2069 hae
1297 2048 1345 2070 re.
1395 2038 1439 2069 Et
1464 2035 1597 2068 bonam
1623 2036 1741 2079 impe-

298 2082 347 2115 rii
373 2082 653 2116 administrandi
680 2083 857 2116 rationem
882 2083 1031 2116 Romani
1058 2084 1272 2122 sensissent,
1296 2084 1368 2117 nisi
1394 2081 1650 2120 Sebastianus,
1676 2081 1740 2125 qui

296 2131 387 2160 tunc
410 2129 605 2162 secundam
629 2128 673 2161 ab
701 2130 919 2173 Imperatore
955 2135 1168 2174 potestatem
1201 2129 1384 2170 habebat,
1421 2129 1525 2161 illum
1561 2126 1740 2161 arbitratu

296 2183 362 2209 suo
383 2175 510 2219 quovis
534 2176 754 2219 impulisset,
774 2177 896 2209 omnia
920 2177 1020 2210 velut
1045 2177 1084 2210 in
1102 2176 1179 2209 foro
1205 2187 1422 2221 cauponans,
1446 2185 1512 2208 nec
1538 2173 1739 2220 quidquam

299 2220 340 2253 in
366 2221 450 2253 aula
476 2230 644 2255 caesarea
667 2223 745 2255 sine
781 2223 901 2265 pretio
927 2223 1056 2255 confici
1083 2224 1217 2257 sinens.
1266 2221 1338 2255 Sed
1363 2231 1484 2254 omnes
1509 2221 1739 2264 magistratus

297 2265 501 2308 vendebat,
527 2267 657 2312 partim
681 2266 830 2312 quidem
860 2269 938 2313 ipsa
965 2269 1080 2313 pretia
1106 2268 1177 2302 sibi
1207 2279 1389 2302 reservans
1415 2273 1579 2311 accepta,
1605 2269 1739 2311 partim

297 2321 383 2344 vero
421 2324 501 2345 cum
530 2314 751 2357 Imperatore
786 2317 1064 2348 communicans.
1124 2315 1162 2348 Si
1189 2316 1269 2360 quis
1302 2319 1422 2347 autem
1449 2313 1541 2346 alius
1566 2315 1739 2347 accessis-

296 2363 373 2398 set,
398 2359 462 2403 qui
486 2359 636 2403 paulum
662 2358 835 2406 quiddam
859 2361 1079 2401 addidisset,
1112 2362 1176 2394 ille
1205 2362 1332 2394 ceteris
1360 2358 1658 2404 anteponebatur.
1695 2361 1739 2394 In

296 2403 378 2448 ipso
404 2409 524 2437 autem
551 2407 650 2448 regio
684 2407 819 2450 palatio
843 2407 938 2440 nihil
970 2414 1047 2441 erat
1071 2418 1188 2441 rerum
1215 2407 1395 2446 omnium,
1422 2406 1520 2452 quod
1543 2407 1610 2439 ille
1634 2415 1740 2440 acce-

295 2455 401 2494 ptum
426 2461 499 2483 non
530 2451 715 2484 venderet.
773 2453 811 2486 Si
845 2455 1061 2498 quem'vero
1086 2449 1333 2498 magistratum
1358 2453 1555 2496 Imperator
1582 2452 1655 2486 suis
1681 2451 1738 2487 sa-

295 2496 500 2537 miliaribus
523 2496 673 2540 largitus
698 2498 846 2540 fuisset,
886 2501 965 2543 ipse
992 2505 1164 2546 tanquam
1190 2509 1356 2543 manceps
1383 2498 1480 2532 hunc
1504 2499 1548 2532 ab
1571 2499 1646 2532 illis
1671 2509 1738 2532 ex-

295 2542 380 2586 iguo
425 2542 544 2586 pretio
590 2544 795 2588 accipiens,
843 2546 925 2579 aliis
957 2545 1156 2591 praebebat
1194 2546 1308 2591 pluris
1348 2544 1558 2587 venditum,
1601 2544 1737 2578 Zenoni

295 2588 392 2622 furta
417 2588 607 2633 praebens.
1055 2630 1059 2633 ,

304 2666 307 2669 .
389 2645 420 2679 7.
468 2635 562 2668 Zeno
580 2636 810 2679 imperator,
836 2637 960 2671 audita
988 2649 1132 2672 suorum
1149 2637 1270 2679 clade,
1294 2638 1333 2669 in
1358 2639 1542 2672 castellum
1578 2639 1615 2670 in
1641 2637 1735 2672 colle

294 2681 405 2714 situm
429 2680 592 2726 confugit
607 2707 616 2721 ,
641 2681 739 2726 quod
763 2683 875 2718 vicini
900 2683 1241 2730 Constantinopolin
1266 2683 1450 2717 vocabant.
1502 2685 1586 2730 Quo
1612 2685 1736 2730 cogni-

294 2731 346 2767 to,
371 2727 444 2760 suis
473 2738 554 2762 cum
578 2728 714 2773 gemitu
739 2728 854 2764 dixit:
881 2731 996 2778 „Ei-go
1024 2730 1132 2765 homo
1158 2736 1214 2765 est
1239 2730 1308 2765 Dei
1344 2730 1567 2774 ludibrium,
1593 2731 1628 2764 siv
1649 2730 1733 2777 qui-
