1924 3164
331 170 447 234 v580
721 195 947 236 PHILIPPI
985 192 1169 233 LABBm
1216 164 1398 234 Nom

192 309 226 343 Ρ.
256 307 320 351 ιο4
415 296 628 351 Pag.18.
647 296 698 335 A.
715 297 832 351 [473,
856 295 941 349 15.]
959 295 1023 334 De
1039 296 1144 334 urbas
1166 294 1468 349 conflagratione
1489 301 1646 332 exorta.
1680 283 1774 330 Pri-

340 369 452 393 mum
496 353 596 391 illud
641 352 715 390 sub
763 354 895 390 Leone
947 352 1192 402 Imperatore
1222 341 1461 387 incendium
1504 348 1633 400 regiae
1657 345 1771 384 urbis

339 411 532 448 fusissime
559 407 747 445 describit
782 405 1006 472 Euagrius
1008 405 1081 442 lib.
1108 419 1146 442 2.
1178 417 1265 456 cap.
1296 404 1358 441 13.
1418 416 1463 441 εν
1495 401 1572 450 μὲν
1613 399 1670 455 τῷ
1698 400 1772 461 βο-

341 463 437 516 ρείω
469 460 661 510 κλιματι,
696 460 741 499 ἐν
772 474 803 496 m
833 474 901 497 και
930 455 1081 524 ιεώρια
1111 457 1184 510 τῆς
1216 417 1383 503 πόλεως.
1401 439 1659 495 καθεστᾶσιν
1687 447 1769 492 α’πό

338 518 412 556 τοῦ
445 513 699 564 καλουμένου
731 498 831 576 βοὸς
862 510 992 579 πόρου
1026 511 1151 564 μέχρι
1181 510 1253 549 τοῦ
1282 509 1465 549 παλαιου
1492 507 1772 552 Ἀπόλλωιος

338 570 382 608 ἐν
420 569 465 608 δὲ
495 568 552 606 τῶ
590 568 710 620 νοτίω
753 563 834 605 οἷπὸ
875 567 948 606 τοῦ
981 565 1220 606 Ἰουλιανοῦ
1265 565 1437 628 λιμένος
1473 561 1602 616 μέχρι
1633 558 1772 601 οἰκιῶν

339 623 392 661 ου’
411 619 515 662 πολύ
549 622 748 671 κειμέιων
771 621 844 660 τοῦ
868 619 1085 685 εὐκτηρίου
1109 619 1182 671 τῆς
1215 618 1382 671 ἐπίκλην
1417 613 1607 667 ὁμονοίας
1631 615 1777 666 ἐκκλη-

338 678 445 723 σιάς·
502 676 546 715 ἐν
583 675 628 715 δὲ
661 676 718 714 τῶ
746 671 982 729 μεσαιτάτη)
1004 674 1074 726 τῆς
1096 672 1253 719 πόλεως
1260 673 1391 739 μέρει
1423 668 1501 711 ἀπὸ
1534 669 1612 710 τοῦ
1647 671 1774 709 Κων-

338 731 548 770 σταντίνου
594 727 1004 781 προσαγορευομένου
1045 724 1178 781 φόρου
1214 726 1342 779 μέχρι
1383 727 1456 779 τῆς
1488 725 1566 765 τοῦ
1610 719 1772 774 ταύρου

338 788 414 824 καὶ
418 785 593 836 ουμένης
612 783 776 835 οἷγορᾶς.
835 784 993 833 Quibus
1019 797 1066 821 ac
1091 782 1418 846 praecedentibus
1444 782 1619 834 maxime·
1641 778 1773 819 verbis

199 845 239 878 V.
255 846 323 878 206
337 841 554 893 significat
601 852 720 891 quam
759 838 872 876 foede
913 845 1087 891 giassata
1121 839 1171 876 sit
1206 836 1304 875 haec
1331 837 1462 875 clades
1496 843 1534 874 et
1581 841 1772 895 quantam

336 895 449 933 uibis
482 901 637 946 partem
681 892 841 931 flamma
877 892 1065 945 populata
1104 893 1170 931 sit
1228 892 1419 930 Eiusdem
1453 887 1771 948 conflagrationis

335 952 486 988 mentio
511 948 618 1011 apud
638 948 820 986 Priscum
841 948 881 984 in
909 948 1114 999 Exceiptis
1134 948 1396 999 Legationum
1413 960 1503 998 pag.
1525 945 1592 996 43.
1607 945 1660 982 D.
1687 941 1772 981 edi-

335 1006 455 1042 tionis
477 1004 623 1056 legiae,
647 1009 685 1040 ct
701 1001 957 1039 Marcellinus
972 1001 1143 1040 Comes
1134 1016 1175 1038 m
1193 1001 1276 1039 Ch1
1279 1015 1347 1039 on
1355 1001 1576 1051 ,Basilisco
1601 1007 1639 1036 et
1661 998 1771 1036 Her·-

336 1073 526 1097 mencrzco
544 1058 667 1103 Coss„
708 1056 784 1095 hoc
818 1063 888 1104 est,
922 1070 1027 1094 anno
1057 1056 1205 1094 Christi
1231 1053 1772 1107 465qunstant1nopolim

335 1127 476 1165 magno
523 1114 704 1150 invasam
741 1110 917 1149 lncendzo
939 1112 1129 1164 facieque
1148 1111 1362 1161 foedatam
1389 1109 1653 1163 deplanxzsse‚
1688 1120 1776 1144 me·

335 1175 479 1206 moiat.
551 1167 669 1203 Diem
719 1165 988 1217 praescribere
1032 1165 1192 1203 videtur
1240 1165 1475 1203 Theodoius
1522 1163 1772 1228 Anaguostes

336 1223 507 1274 Magnae
527 1220 729 1259 Ecclesiae
751 1220 821 1258 lib.
852 1234 885 1257 1.
900 1219 1148 1258 Collectana
1188 1215 1433 1285 ἐμπρησμὸς
1459 1216 1616 1268 ἐγένετο
1643 1215 1774 1278 μέγας

334 1290 382 1328 ’τη
407 1251 602 1329 Ὀδευτέρα
632 1274 706 1313 τοῦ
731 1273 1014 1326 Σεπτεμβριου
1052 1269 1183 1336 μηνὸς
1223 1270 1306 1311 οἶπὸ
1338 1273 1411 1312 τοῦ
1442 1270 1613 1321 νεωρίου
1642 1264 1772 1336 α’ρξά-

333 1343 475 1379 μειος,
506 1325 578 1367 καὶ
582 1314 774 1380 φθάσας
805 1327 882 1373 ἕως
911 1327 988 1366 τοῦ
1014 1324 1243 1366 ἀποστόλου
1276 1326 1411 1377 Θωμᾶ
1441 1325 1513 1364 τοῦ
1535 1323 1772 1374 Ἀμαντίου.

335 1385 428 1433 Quo
455 1391 635 1436 tempore
666 1383 771 1421 idem
814 1390 983 1420 testatui
998 1411 1009 1432 ,
1053 1384 1303 1420 Malcianum
1345 1382 1620 1422 Oeconomum
1654 1390 1774 1432 super

333 1438 487 1490 tegulas
519 1437 705 1475 ecclesiae
734 1444 892 1475 sanctae
922 1437 1153 1474 Anastasiae
1180 1436 1480 1479 conscendisse,
1518 1441 1557 1472 et
1583 1435 1771 1485 Euange-

333 1491 398 1530 liis
429 1506 550 1530 manu
577 1491 781 1542 pichensis
809 1491 994 1541 piecibus
1024 1491 1276 1542 laelimisque
1304 1489 1498 1541 templum
1531 1487 1630 1526 illud
1657 1486 1770 1525 illae-

334 1560 422 1584 sum
452 1558 640 1585 servasse.
698 1545 849 1582 Eadnn
878 1545 998 1582 habet
1025 1544 1289 1596 Theophanes
1318 1546 1358 1582 in
1391 1544 1590 1582 Chronico
1609 1542 1772 1580 iisdem-

335 1615 413 1653 que
442 1614 568 1652 pacne
601 1599 749 1646 verbiS,
782 1600 856 1636 hoc
885 1599 1076 1637 duntaxat
1103 1601 1266 1651 insuper
1299 1599 1451 1648 addito,
1481 1597 1590 1649 quod
1619 1596 1669 1634 ad
1698 1610 1771 1634 an-

334 1669 433 1693 num
478 1655 622 1692 Leonis
666 1654 853 1704 quintum
895 1661 1013 1705 atque
1053 1654 1308 1691 indictionem
1350 1653 1446 1690 XV.
1466 1682 1477 1701 ‚
1509 1653 1592 1690 sive
1619 1665 1772 1690 annum

334 1709 537 1747 Dominici
567 1707 712 1745 Natalis
743 1707 858 1756 461„
881 1708 1165 1745 incendiariam
1195 1707 1303 1745 illam
1332 1707 1633 1759 populationem
1667 1705 1772 1744 refe-¹

333 1770 422 1813 rat,
455 1765 494 1800 in
526 1775 606 1813 quo
628 1789 639 1809 ‚
668 1769 715 1798 ut.
740 1762 878 1811 vides,
907 1762 1171 1814 quadriennio
1198 1761 1359 1800 dissidet
1387 1776 1409 1799 a
1439 1760 1661 1800 Marcellini
1689 1759 1771 1798 cal-'

335 1817 443 1855 culo.
501 1816 728 1854 Chronicon
771 1816 967 1854 Alexand.
991 1817 1153 1869 *duplex
1194 1817 1402 1869 distinguit
1440 1815 1689 1863 incendium,
1731 1821 1772 1854 et

334 1872 511 1924 primum
540 1870 702 1922 quidem
730 1871 918 1909 accidisse
945 1871 1065 1909 refert
1092 1871 1278 1910 Basilisco
1296 1878 1334 1909 et
1351 1870 1411 1908 Αι
1414 1871 1612 1908 menaiico
1638 1870 1749 1907 Coss.
1738 1897 1770 1920 .,

332 1933 422 1978 post
450 1926 533 1963 dies
566 1925 631 1962 30.
662 1924 713 1962 ab
752 1926 899 1963 iniusta
939 1926 1057 1964 caede
1090 1927 1246 1975 Menae,
1274 1925 1462 1978 plaefecti
1492 1924 1680 1977 vigilum,
1723 1937 1769 1962 ac

332 1980 511 2018 vindicta
538 1979 712 2017 numinis
741 1978 999 2032 conflagrasse
1038 1982 1079 2018 in
1117 1981 1217 2019 uibe
1255 1987 1344 2018 octo
1371 1981 1550 2032 regiones
1584 1993 1623 2017 2.
1653 1977 1765 2030 Sept.

333 2034 408 2072 fer.
432 2033 472 2084 4.
508 2033 647 2071 Indict.
671 2034 742 2071 ΙΙΙ.
753 2036 878 2083 ,(seu
905 2035 1036 2086 potius
1067 2035 1138 2072 IV.
1148 2036 1173 2084 ,)
1202 2049 1294 2073 cum
1320 2034 1497 2072 celeb1a1
1499 2041 1587 2071 etur
1615 2046 1767 2071 memo-

331 2090 394 2126 ria
422 2088 464 2126 S.
485 2089 713 2126 Mamantis.
773 2087 955 2126 Alterum
973 2103 1068 2127 velo
1087 2089 1207 2128 iefert
1236 2090 1285 2128 ad
1315 2103 1464 2127 annum
1483 2088 1566 2126 Chi
1566 2089 1628 2126 isti
1649 2085 1745 2140 469.
1735 2115 1768 2136 .,

332 2143 494 2181 Zenone
523 2140 562 2180 et
591 2142 795 2180 Marciano
825 2143 937 2181 Coss.
927 2171 956 2191 .,
985 2157 1066 2195 quo
1095 2145 1232 2182 arsisse
1260 2143 1403 2182 uibem
1430 2142 1567 2182 sciibit
1605 2155 1628 2179 a
1665 2141 1767 2180 mari

333 2197 385 2234 ad
413 2210 538 2235 mare.
597 2196 826 2249 Utrumque
861 2197 1020 2236 videtur
1047 2198 1269 2237 confudisse
1285 2199 1486 2247 Zonaras,
1511 2196 1622 2248 apud·
1645 2206 1767 2247 quem

333 2249 452 2302 leges,
483 2251 678 2304 Asparem
693 2259 789 2289 tunc
812 2266 878 2290 vas
908 2266 1010 2304 aqua
1041 2252 1204 2304 plenum
1232 2253 1408 2291 humeris
1437 2250 1627 2290 serentem
1656 2251 1766 2290 vicos

332 2306 575 2357 perculrisse
591 2335 602 2354 ,
648 2305 844 2358 populum
873 2306 1123 2344 cohoitatum
1154 2308 1274 2346 fuisse
1302 2314 1342 2346 et
1368 2305 1530 2359 singulis
1554 2318 1766 2344 nummum

334 2367 566 2411 argenteum
597 2374 669 2411 pro
697 2361 877 2398 mercede
903 2360 1068 2399 dedisse.

443 2412 545 2464 Pag.
556 2413 618 2451 18.
634 2414 686 2452 A.
705 2414 821 2467 [473‚
841 2413 1007 2467 17.]De
1029 2416 1184 2453 Ti‘tzano
1207 2424 1244 2452 et
1257 2414 1316 2454 V
1298 2427 1443 2455 ιυιαηο
1497 2413 1764 2466 Reponendus

332 2467 436 2505 sorte
463 2481 537 2518 pro
564 2468 724 2506 Titiano
765 2470 977 2516 Tafiauus,
1042 2470 1091 2508 de
1128 2483 1207 2521 quo
1248 2470 1409 2508 Priscus
1460 2469 1680 2507 Historicus
1721 2470 1764 2507 in

329 2520 536 2573 Excerptis
563 2522 823 2573 Legationum
851 2538 942 2590 pag.
963 2524 1030 2576 74.
1065 2524 1248 2562 editionis
1273 2525 1426 2587 regiae.
1476 2516 1541 2561 ὅτι
1581 2521 1652 2562 ἐπι
1672 2521 1762 2562 Λέ-

334 2587 446 2621 ουτος
479 2574 683 2625 βασιλέως
703 2575 927 2625 εΡωμαίων
959 2574 1229 2627 ἐπρεσβεύετο
1263 2591 1373 2645 παρα
1407 2576 1485 2627 μὲν
1517 2571 1763 2639 Βανὸήλους

331 2626 438 2680 ὑπὲρ
465 2628 637 2668 Ἰταλῶν
670 2627 872 2677 Τατιανὸς
905 2631 949 2669 ἐν
982 2632 1032 2683 τῇ
1067 2631 1146 2670 τῶν
1170 2629 1394 2680 πατρικίων
1418 2629 1512 2685 ἀξίᾳ
1541 2625 1764 2681 καταλεγό-

330 2695 478 2732 μενος,
506 2697 606 2734 quae
631 2683 753 2721 veiha
782 2685 927 2723 ibidem
958 2685 1210 2738 habenturp
1217 2685 1315 2735 ..43
1330 2687 1382 2723 D.
1442 2686 1636 2724 Vivianus
1666 2697 1763 2729 velo

333 2738 415 2776 sive
453 2737 639 2776 Bibianus
668 2751 772 2776 auno
789 2740 990 2778 Dominici
1009 2739 1160 2779 Natalis
1178 2739 1292 2791 463„
1313 2740 1403 2780 Ind.
1428 2754 1459 2779 1.
1451 2769 1477 2792 .,
1499 2753 1589 2778 cum
1612 2735 1762 2792 Felice,
