1924 3164
291 170 402 227 362
881 188 1161 231 EXCERPTA

100 293 395 347 A.C.·562vscv‚
439 290 495 342 ὥς
527 285 580 332 ἂν
619 287 692 331 καὶ
732 290 819 332 οἵδε
846 281 1101 332 ἆπολαύοιεν
1129 291 1205 346 τῆς
1230 288 1407 347 εἰρήνης.
1464 290 1504 346 ι’,
1545 283 1651 335 ὥστε
1677 291 1737 348 μή

91 342 278 425 1³:332
289 357 579 412 πολυπληθίαν
616 356 802 411 στρατοῦ
829 355 873 403 ἐς
896 354 942 398 τὸ
971 354 1121 411 Δάρας
1164 356 1370 409 ἐνιζάνειν
1390 391 1403 410 ,
1442 357 1550 414 πλὴν
1589 354 1666 414 ὅση
1691 373 1740 413 ys

287 423 457 479 α’ρκέσει
496 419 602 477 πρὸς
642 418 841 476 φυλακήν
882 422 961 462 τοῦ
1013 416 1172 472 ἄστεος.
1227 420 1329 479 μήτε
1373 424 1420 466 δὲ
1459 422 1531 466 τὸν
1571 427 1644 480 τῆς
1682 424 1739 467 ἕω

282 484 515 542 στρατηγὸν
542 483 647 528 κατὰ
676 483 834 542 ταύτην
875 484 1156 542 ἐνιδρῦσθαι,
1192 491 1272 530 τοῦ
1300 487 1360 545 μὴ
1392 489 1439 532 ἐκ
1476 491 1552 531 τοῦ
1576 492 1741 532 τοιοῦδε

283 550 515 608 ἐπιδρομὰς
553 547 580 607 ἢ
620 550 783 606 βλάβας
819 551 1014 606 γίνεσθαι
1041 551 1150 596 κατὰ
1179 556 1379 611 Περσῶν.
1435 557 1475 598 εἰ
1506 556 1553 597 δέ
1579 571 1626 611 γε
1654 552 1766 611 ἅραό

281 634 321 661 τι
358 618 542 659 τοιοῦτον
580 620 874 673 ξυνενεχθειή,
913 616 1132 675 ἐπαγιώθη
1169 618 1241 663 τὸν
1273 615 1462 676 ἄρχοντα
1487 623 1564 664 τοῦ
1591 621 1740 678 Δώρας

284 685 527 724 διατιθέναι
554 680 602 724 τὸ
630 686 938 740 πλημμεληθέν.
993 683 1074 738 μία
1100 684 1209 741 πρὸς
1235 688 1286 744 τῇ
1318 687 1468 745 δεκάτῃ
1499 689 1585 730 τῶν
1613 703 1743 731 anov-

283 749 371 789 δων
408 750 658 803 βεβαίωσις,
700 746 833 802 ὥστε,
876 750 917 792 εἰ
954 747 1072 801 πόλις
1111 749 1258 808 ἑτέραν
1304 751 1507 808 ζημιώσει
1543 749 1664 795 πόλιν
1711 747 1742 810 ἢ

284 814 477 856 ὁπωσοῦν
509 815 753 871 διαφθείρει
780 833 819 857 τι
838 817 931 858 ταῖν
956 816 1114 872 αὐτῆς,
1143 816 1203 874 μὴ
1233 819 1297 876 τῷ
1316 817 1426 876 νόμῳ
1453 821 1529 861 τοῦ
1556 820 1740 874 πολέμου

236 878 388 935 Βμήτε
426 878 512 935 μὴν
550 878 730 933 δυνάμει
767 884 1069 939 στρατιωτικῇ,
1121 878 1258 933 ἄλλως
1304 886 1351 927 δὲ
1400 882 1504 943 δόλῳ
1542 886 1628 928 τινί
1667 883 1794 928 zaim

280 946 582 1003 κλοπῇ-εἰσί
617 944 698 1003 γάρ
737 946 890 988 τοιοίδε
930 950 1042 999 τινὲς
1081 944 1348 1006 ἆνοσιουργοί
1373 948 1412 992 οἱ
1438 951 1573 993 ταῦτα
1601 949 1740 1007 πράσ-

278 1027 449 1067 σοντες,
479 1011 537 1061 ὥς
563 1009 840 1066 ἂν·πολέμου
869 1011 1002 1056 ἔσοιτο
1031 1012 1247 1071 πρόφασις
1268 1032 1280 1044 ·
1306 1013 1546 1072 ἐβεβαιώθη
1572 1032 1741 1072 τοιγαρ-

279 1079 358 1120 οὖν
399 1077 454 1120 τὰ
483 1077 786 1135 τοιουτότροπα
826 1075 1053 1136 ἆναζητεῖν
1081 1082 1126 1130 ἐς
1152 1078 1198 1122 τὸ
1231 1078 1402 1138 ἀκριβὲς
1419 1114 1431 1136 ,
1460 1082 1534 1123 καί
1559 1083 1741 1138 ἐπανορ-

275 1145 467 1187 θοῦσθαι
495 1142 597 1194 τούς
626 1142 831 1194 δικαστὰς
857 1144 961 1196 τούς
988 1147 1034 1188 ἐν
1061 1153 1149 1196 τοῖς
1187 1149 1369 1202 πέρασιν
1396 1144 1594 1203 ἑκατέρας
1621 1151 1739 1189 πολι·
1790 1186 1792 1188 ε

277 1215 393 1260 τείας
433 1209 696 1267 ἱδρυμένους.
752 1212 793 1255 εἰ
833 1212 882 1254 δέ
922 1227 969 1267 γε
1009 1213 1137 1255 αὐτοὶ
1169 1212 1245 1255 οῦκ
1273 1211 1441 1256 ἔσονται
1467 1211 1605 1256 ἱκανοὶ
1632 1210 1792 1257 (ἶνα-15

277 1279 462 1319 στέλλειν
483 1275 562 1326 τὰς
587 1276 689 1333 πρὸς
718 1276 926 1333 ἀλλήλους
949 1280 1034 1321 τῶν
1053 1277 1356 1334 ἀστυγειτόνων
1376 1278 1563 1336 φθοράς,
1593 1279 1747 1335 «ἐπέρ--Δ

273 1345 400 1398 χθη,·
435 1339 545 1385 ὥστε
572 1342 652 1397 τὴν
683 1343 955 1386 διαδικασίαν
998 1346 1329 1399 ἀναπέμπεσθαι
1365 1345 1424 1395 ὥς
1465 1344 1540 1389 τὸν
1579 1347 1655 1400 τῆς
1681 1346 1739 1388 ἕω

275 1406 530 1464 στρατηγὸν,
566 1408 651 1461 αἷς,
694 1407 738 1451 εἴ
762 1425 808 1463 ys
838 1408 939 1452 εἴσω
976 1412 1122 1466 μηνῶν
1162 1413 1205 1462 ἓξ
1244 1410 1304 1465 μὴ
1347 1413 1530 1466 τμηθείη
1577 1410 1629 1454 τὰ
1667 1413 1742 1466 τῆς

272 1473 451 1529 ἁμίλλης
477 1475 550 1517 καί
579 1474 610 1518 ὅ.
633 1474 861 1530 ζημιωθείς
890 1474 949 1531 μὴ
978 1475 1162 1530 λήψεται
1192 1475 1240 1517 τὸ
1271 1472 1514 1532 οἷπολωλὸς,
1543 1476 1616 1519 τὸν
1644 1472 1741 1518 ‹Ech-
1798 1528 1801 1530 q

160 1549 198 1588 P.
213 1549 276 1595 ¹4²
286 1537 469 1594 κη’σαντα
490 1539 634 1582 λοιπὸν
656 1541 730 1584 ἐπὶ
754 1544 879 1598 ποινῇ
897 1543 941 1590 ἐς
962 1539 1009 1583 τὸ
1033 1539 1252 1584 διπλάσιον
1279 1543 1340 1600 τῷ
1366 1534 1794 1600 ἦδικημένῳεῖναιαο

278 1606 537 1649 ὑπεύθυνον.
593 1605 673 1660 ὥς,
704 1604 749 1648 εἴ
779 1622 826 1661 γε
853 1608 964 1662 μηδὲ
993 1603 1100 1649 οὕτω
1129 1609 1261 1663 πέρας
1288 1607 1386 1661 ἕξοι,
1417 1607 1659 1664 διετυπώθη
1687 1608 1736 1650 τὸ

278 1675 437 1716 πονοῦν
463 1675 594 1730 μέρος
621 1672 849 1727 πρεσβείαν
877 1674 1062 1715 στέλλειν
1090 1673 1148 1723 ὥς
1175 1671 1251 1715 τὸν
1278 1675 1458 1727 βασιλέα
1486 1676 1562 1717 τοῦ
1590 1674 1739 1729 ἠδικη-

279 1736 412 1790 κότος.
460 1736 552 1781 εἶτα
581 1740 621 1781 εἰ
647 1740 757 1794 μηδὲ
785 1737 869 1780 ὑπὸ
899 1741 976 1782 τοῦ
1002 1740 1210 1794 βασιλέως
1241 1737 1463 1795 γενήσεταί
1488 1740 1528 1782 οἱ
1554 1738 1602 1783 τὸ
1633 1740 1742 1783 α’πο-

372 1827 567 1909 8-1ἑτέραν
590 1829 644 1871 B.,
669 1827 778 1876 ἑτέρα
801 1829 896 1875 vulg.
1020 1841 1071 1877 ¹7·
1098 1827 1346 1867 διαδικασίαν
1378 1830 1446 1873 R..
1483 1822 1548 1866 διὰ
1583 1830 1740 1872 δικαίαν

373 1888 420 1912 vu
439 1888 469 1922 g.

282 1961 420 1997 diendo
447 1961 585 2008 oppido
603 1963 700 1997 satis
726 1964 792 2004 sit,
819 1963 1032 2003 conveniat,
1053 1973 1174 2009 neque
1199 1963 1271 1997 dux
1283 1963 1445 1999 Orientis
1474 1964 1565 1998 circa
1590 1973 1631 1996 ea
1654 1963 1737 1997 loca

281 2016 548 2051 commoretur,
573 2021 620 2043 ne
646 2011 736 2043 fiant
760 2009 847 2043 inde
874 2011 1106 2044 excursiones
1133 2012 1172 2044 in
1193 2010 1337 2052 Persas,
1363 2016 1400 2045 et
1425 2010 1553 2044 damna
1577 2010 1653 2044 iuis
1679 2010 1739 2044 in-

282 2057 458 2090 serantur.
509 2056 653 2102 Quodsi
677 2056 769 2103 quid
794 2058 868 2091 tale
894 2057 1090 2102 contigerit
1106 2082 1116 2098 ‚
1166 2062 1341 2090 statutum
1367 2062 1441 2098 est,
1466 2062 1507 2090 ut
1530 2057 1736 2102 praefectus

282 2103 397 2137 Daras
418 2103 547 2148 oppidi
566 2102 738 2137 damnum
765 2104 956 2148 rependat.
981 2101 1181 2137 Undecima
1195 2103 1356 2137 foederis
1370 2103 1531 2137 conditio
1547 2102 1638 2137 haec
1658 2109 1737 2138 est:

283 2150 323 2183 Si
343 2162 414 2183 una
438 2151 564 2184 civitas
583 2152 690 2184 alteri
713 2149 934 2184 detrimento
952 2150 1078 2191 fuerit,
1095 2155 1133 2183 et
1155 2161 1376 2196 quocunque
1399 2149 1522 2190 modo,
1547 2161 1623 2182 non
1642 2150 1741 2195 legi-

283 2197 375 2229 timo
394 2197 509 2238 bello,
539 2208 660 2243 neque
683 2197 862 2230 exercitus
877 2198 927 2238 vi,
953 2197 1017 2230 sed
1030 2196 1115 2230 dolo
1141 2202 1178 2231 et
1208 2197 1433 2231 clandestina
1457 2196 1646 2230 invasione
1669 2197 1739 2230 ‹la-

282 2253 408 2276 mnum
423 2244 603 2284 intulerit,
618 2244 720 2290 (sunt
734 2245 831 2277 enim
849 2244 958 2277 multi
981 2243 1150 2278 homines
1176 2244 1222 2277 ad
1234 2242 1444 2278 huiusmodi
1468 2243 1630 2276 facinora
1654 2254 1741 2288 per-

282 2289 459 2335 petranda
478 2290 672 2324 admodum
696 2290 887 2335 proclives,
911 2302 984 2335 quo
1005 2291 1096 2324 belli
1121 2290 1207 2323 inde
1228 2290 1367 2324 occasio
1385 2290 1547 2335 oriatur,)
1562 2295 1738 2323 statutum

284 2341 363 2375 est,
391 2340 432 2368 ut
457 2336 496 2369 in
521 2336 701 2371 eiusmodi
726 2337 882 2371 iniurias
904 2337 1102 2382 diligenter
1126 2336 1343 2383 inquiratur,
1370 2342 1407 2370 et
1427 2336 1581 2377 iudices,
1608 2337 1674 2382 qui
1696 2336 1739 2371 in.

283 2383 477 2428 utriusque
502 2384 605 2428 regni
632 2384 800 2417 confiniis
824 2384 896 2418 iuri
925 2383 1084 2418 dicundo
1119 2389 1205 2416 sunt
1240 2382 1464 2428 praepositi,
1501 2383 1539 2415 in
1563 2394 1627 2416 eos
1652 2383 1739 2416 ani-

282 2428 521 2463 madvertant.
549 2430 623 2474 Qui
639 2431 669 2463 si
686 2430 896 2464 coercendis
909 2430 1146 2464 finitimorum
1168 2429 1328 2463 dissidiis
1343 2440 1417 2462 non
1437 2429 1632 2470 sufficiant,
1652 2441 1739 2462 san-

284 2476 395 2516 citur,
413 2479 455 2507 ut
478 2475 696 2521 disceptatio
713 2477 760 2509 ad
777 2477 1001 2523 praefectum
1019 2477 1181 2510 Orientis
1202 2476 1481 2516 transmittatur,
1508 2477 1572 2521 qui
1593 2476 1623 2509 si
1639 2475 1737 2509 intra

284 2533 348 2556 sex
371 2532 511 2555 menses
547 2525 836 2558 concertationes
874 2525 960 2557 illas
991 2534 1066 2557 non
1091 2523 1314 2563 resecuerit,
1352 2527 1389 2555 et
1414 2521 1547 2556 damno
1586 2523 1735 2556 affectus

282 2580 360 2602 non
386 2570 576 2612 receperit,
611 2569 711 2614 quo-ssl
734 2570 918 2614 perdidit,
948 2581 1044 2611 eum,
1073 2571 1136 2615 qui
1161 2569 1332 2602 iniuriam
1363 2570 1502 2609 intulit,
1536 2568 1737 2602 obnoxium

283 2616 363 2650 fore
393 2616 500 2649 alteri
527 2617 566 2649 in
591 2616 752 2660 duplum.
802 2617 840 2650 Si
868 2629 914 2651 ne
942 2617 993 2651 sic
1019 2615 1168 2662 quidem
1193 2626 1248 2649 res
1274 2615 1383 2648 finem
1411 2615 1613 2661 acceperit,
1637 2625 1735 2660 pars,

312 2673 380 2696 uae
414 2673 584 2708 oppressa
617 2662 740 2703 fuerit,
778 2663 995 2706 legationem
1028 2663 1150 2697 mittat
1181 2662 1227 2695 ad
1263 2673 1381 2707 regem
1419 2663 1518 2703 cius,
1559 2662 1624 2708 qui
1658 2662 1734 2696 vim

301 2708 432 2748 facerit,
471 2720 492 2742 a
526 2719 599 2754 quo
625 2719 708 2754 rege
742 2709 912 2743 damnum
941 2712 971 2743 si
1009 2721 1084 2743 non
1109 2708 1353 2753 rependatur,
1392 2719 1514 2754 neque
1551 2707 1735 2754 duplicem

285 2755 443 2794 iniuriae
478 2756 751 2792 restitutionem
775 2755 894 2790 laesus
925 2758 1024 2791 intra
1047 2755 1308 2803 praescriptum
1343 2755 1430 2789 anui
1466 2761 1609 2801 tempus
1640 2753 1737 2789 acci-
