1924 3164
730 199 1079 244 FRAGMENTA.
1517 176 1626 245 ‘'105

192 329 282 367 τες,
330 313 435 370 πρὸς
472 311 572 362 τούς
606 311 762 369 φόνους
801 315 874 354 και·
897 309 1002 368 πρὸς
1035 308 1114 365 τὴν
1145 308 1265 352 λείαν
1290 305 1631 364 ἆπαγορευοντες.

195 381 294 421 Voc.
323 376 591 435 ἀπαγορεύει.

299 442 376 499 λβ’.
432 446 623 499 Ζεῦγμα.

293 508 366 565 λγ’.
398 508 450 553 Οἱ
496 511 544 552 δὲ
595 502 750 553 offrre·
786 507 924 551 πλατῦ
983 504 1267 564 καγχιέσαντες
1301 500 1469 565 (ἔχοντα
1525 506 1630 550 Voc-

163 575 403 631 ὄκαγχάζει.

297 639 372 684 λδ’.
405 635 515 685 Οὔτε
542 635 679 690 ἄλλως
719 638 765 682 τὸ
804 641 1114 695 μεγαλοπρεπὲς
1157 637 1264 681 κατὰ
1290 637 1366 694 τήν
1394 636 1560 680 διἀιταν
1584 636 1631 680 ἔν

187 713 281 757 ταῖς
305 704 468 761 μάχαις
493 708 587 749 ἐστὶ
611 704 917 763 φιλοκίνδυνον.
976 707 1024 748 V
1017 721 1077 748 oc.
1105 704 1434 760 μεγαλοπρεπής.

298 772 367 815 λε’.
429 771 511 815 Τὸν
539 769 675 815 πάντα
701 771 794 826 βίον
822 772 957 813 αὖτοῢ
985 769 1370 826 συντεκμηράμενος
1400 772 1445 812 ἐκ
1462 770 1546 811 ταῖν
1562 770 1631 812 ἒν·-

188 840 327 895 αργῶν
364 839 464 895 περὶ
505 836 635 880 αὐτὸν
661 834 887 892 συμβόλων
922 852 967 880 τε
1005 838 1078 879 καὶ
1102 836 1299 892 σημείων.
1358 837 1404 877 V
1399 851 1459 878 oc.
1486 849 1631 878 συντε-

142 905 463 961 ιοκμηράμενος.

295 970 370 1019 λς’.
417 970 489 1021 Ὡς
516 967 621 1012 κατά
647 985 766 1019 τινας
794 969 1047 1025 διαμέτρους
1083 967 1254 1024 κεραίας
1289 967 1523 1022 „effac-‘rm
1552 964 1632 1020 τὴν

185 1037 374 1092 γλῶτταν
400 1042 492 1086 ταῖς
519 1035 761 1085 ἀντιτύποις
787 1038 1020 1090 συμβολαῖς
1055 1036 1152 1080 τῶν,
1177 1029 1345 1077 ἇκίδων.
1403 1034 1450 1075 V
1447 1047 1507 1074 oc.
1535 1028 1632 1073 διά-

184 1118 349 1158 μετρος.

294 1166 369 1219 λζ’.
423 1166 552 1210 Κατὰ
588 1166 763 1218 τούτους
799 1165 899 1217 τούς
937 1165 1120 1223 χρόνους
1152 1163 1234 1207 ὕπὸ
1272 1166 1347 1221 τῆς
1386 1160 1630 1220 ἀνδρώδους

139 1232 386 1288 ιόγυναικὸς
412 1230 534 1289 ἔργον
561 1233 855 1288 κατετολμὴθη
892 1232 966 1274 καί
990 1230 1268 1287 συνεπράχθη
1301 1235 1488 1284 γενναῖον
1515 1226 1629 1271 οὕτω

183 1299 258 1341 καί
282 1300 506 1354 α’νδραῖδες,
535 1296 643 1342 ὥστε
671 1294 845 1341 ἄπιστον
871 1294 979 1340 εἶναι
999 1298 1220 1352 διενεγκεῖν
1245 1297 1305 1346 εἰς
1324 1293 1400 1350 τὴν
1426 1293 1629 1350 διήγησιν.

186 1367 230 1408 V
227 1381 287 1408 oc.
316 1367 550 1419 διενεγκεῖν.

290 1431 366 1486 λη’.
422 1433 518 1473 Καὶ
557 1430 597 1473 οἷ
634 1431 714 1484 μὲν
741 1430 915 1473 παιδιάν
950 1445 1044 1472 τινα
1075 1430 1122 1472 ἐκ
1157 1429 1242 1471 τῶν
1267 1429 1475 1481 πολεμίων
1503 1427 1630 1484 57⁰⁶-

179 1511 323 1550 μενοι,
369 1498 571 1539 τοσοῦτον
598 1499 921 1552 ἐδυσχέραινον,
963 1493 1061 1539 ὅσον
1087 1491 1367 1551 ἠναγκάζοντο
1394 1496 1501 1552 βοᾷν
1529 1496 1627 1537 καθ’

128 1561 254 1612 ποοθς
279 1563 514 1616 ἐμβάλοιεν.
572 1564 668 1606 Voc.
698 1562 863 1604 παιδιά.

259 1660 267 1661 ff
289 1626 369 1670 23'.
417 1628 466 1671 ‘O
495 1631 541 1672 δὲ
567 1628 619 1672 τὰ
639 1629 888 1686 φρονήματα
906 1625 981 1669 καὶ
1001 1625 1102 1677 τούς
1121 1624 1291 1680 θυμούς
1317 1627 1403 1668 τῶν
1428 1641 1628 1682 στρατιω-

119 1691 124 1694 “
179 1697 264 1739 τῶν
293 1692 536 1753 ἀνηρέθιζε,
581 1697 655 1738 καί
679 1694 1024 1750 διαυχενιζεσθαι
1062 1691 1170 1750 πρὸς
1204 1690 1252 1734 τὸ
1293 1692 1512 1749 ἀγέρωχον
1533 1698 1628 1742 ταῖς

270 1829 328 1864 Ad
351 1830 394 1864 fr.
419 1831 476 1864 32.
535 1829 731 1863 Omisimus
769 1830 1010 1873 fragmentum
1047 1828 1230 1874 prolixum
1264 1838 1285 1861 a
1319 1826 1433 1862 Suida
1463 1838 1491 1862 s.
1525 1825 1563 1862 h.
1585 1838 1620 1862 v.

222 1878 229 1883 '
271 1878 467 1916 insertum,
499 1875 599 1922 quod
621 1877 752 1915 Dionis
784 1875 899 1909 Cassii
931 1885 1008 1909 esse
1041 1875 1228 1920 perspexit
1251 1874 1437 1915 Valesius,
1465 1884 1622 1920 eumque

273 1929 417 1958 secutus
443 1923 629 1957 Reimarus
651 1924 750 1957 inter
771 1922 931 1956 Dioneas
954 1921 1127 1967 reliquias
1153 1919 1279 1954 edidit.
1378 1919 1429 1965 ¹4·
1454 1921 1521 1956 Pro
1556 1921 1623 1963 τῆς

274 1971 368 2004 coni.
389 1971 431 2004 B.
462 1980 578 2007 τινος.

272 2095 327 2129 32.
377 2094 549 2128 Iunctura
575 2092 688 2126 fluvii.

272 2142 328 2175 33.
375 2141 502 2175 Hunni
525 2150 610 2175 vero
637 2141 751 2173 effuso
775 2139 849 2171 risu
874 2136 1033 2171 ridentes
1060 2136 1244 2174 abierunt.
1516 2158 1519 2161 -

272 2188 327 2231 34.
374 2187 502 2241 Neque
534 2187 668 2220 frustra
705 2185 993 2230 magnificentia,
1026 2194 1099 2229 qua
1133 2183 1225 2217 belli
1258 2181 1367 2217 duces
1401 2185 1555 2217 utuntur
1579 2182 1622 2217 ln

180 2233 393 2280 quotidiana
418 2239 515 2267 vitae
542 2234 704 2274 ratione,
737 2233 777 2266 in
800 2231 949 2277 praeliis
973 2235 1029 2264 est
1050 2230 1296 2276 periculorum
1319 2239 1455 2264 amans.

273 2282 328 2315 35.
376 2280 529 2314 Omnem
553 2279 631 2313 eius
655 2280 766 2312 vitam
797 2289 864 2324 per
888 2278 1132 2311 coniecturam
1156 2281 1340 2310 assecutus
1366 2287 1412 2310 ex
1436 2275 1620 2311 evidenti-

179 2326 248 2361 bus
273 2326 418 2360 indiciis
442 2333 480 2361 et
502 2327 613 2372 signis
635 2326 675 2359 in
699 2326 778 2371 ipso
804 2324 998 2369 diligenter
1021 2322 1218 2357 observatis
1241 2322 1378 2357 ductas.

273 2374 328 2408 36.
378 2375 431 2406 lta
457 2378 499 2406 ut
522 2373 720 2407 secundum
745 2370 921 2417 quosdam
945 2369 1148 2407 diametros,
1164 2374 1345 2405 antennae
1366 2369 1528 2415 linguam
1550 2368 1618 2403 ad-

180 2419 291 2455 versis
314 2420 536 2465 spiculorum
560 2417 808 2464 congressibus
841 2416 1062 2451 decussatam
1085 2415 1274 2451 haberent.

273 2466 330 2510 37.
376 2466 440 2500 His
457 2465 683 2511 temporibus
709 2465 849 2498 facinus
870 2462 1052 2510 quoddam
1076 2462 1246 2498 audacter
1269 2467 1476 2509 susceptum
1498 2462 1573 2496 fuit
1593 2472 1616 2494 a

179 2511 279 2545 virili
302 2510 451 2546 muliere
475 2519 512 2547 et
537 2512 741 2547 confectum
768 2515 842 2552 est,
867 2509 958 2544 adeo
983 2520 1194 2556 generosum
1213 2515 1252 2544 et
1272 2510 1394 2552 virile,
1420 2515 1466 2545 ut
1495 2510 1620 2544 incre-

183 2557 298 2591 dibile
321 2557 390 2598 sit,
412 2562 442 2594 si
467 2560 506 2592 in
529 2560 775 2593 narrationem
803 2556 1012 2592 deducatur.

276 2605 332 2640 38.
379 2603 425 2637 Et
447 2606 503 2639 illi
528 2605 677 2652 quidem
702 2605 831 2639 ludum
855 2603 1034 2650 quendam
1059 2602 1104 2636 ab
1128 2602 1298 2637 hostibus
1321 2602 1402 2637 ludi
1424 2605 1617 2648 putantes,

182 2655 324 2684 tantum
348 2649 648 2695 indignabantur,
686 2657 863 2699 quantum
898 2650 1120 2696 cogebantur
1141 2649 1333 2685 vociferari
1363 2654 1488 2683 contra
1511 2648 1633 2688 illos„

182 2699 223 2731 in
251 2707 341 2744 quos
366 2696 636 2741 impressionem
662 2699 843 2733 fecissent.

275 2746 332 2788 39.
380 2743 448 2778 Ille
471 2755 556 2780 vero
582 2747 740 2782 militum
773 2745 919 2790 spiritus
951 2749 988 2779 et
1021 2744 1159 2780 animos
1185 2741 1376 2790 irritabat,
1411 2747 1448 2777 et
1471 2745 1616 2790 utere-
