<?xml version="1.0" encoding="UTF-8"?>
<!DOCTYPE html PUBLIC "-//W3C//DTD XHTML 1.0 Transitional//EN"
    "http://www.w3.org/TR/xhtml1/DTD/xhtml1-transitional.dtd">
<html xmlns="http://www.w3.org/1999/xhtml" xml:lang="en" lang="en">
 <head>
  <title>
</title>
<meta http-equiv="Content-Type" content="text/html;charset=utf-8" />
  <meta name='ocr-system' content='tesseract 3.04.00' />
  <meta name='ocr-capabilities' content='ocr_page ocr_carea ocr_par ocr_line ocrx_word'/>
</head>
<body>
  <div class='ocr_page' id='page_1' title='image "./corpusscriptorum10niebuoft_0132.png"; bbox 0 0 1924 3164; ppageno 0'>
   <div class='ocr_carea' id='block_1_1' title="bbox 342 154 1203 229">
    <p class='ocr_par' dir='ltr' id='par_1_1' title="bbox 342 154 1203 229">
     <span class='ocr_line' id='line_1_1' title="bbox 342 154 1203 229; baseline 0.003 -19"><span class='ocrx_word' id='word_1_1' title='bbox 342 154 426 229; x_wconf 17' lang='lat'><strong>¹78</strong></span> <span class='ocrx_word' id='word_1_2' title='bbox 929 171 1203 214; x_wconf 74' lang='lat' dir='ltr'><strong>EXCERPTA</strong></span> 
     </span>
    </p>
   </div>
   <div class='ocr_carea' id='block_1_2' title="bbox 166 267 1812 853">
    <p class='ocr_par' dir='ltr' id='par_1_2' title="bbox 166 267 1812 853">
     <span class='ocr_line' id='line_1_2' title="bbox 172 267 1786 337; baseline 0.003 -23"><span class='ocrx_word' id='word_1_3' title='bbox 172 277 342 324; x_wconf 77' lang='lat' dir='ltr'><strong>A.c.378</strong></span> <span class='ocrx_word' id='word_1_4' title='bbox 354 274 447 315; x_wconf 68' lang='grc' dir='ltr'><em>ἀλλ’</em></span> <span class='ocrx_word' id='word_1_5' title='bbox 487 267 552 315; x_wconf 78' lang='grc' dir='ltr'><strong>ὅτι</strong></span> <span class='ocrx_word' id='word_1_6' title='bbox 605 273 782 314; x_wconf 77' lang='grc' dir='ltr'><em>τοιαῦτα</em></span> <span class='ocrx_word' id='word_1_7' title='bbox 827 271 1090 328; x_wconf 83' lang='grc' dir='ltr'><em>στρατόπεδα</em></span> <span class='ocrx_word' id='word_1_8' title='bbox 1135 272 1357 316; x_wconf 77' lang='grc' dir='ltr'><strong><em>καταλύειν</em></strong></span> <span class='ocrx_word' id='word_1_9' title='bbox 1396 276 1604 332; x_wconf 78' lang='grc' dir='ltr'><strong><em>συμφέρει</em></strong></span> <span class='ocrx_word' id='word_1_10' title='bbox 1646 277 1786 337; x_wconf 75' lang='grc' dir='ltr'><em>χρόνῳ</em></span> 
     </span>
     <span class='ocr_line' id='line_1_3' title="bbox 166 325 1788 411; baseline 0.004 -33"><span class='ocrx_word' id='word_1_11' title='bbox 166 325 543 411; x_wconf 44' lang='grc' dir='ltr'><em>νᾶιῙῙΙῙῒξτριζθοντα</em></span> <span class='ocrx_word' id='word_1_12' title='bbox 582 336 657 393; x_wconf 85' lang='grc' dir='ltr'><strong>τὸν</strong></span> <span class='ocrx_word' id='word_1_13' title='bbox 698 336 877 391; x_wconf 84' lang='grc' dir='ltr'><em>πόλεμον</em></span> <span class='ocrx_word' id='word_1_14' title='bbox 924 337 997 379; x_wconf 81' lang='grc' dir='ltr'><em>καί</em></span> <span class='ocrx_word' id='word_1_15' title='bbox 1031 338 1327 394; x_wconf 80' lang='grc' dir='ltr'><em>περικόπτοντα</em></span> <span class='ocrx_word' id='word_1_16' title='bbox 1360 338 1437 389; x_wconf 80' lang='grc' dir='ltr'><strong>τὰς</strong></span> <span class='ocrx_word' id='word_1_17' title='bbox 1474 337 1673 397; x_wconf 76' lang='grc' dir='ltr'><em>α’φορμάς</em></span> <span class='ocrx_word' id='word_1_18' title='bbox 1702 345 1788 385; x_wconf 77' lang='grc' dir='ltr'><strong>τῶν</strong></span> 
     </span>
     <span class='ocr_line' id='line_1_4' title="bbox 239 396 1790 459; baseline 0.003 -15"><span class='ocrx_word' id='word_1_19' title='bbox 239 398 246 406; x_wconf 74' lang='grc'>’</span> <span class='ocrx_word' id='word_1_20' title='bbox 275 396 282 405; x_wconf 68' lang='grc'><strong><em>’</em></strong></span> <span class='ocrx_word' id='word_1_21' title='bbox 348 404 609 458; x_wconf 63' lang='grc' dir='ltr'><em>ἐπιτηδειων,</em></span> <span class='ocrx_word' id='word_1_22' title='bbox 646 398 770 451; x_wconf 63' lang='grc' dir='ltr'><em>ὅπως</em></span> <span class='ocrx_word' id='word_1_23' title='bbox 807 403 882 459; x_wconf 71' lang='grc' dir='ltr'><strong>ὑφ’</strong></span> <span class='ocrx_word' id='word_1_24' title='bbox 910 399 1072 446; x_wconf 73' lang='grc' dir='ltr'><em>ἑαυτῶν</em></span> <span class='ocrx_word' id='word_1_25' title='bbox 1103 409 1342 458; x_wconf 79' lang='grc' dir='ltr'><em>πολεμοῖντο</em></span> <span class='ocrx_word' id='word_1_26' title='bbox 1373 406 1425 446; x_wconf 84' lang='grc' dir='ltr'><strong>δι’</strong></span> <span class='ocrx_word' id='word_1_27' title='bbox 1454 404 1617 448; x_wconf 81' lang='grc' dir='ltr'><em>ἔνδειαν</em></span> <span class='ocrx_word' id='word_1_28' title='bbox 1643 407 1790 453; x_wconf 79' lang='grc' dir='ltr'><em>πολλοὶ</em></span> 
     </span>
     <span class='ocr_line' id='line_1_5' title="bbox 177 466 1786 525; baseline 0.007 -21"><span class='ocrx_word' id='word_1_29' title='bbox 177 467 641 523; x_wconf 72' lang='grc' dir='ltr'><em>Οοιὶ.αὸ4τυγχάνοντες,</em></span> <span class='ocrx_word' id='word_1_30' title='bbox 671 469 744 510; x_wconf 83' lang='grc' dir='ltr'>καί</span> <span class='ocrx_word' id='word_1_31' title='bbox 768 466 827 523; x_wconf 76' lang='grc' dir='ltr'><strong>μή</strong></span> <span class='ocrx_word' id='word_1_32' title='bbox 859 467 965 523; x_wconf 87' lang='grc' dir='ltr'><em>πρὸς</em></span> <span class='ocrx_word' id='word_1_33' title='bbox 997 467 1135 525; x_wconf 42' lang='grc' dir='ltr'><em>’τύχην</em></span> <span class='ocrx_word' id='word_1_34' title='bbox 1176 469 1584 524; x_wconf 84' lang='grc' dir='ltr'><em>οἷποκινδυνεύωσιν,</em></span> <span class='ocrx_word' id='word_1_35' title='bbox 1625 473 1712 514; x_wconf 70' lang='grc' dir='ltr'><em>ἀλλ’</em></span> <span class='ocrx_word' id='word_1_36' title='bbox 1741 474 1786 515; x_wconf 91' lang='grc' dir='ltr'><strong>ἐν</strong></span> 
     </span>
     <span class='ocr_line' id='line_1_6' title="bbox 347 530 1812 595; baseline 0.005 -20"><span class='ocrx_word' id='word_1_37' title='bbox 347 530 493 591; x_wconf 74' lang='grc' dir='ltr'><em>ἀπόρῳ</em></span> <span class='ocrx_word' id='word_1_38' title='bbox 521 532 596 574; x_wconf 85' lang='grc' dir='ltr'><em>καί</em></span> <span class='ocrx_word' id='word_1_39' title='bbox 619 532 666 574; x_wconf 85' lang='grc' dir='ltr'><strong>τὸ</strong></span> <span class='ocrx_word' id='word_1_40' title='bbox 701 533 957 577; x_wconf 79' lang='grc' dir='ltr'><em>κινδυνεύειν</em></span> <span class='ocrx_word' id='word_1_41' title='bbox 993 533 1174 591; x_wconf 77' lang='grc' dir='ltr'><em>ἔχωσιν,</em></span> <span class='ocrx_word' id='word_1_42' title='bbox 1211 537 1284 579; x_wconf 83' lang='grc' dir='ltr'><strong>ε’πί</strong></span> <span class='ocrx_word' id='word_1_43' title='bbox 1308 542 1393 587; x_wconf 83' lang='grc' dir='ltr'><em>τοῖς</em></span> <span class='ocrx_word' id='word_1_44' title='bbox 1419 538 1622 588; x_wconf 80' lang='grc' dir='ltr'><em>ἐναντίοις</em></span> <span class='ocrx_word' id='word_1_45' title='bbox 1658 534 1812 595; x_wconf 69' lang='grc' dir='ltr'><em>οὔσηςό</em></span> 
     </span>
     <span class='ocr_line' id='line_1_7' title="bbox 342 598 752 655; baseline -0.002 -13"><span class='ocrx_word' id='word_1_46' title='bbox 342 601 416 655; x_wconf 78' lang='grc' dir='ltr'><strong>τῆς</strong></span> <span class='ocrx_word' id='word_1_47' title='bbox 441 598 752 653; x_wconf 80' lang='grc' dir='ltr'><em>ἐπιχειρήσεως.</em></span> 
     </span>
     <span class='ocr_line' id='line_1_8' title="bbox 446 660 1786 725; baseline 0.004 -19"><span class='ocrx_word' id='word_1_48' title='bbox 446 660 520 713; x_wconf 66' lang='lat'><strong>‘529</strong></span> <span class='ocrx_word' id='word_1_49' title='bbox 551 665 598 705; x_wconf 86' lang='grc' dir='ltr'><strong>δὲ</strong></span> <span class='ocrx_word' id='word_1_50' title='bbox 625 660 678 718; x_wconf 77' lang='grc' dir='ltr'><strong>ἦν</strong></span> <span class='ocrx_word' id='word_1_51' title='bbox 703 664 903 710; x_wconf 76' lang='grc' dir='ltr'><em>τοιούτων</em></span> <span class='ocrx_word' id='word_1_52' title='bbox 931 669 1088 724; x_wconf 79' lang='grc' dir='ltr'><em>οῗρετῶν</em></span> <span class='ocrx_word' id='word_1_53' title='bbox 1124 668 1151 723; x_wconf 78' lang='grc' dir='ltr'><em>ἦ</em></span> <span class='ocrx_word' id='word_1_54' title='bbox 1183 669 1323 724; x_wconf 80' lang='grc' dir='ltr'><em>κτῆσις</em></span> <span class='ocrx_word' id='word_1_55' title='bbox 1347 671 1370 692; x_wconf 76' lang='lat'><em>*</em></span> <span class='ocrx_word' id='word_1_56' title='bbox 1430 694 1474 701; x_wconf 92' lang='lat'><strong>—-</strong></span> <span class='ocrx_word' id='word_1_57' title='bbox 1507 668 1786 725; x_wconf 80' lang='grc' dir='ltr'><em>σπανιώτερον</em></span> 
     </span>
     <span class='ocr_line' id='line_1_9' title="bbox 345 726 1790 791; baseline 0.003 -19"><span class='ocrx_word' id='word_1_58' title='bbox 345 732 392 772; x_wconf 85' lang='grc' dir='ltr'><strong>δὲ</strong></span> <span class='ocrx_word' id='word_1_59' title='bbox 430 729 553 772; x_wconf 74' lang='grc' dir='ltr'><em>οὐδὲν</em></span> <span class='ocrx_word' id='word_1_60' title='bbox 592 726 763 787; x_wconf 78' lang='grc' dir='ltr'><em>ἆρετῆς“’</em></span> <span class='ocrx_word' id='word_1_61' title='bbox 788 733 834 775; x_wconf 82' lang='grc' dir='ltr'><strong>ἐν</strong></span> <span class='ocrx_word' id='word_1_62' title='bbox 873 732 982 787; x_wconf 83' lang='grc' dir='ltr'><em>βίοις</em></span> <span class='ocrx_word' id='word_1_63' title='bbox 1019 735 1345 791; x_wconf 71' lang='grc' dir='ltr'><em>διεφθαρμένοις</em></span> <span class='ocrx_word' id='word_1_64' title='bbox 1391 736 1465 776; x_wconf 80' lang='grc' dir='ltr'><em>καί</em></span> <span class='ocrx_word' id='word_1_65' title='bbox 1501 735 1683 789; x_wconf 79' lang='grc' dir='ltr'><em>α’γωγαῖς</em></span> <span class='ocrx_word' id='word_1_66' title='bbox 1715 732 1790 778; x_wconf 67' lang='grc' dir='ltr'><strong>ἐπὶ</strong></span> 
     </span>
     <span class='ocr_line' id='line_1_10' title="bbox 340 800 1467 853; baseline 0.012 -19"><span class='ocrx_word' id='word_1_67' title='bbox 340 800 487 851; x_wconf 80' lang='grc' dir='ltr'><em>χεῖρον</em></span> <span class='ocrx_word' id='word_1_68' title='bbox 513 801 952 853; x_wconf 84' lang='grc' dir='ltr'><em>προκατειλημμέναις.</em></span> <span class='ocrx_word' id='word_1_69' title='bbox 1463 814 1467 817; x_wconf 76' lang='grc'><strong>“</strong></span> 
     </span>
    </p>
   </div>
   <div class='ocr_carea' id='block_1_3' title="bbox 451 857 1902 921">
    <p class='ocr_par' dir='ltr' id='par_1_3' title="bbox 451 857 1902 921">
     <span class='ocr_line' id='line_1_11' title="bbox 451 857 1902 921; baseline 0.004 -19"><span class='ocrx_word' id='word_1_70' title='bbox 451 857 538 914; x_wconf 88' lang='grc' dir='ltr'><em>μα’.</em></span> <span class='ocrx_word' id='word_1_71' title='bbox 582 858 672 904; x_wconf 80' lang='lat' dir='ltr'><em>‘&#39;On</em></span> <span class='ocrx_word' id='word_1_72' title='bbox 700 863 981 917; x_wconf 80' lang='grc' dir='ltr'><em>Σεβαστιανὸς</em></span> <span class='ocrx_word' id='word_1_73' title='bbox 1008 863 1084 920; x_wconf 79' lang='grc' dir='ltr'><strong>την</strong></span> <span class='ocrx_word' id='word_1_74' title='bbox 1112 863 1338 921; x_wconf 74' lang='grc' dir='ltr'><em>ἡγεμονίαν</em></span> <span class='ocrx_word' id='word_1_75' title='bbox 1390 863 1507 921; x_wconf 81' lang='grc' dir='ltr'><em>παρὰ</em></span> <span class='ocrx_word' id='word_1_76' title='bbox 1544 867 1623 907; x_wconf 76' lang='grc' dir='ltr'><strong>τοῦ</strong></span> <span class='ocrx_word' id='word_1_77' title='bbox 1660 868 1840 919; x_wconf 75' lang='grc' dir='ltr'><em>βασι-ω</em></span> <span class='ocrx_word' id='word_1_78' title='bbox 1900 863 1902 866; x_wconf 56' lang='grc'>’</span> 
     </span>
    </p>
   </div>
   <div class='ocr_carea' id='block_1_4' title="bbox 157 925 1842 1710">
    <p class='ocr_par' dir='ltr' id='par_1_4' title="bbox 157 925 1842 1710">
     <span class='ocr_line' id='line_1_12' title="bbox 342 925 1786 988; baseline 0.003 -19"><span class='ocrx_word' id='word_1_79' title='bbox 342 929 448 977; x_wconf 85' lang='grc' dir='ltr'><strong>λὲως</strong></span> <span class='ocrx_word' id='word_1_80' title='bbox 491 925 737 979; x_wconf 75' lang='grc' dir='ltr'><em>Οὖοὶλεντος-</em></span> <span class='ocrx_word' id='word_1_81' title='bbox 773 929 957 987; x_wconf 79' lang='grc' dir='ltr'><em>εἰληφώς</em></span> <span class='ocrx_word' id='word_1_82' title='bbox 994 931 1110 988; x_wconf 80' lang='grc' dir='ltr'><em>παρὰ</em></span> <span class='ocrx_word' id='word_1_83' title='bbox 1151 933 1316 975; x_wconf 83' lang='grc' dir='ltr'><em>πάντων</em></span> <span class='ocrx_word' id='word_1_84' title='bbox 1353 930 1555 974; x_wconf 75' lang='grc' dir='ltr'><em>ὑπόνοιαν</em></span> <span class='ocrx_word' id='word_1_85' title='bbox 1603 933 1786 986; x_wconf 49' lang='grc' dir='ltr'><em>δισχιλίό</em></span> 
     </span>
     <span class='ocr_line' id='line_1_13' title="bbox 343 987 1787 1053; baseline 0.002 -19"><span class='ocrx_word' id='word_1_86' title='bbox 343 1008 417 1043; x_wconf 91' lang='grc' dir='ltr'><strong>ους</strong></span> <span class='ocrx_word' id='word_1_87' title='bbox 442 987 595 1050; x_wconf 66' lang='grc' dir='ltr'><strong>ιτ’]’τησεν</strong></span> <span class='ocrx_word' id='word_1_88' title='bbox 619 992 811 1044; x_wconf 83' lang='grc' dir='ltr'><em>ὁπλίτας.</em></span> <span class='ocrx_word' id='word_1_89' title='bbox 866 994 944 1051; x_wconf 77' lang='grc' dir='ltr'><strong>τήν</strong></span> <span class='ocrx_word' id='word_1_90' title='bbox 981 997 1027 1039; x_wconf 84' lang='grc' dir='ltr'><strong>δὲ</strong></span> <span class='ocrx_word' id='word_1_91' title='bbox 1056 998 1248 1047; x_wconf 80' lang='grc' dir='ltr'><em>ἐξουσίαν</em></span> <span class='ocrx_word' id='word_1_92' title='bbox 1283 998 1356 1052; x_wconf 82' lang='grc' dir='ltr'><strong>τῆς</strong></span> <span class='ocrx_word' id='word_1_93' title='bbox 1406 997 1607 1053; x_wconf 81' lang='grc' dir='ltr'><em>αἱρέσεως</em></span> <span class='ocrx_word' id='word_1_94' title='bbox 1659 994 1787 1046; x_wconf 73' lang='grc' dir='ltr'><em>αὐτὸς</em></span> 
     </span>
     <span class='ocr_line' id='line_1_14' title="bbox 340 1058 1786 1118; baseline 0.001 -18"><span class='ocrx_word' id='word_1_95' title='bbox 340 1058 603 1114; x_wconf 77' lang='grc' dir='ltr'><em>ἐπιτραπείς,</em></span> <span class='ocrx_word' id='word_1_96' title='bbox 629 1062 705 1101; x_wconf 80' lang='grc' dir='ltr'><strong>τοῦ</strong></span> <span class='ocrx_word' id='word_1_97' title='bbox 731 1062 937 1114; x_wconf 83' lang='grc' dir='ltr'><em>βασιλέως</em></span> <span class='ocrx_word' id='word_1_98' title='bbox 975 1063 1048 1103; x_wconf 81' lang='grc' dir='ltr'><em>καί</em></span> <span class='ocrx_word' id='word_1_99' title='bbox 1071 1061 1204 1118; x_wconf 81' lang='grc' dir='ltr'><em>χάριν</em></span> <span class='ocrx_word' id='word_1_100' title='bbox 1230 1061 1694 1117; x_wconf 81' lang='grc' dir='ltr'><em>προσομολογήσαντος,</em></span> <span class='ocrx_word' id='word_1_101' title='bbox 1722 1058 1786 1103; x_wconf 79' lang='grc' dir='ltr'><strong>ὅτι</strong></span> 
     </span>
     <span class='ocr_line' id='line_1_15' title="bbox 219 1121 1786 1184; baseline 0.003 -20"><span class='ocrx_word' id='word_1_102' title='bbox 219 1121 604 1174; x_wconf 70' lang='grc' dir='ltr'><em>Β.273κινδυνεύσει</em></span> <span class='ocrx_word' id='word_1_103' title='bbox 629 1124 730 1181; x_wconf 75' lang='grc' dir='ltr'><em>περὶ</em></span> <span class='ocrx_word' id='word_1_104' title='bbox 755 1126 999 1181; x_wconf 83' lang='grc' dir='ltr'><em>δισχιλίους,</em></span> <span class='ocrx_word' id='word_1_105' title='bbox 1030 1125 1120 1170; x_wconf 84' lang='grc' dir='ltr'><em>εἶτα</em></span> <span class='ocrx_word' id='word_1_106' title='bbox 1149 1129 1348 1184; x_wconf 81' lang='grc' dir='ltr'><em>ἐρομένου</em></span> <span class='ocrx_word' id='word_1_107' title='bbox 1369 1125 1446 1182; x_wconf 73' lang='grc' dir='ltr'><strong>τήν</strong></span> <span class='ocrx_word' id='word_1_108' title='bbox 1475 1127 1622 1180; x_wconf 83' lang='grc' dir='ltr'><em>αἰτίαν,</em></span> <span class='ocrx_word' id='word_1_109' title='bbox 1651 1128 1705 1168; x_wconf 87' lang='grc' dir='ltr'><strong>δι’</strong></span> <span class='ocrx_word' id='word_1_110' title='bbox 1733 1123 1786 1182; x_wconf 74' lang='grc' dir='ltr'><strong>ἦν</strong></span> 
     </span>
     <span class='ocr_line' id='line_1_16' title="bbox 324 1189 1842 1250; baseline 0.003 -16"><span class='ocrx_word' id='word_1_111' title='bbox 324 1191 507 1246; x_wconf 80' lang='grc' dir='ltr'><em>-ὄλίγους</em></span> <span class='ocrx_word' id='word_1_112' title='bbox 536 1193 669 1247; x_wconf 80' lang='grc' dir='ltr'><em>αἰτοίη</em></span> <span class='ocrx_word' id='word_1_113' title='bbox 681 1213 706 1246; x_wconf 88' lang='grc'><strong>,··</strong></span> <span class='ocrx_word' id='word_1_114' title='bbox 741 1191 795 1235; x_wconf 84' lang='grc' dir='ltr'><strong>τοὶ</strong></span> <span class='ocrx_word' id='word_1_115' title='bbox 838 1192 964 1235; x_wconf 85' lang='grc' dir='ltr'><em>λοιποὶ</em></span> <span class='ocrx_word' id='word_1_116' title='bbox 998 1192 1020 1234; x_wconf 83' lang='grc' dir='ltr'>ὅ</span> <span class='ocrx_word' id='word_1_117' title='bbox 1049 1191 1330 1248; x_wconf 79' lang='grc' dir='ltr'><em>Σεβαστιανὸς</em></span> <span class='ocrx_word' id='word_1_118' title='bbox 1371 1191 1453 1250; x_wconf 79' lang='grc' dir='ltr'><strong>ἔφη</strong></span> <span class='ocrx_word' id='word_1_119' title='bbox 1493 1191 1568 1235; x_wconf 83' lang='grc' dir='ltr'><strong>τὸν</strong></span> <span class='ocrx_word' id='word_1_120' title='bbox 1607 1189 1842 1245; x_wconf 68' lang='grc' dir='ltr'><em>πόλεμονιῦ</em></span> 
     </span>
     <span class='ocr_line' id='line_1_17' title="bbox 341 1254 1785 1315; baseline 0 -16"><span class='ocrx_word' id='word_1_121' title='bbox 341 1258 532 1314; x_wconf 74' lang='grc' dir='ltr'><em>εὑρήσειν</em></span> <span class='ocrx_word' id='word_1_122' title='bbox 546 1275 559 1287; x_wconf 92' lang='grc'><em>·</em></span> <span class='ocrx_word' id='word_1_123' title='bbox 614 1264 701 1307; x_wconf 87' lang='grc' dir='ltr'><em>τοῖς</em></span> <span class='ocrx_word' id='word_1_124' title='bbox 737 1257 820 1314; x_wconf 73' lang='grc' dir='ltr'><strong>γάρ</strong></span> <span class='ocrx_word' id='word_1_125' title='bbox 858 1254 910 1300; x_wconf 73' lang='grc' dir='ltr'><strong>εὖ</strong></span> <span class='ocrx_word' id='word_1_126' title='bbox 953 1259 1188 1315; x_wconf 83' lang='grc' dir='ltr'><em>πράττουσι</em></span> <span class='ocrx_word' id='word_1_127' title='bbox 1226 1258 1405 1309; x_wconf 79' lang='grc' dir='ltr'><em>πολλούς</em></span> <span class='ocrx_word' id='word_1_128' title='bbox 1446 1256 1785 1315; x_wconf 73' lang='grc' dir='ltr'><em>προσθήσεσθαι·</em></span> 
     </span>
     <span class='ocr_line' id='line_1_18' title="bbox 340 1321 1787 1379; baseline 0.001 -14"><span class='ocrx_word' id='word_1_129' title='bbox 340 1325 502 1378; x_wconf 75' lang='grc' dir='ltr'><em>πλῆθος</em></span> <span class='ocrx_word' id='word_1_130' title='bbox 542 1325 590 1365; x_wconf 85' lang='grc' dir='ltr'><strong>δὲ</strong></span> <span class='ocrx_word' id='word_1_131' title='bbox 625 1327 874 1377; x_wconf 79' lang='grc' dir='ltr'><em>μετακαλεῖν</em></span> <span class='ocrx_word' id='word_1_132' title='bbox 916 1325 962 1376; x_wconf 78' lang='grc' dir='ltr'><strong>ἐξ</strong></span> <span class='ocrx_word' id='word_1_133' title='bbox 1009 1324 1245 1379; x_wconf 71' lang='grc' dir='ltr'><em>ἀναγωγίας</em></span> <span class='ocrx_word' id='word_1_134' title='bbox 1286 1324 1509 1367; x_wconf 85' lang='grc' dir='ltr'><em>δύσκολον·</em></span> <span class='ocrx_word' id='word_1_135' title='bbox 1563 1321 1713 1379; x_wconf 82' lang='grc' dir='ltr'><em>ὄλίγων</em></span> <span class='ocrx_word' id='word_1_136' title='bbox 1739 1325 1787 1366; x_wconf 72' lang='grc' dir='ltr'><strong>δὲ</strong></span> 
     </span>
     <span class='ocr_line' id='line_1_19' title="bbox 341 1385 1788 1445; baseline 0 -14"><span class='ocrx_word' id='word_1_137' title='bbox 341 1389 586 1445; x_wconf 74' lang='grc' dir='ltr'><em>ἀρχομένων</em></span> <span class='ocrx_word' id='word_1_138' title='bbox 623 1390 667 1438; x_wconf 88' lang='grc' dir='ltr'><strong>ἐς</strong></span> <span class='ocrx_word' id='word_1_139' title='bbox 693 1387 741 1430; x_wconf 87' lang='grc' dir='ltr'><strong>τὸ</strong></span> <span class='ocrx_word' id='word_1_140' title='bbox 778 1388 909 1432; x_wconf 84' lang='grc' dir='ltr'><em>καλὸν</em></span> <span class='ocrx_word' id='word_1_141' title='bbox 946 1390 1356 1444; x_wconf 74' lang='grc' dir='ltr'><em>μεταπλασθέντων,</em></span> <span class='ocrx_word' id='word_1_142' title='bbox 1399 1391 1474 1432; x_wconf 82' lang='grc' dir='ltr'><em>καί</em></span> <span class='ocrx_word' id='word_1_143' title='bbox 1508 1392 1584 1445; x_wconf 86' lang='grc' dir='ltr'><strong>τῆς</strong></span> <span class='ocrx_word' id='word_1_144' title='bbox 1622 1385 1788 1444; x_wconf 78' lang='grc' dir='ltr'><em>ἆγωγῆς</em></span> 
     </span>
     <span class='ocr_line' id='line_1_20' title="bbox 341 1451 1785 1514; baseline -0.001 -17"><span class='ocrx_word' id='word_1_145' title='bbox 341 1452 718 1509; x_wconf 79' lang='grc' dir='ltr'><em>ἐπιτυγχανούσης,</em></span> <span class='ocrx_word' id='word_1_146' title='bbox 772 1453 820 1496; x_wconf 90' lang='grc' dir='ltr'><strong>τό</strong></span> <span class='ocrx_word' id='word_1_147' title='bbox 847 1471 894 1509; x_wconf 77' lang='grc' dir='ltr'><strong>γε</strong></span> <span class='ocrx_word' id='word_1_148' title='bbox 922 1454 1028 1497; x_wconf 80' lang='grc' dir='ltr'><em>κατὰ</em></span> <span class='ocrx_word' id='word_1_149' title='bbox 1063 1453 1218 1511; x_wconf 81' lang='grc' dir='ltr'><em>μικρὸν</em></span> <span class='ocrx_word' id='word_1_150' title='bbox 1243 1453 1491 1511; x_wconf 82' lang='grc' dir='ltr'><em>προσιόντας</em></span> <span class='ocrx_word' id='word_1_151' title='bbox 1518 1455 1616 1514; x_wconf 77' lang='grc' dir='ltr'><em>ῥᾷον</em></span> <span class='ocrx_word' id='word_1_152' title='bbox 1639 1456 1709 1498; x_wconf 80' lang='grc' dir='ltr'><strong>ἐπὶ</strong></span> <span class='ocrx_word' id='word_1_153' title='bbox 1736 1451 1785 1497; x_wconf 79' lang='grc' dir='ltr'><strong>τὸ</strong></span> 
     </span>
     <span class='ocr_line' id='line_1_21' title="bbox 341 1519 1841 1577; baseline 0.006 -17"><span class='ocrx_word' id='word_1_154' title='bbox 341 1525 525 1577; x_wconf 79' lang='grc' dir='ltr'><em>κρεῖττον</em></span> <span class='ocrx_word' id='word_1_155' title='bbox 551 1519 880 1575; x_wconf 78' lang='grc' dir='ltr'><em>ἐνταθήσεσθαι.</em></span> <span class='ocrx_word' id='word_1_156' title='bbox 1783 1534 1841 1564; x_wconf 77' lang='lat'><strong>²0</strong></span> 
     </span>
     <span class='ocr_line' id='line_1_22' title="bbox 157 1582 1784 1644; baseline -0.001 -14"><span class='ocrx_word' id='word_1_157' title='bbox 157 1594 329 1643; x_wconf 23' lang='lat' dir='ltr'><strong>A.C.‘379</strong></span> <span class='ocrx_word' id='word_1_158' title='bbox 455 1584 541 1640; x_wconf 82' lang='grc' dir='ltr'><strong>μβ’.</strong></span> <span class='ocrx_word' id='word_1_159' title='bbox 589 1582 638 1628; x_wconf 88' lang='grc' dir='ltr'>Ὁ</span> <span class='ocrx_word' id='word_1_160' title='bbox 677 1587 725 1627; x_wconf 81' lang='grc' dir='ltr'><strong>δὲ</strong></span> <span class='ocrx_word' id='word_1_161' title='bbox 763 1585 966 1641; x_wconf 81' lang='grc' dir='ltr'><em>βασιλεύς</em></span> <span class='ocrx_word' id='word_1_162' title='bbox 1012 1588 1236 1637; x_wconf 88' lang='grc' dir='ltr'><em>Θεοδόσιος</em></span> <span class='ocrx_word' id='word_1_163' title='bbox 1275 1586 1546 1644; x_wconf 71' lang='grc' dir='ltr'><em>παραλαβών</em></span> <span class='ocrx_word' id='word_1_164' title='bbox 1577 1587 1784 1642; x_wconf 82' lang='grc' dir='ltr'><em>τοσαύτην</em></span> 
     </span>
     <span class='ocr_line' id='line_1_23' title="bbox 346 1649 1788 1710; baseline 0.001 -17"><span class='ocrx_word' id='word_1_165' title='bbox 346 1649 486 1708; x_wconf 81' lang='grc' dir='ltr'><em>οἷρχὴν</em></span> <span class='ocrx_word' id='word_1_166' title='bbox 523 1652 597 1693; x_wconf 80' lang='grc' dir='ltr'><em>καὶ</em></span> <span class='ocrx_word' id='word_1_167' title='bbox 642 1655 865 1706; x_wconf 85' lang='grc' dir='ltr'><em>βασιλείαν</em></span> <span class='ocrx_word' id='word_1_168' title='bbox 908 1653 1255 1710; x_wconf 80' lang='grc' dir='ltr'><em>συνεμαρτύρησε</em></span> <span class='ocrx_word' id='word_1_169' title='bbox 1295 1660 1384 1702; x_wconf 80' lang='grc' dir='ltr'><em>τοῖς</em></span> <span class='ocrx_word' id='word_1_170' title='bbox 1425 1657 1620 1702; x_wconf 84' lang='grc' dir='ltr'><em>παλαιοῖς</em></span> <span class='ocrx_word' id='word_1_171' title='bbox 1647 1649 1788 1707; x_wconf 79' lang='grc' dir='ltr'><em>ἡλίκον</em></span> 
     </span>
    </p>
   </div>
   <div class='ocr_carea' id='block_1_5' title="bbox 437 1749 1194 1800">
    <p class='ocr_par' dir='ltr' id='par_1_5' title="bbox 437 1749 1194 1800">
     <span class='ocr_line' id='line_1_24' title="bbox 437 1749 1194 1800; baseline 0 -13"><span class='ocrx_word' id='word_1_172' title='bbox 437 1764 489 1799; x_wconf 88' lang='lat'><strong>¹9-</strong></span> <span class='ocrx_word' id='word_1_173' title='bbox 515 1750 618 1799; x_wconf 77' lang='grc' dir='ltr'><em>τόγε]</em></span> <span class='ocrx_word' id='word_1_174' title='bbox 648 1749 732 1786; x_wconf 86' lang='grc' dir='ltr'><em>τότε</em></span> <span class='ocrx_word' id='word_1_175' title='bbox 758 1754 797 1787; x_wconf 73' lang='grc' dir='ltr'><strong>Βῑ.</strong></span> <span class='ocrx_word' id='word_1_176' title='bbox 978 1751 1114 1800; x_wconf 74' lang='grc' dir='ltr'><em>ῥᾴδιον</em></span> <span class='ocrx_word' id='word_1_177' title='bbox 1139 1754 1194 1789; x_wconf 80' lang='lat' dir='ltr'><strong>ed.</strong></span> 
     </span>
    </p>
   </div>
   <div class='ocr_carea' id='block_1_6' title="bbox 342 1842 1795 2113">
    <p class='ocr_par' dir='ltr' id='par_1_6' title="bbox 342 1842 1795 2113">
     <span class='ocr_line' id='line_1_25' title="bbox 343 1842 1788 1892; baseline 0 -14"><span class='ocrx_word' id='word_1_178' title='bbox 343 1844 549 1892; x_wconf 78' lang='lat' dir='ltr'><strong>gnandum3</strong></span> <span class='ocrx_word' id='word_1_179' title='bbox 584 1853 709 1877; x_wconf 86' lang='lat' dir='ltr'><strong>verum</strong></span> <span class='ocrx_word' id='word_1_180' title='bbox 733 1843 912 1876; x_wconf 86' lang='lat' dir='ltr'><strong>eiusmodi</strong></span> <span class='ocrx_word' id='word_1_181' title='bbox 942 1844 1120 1877; x_wconf 84' lang='lat' dir='ltr'><strong>exercitus</strong></span> <span class='ocrx_word' id='word_1_182' title='bbox 1148 1842 1326 1877; x_wconf 84' lang='lat' dir='ltr'><strong>trahendo</strong></span> <span class='ocrx_word' id='word_1_183' title='bbox 1349 1842 1449 1877; x_wconf 87' lang='lat' dir='ltr'><strong>bello</strong></span> <span class='ocrx_word' id='word_1_184' title='bbox 1475 1853 1553 1878; x_wconf 83' lang='lat' dir='ltr'><strong>esse</strong></span> <span class='ocrx_word' id='word_1_185' title='bbox 1588 1842 1788 1878; x_wconf 84' lang='lat' dir='ltr'><strong>dissolven-</strong></span> 
     </span>
     <span class='ocr_line' id='line_1_26' title="bbox 345 1888 1794 1933; baseline -0.001 -7"><span class='ocrx_word' id='word_1_186' title='bbox 345 1894 424 1933; x_wconf 81' lang='lat' dir='ltr'><strong>dos,</strong></span> <span class='ocrx_word' id='word_1_187' title='bbox 448 1891 642 1924; x_wconf 83' lang='lat' dir='ltr'><strong>subtractis</strong></span> <span class='ocrx_word' id='word_1_188' title='bbox 667 1890 815 1922; x_wconf 78' lang='lat' dir='ltr'><strong>interim</strong></span> <span class='ocrx_word' id='word_1_189' title='bbox 832 1888 1114 1930; x_wconf 70' lang='lat' dir='ltr'><strong>commeatibus,</strong></span> <span class='ocrx_word' id='word_1_190' title='bbox 1140 1895 1182 1923; x_wconf 92' lang='lat' dir='ltr'><strong>ut</strong></span> <span class='ocrx_word' id='word_1_191' title='bbox 1205 1890 1379 1924; x_wconf 84' lang='lat' dir='ltr'><strong>intestina</strong></span> <span class='ocrx_word' id='word_1_192' title='bbox 1404 1890 1620 1924; x_wconf 84' lang='lat' dir='ltr'><strong>necessitate</strong></span> <span class='ocrx_word' id='word_1_193' title='bbox 1643 1889 1794 1924; x_wconf 83' lang='lat' dir='ltr'><strong>vincan-</strong></span> 
     </span>
     <span class='ocr_line' id='line_1_27' title="bbox 342 1936 1795 1983; baseline -0.003 -10"><span class='ocrx_word' id='word_1_194' title='bbox 342 1944 424 1980; x_wconf 85' lang='lat' dir='ltr'><strong>tur,</strong></span> <span class='ocrx_word' id='word_1_195' title='bbox 448 1938 534 1972; x_wconf 90' lang='lat' dir='ltr'><strong>dum</strong></span> <span class='ocrx_word' id='word_1_196' title='bbox 558 1937 752 1970; x_wconf 83' lang='lat' dir='ltr'><strong>alimoniae</strong></span> <span class='ocrx_word' id='word_1_197' title='bbox 777 1936 969 1981; x_wconf 89' lang='lat' dir='ltr'><strong>penuriam</strong></span> <span class='ocrx_word' id='word_1_198' title='bbox 993 1947 1162 1970; x_wconf 85' lang='lat' dir='ltr'><strong>numerus</strong></span> <span class='ocrx_word' id='word_1_199' title='bbox 1187 1942 1416 1982; x_wconf 82' lang='lat' dir='ltr'><strong>praegravat:</strong></span> <span class='ocrx_word' id='word_1_200' title='bbox 1445 1947 1564 1983; x_wconf 84' lang='lat' dir='ltr'><strong>neque</strong></span> <span class='ocrx_word' id='word_1_201' title='bbox 1588 1937 1635 1969; x_wconf 82' lang='lat' dir='ltr'><strong>iis</strong></span> <span class='ocrx_word' id='word_1_202' title='bbox 1663 1946 1795 1970; x_wconf 87' lang='lat' dir='ltr'><strong>conce-</strong></span> 
     </span>
     <span class='ocr_line' id='line_1_28' title="bbox 344 1983 1787 2028; baseline -0.003 -8"><span class='ocrx_word' id='word_1_203' title='bbox 344 1984 517 2025; x_wconf 86' lang='lat' dir='ltr'><strong>dendum,</strong></span> <span class='ocrx_word' id='word_1_204' title='bbox 539 1988 581 2016; x_wconf 86' lang='lat' dir='ltr'><strong>ut</strong></span> <span class='ocrx_word' id='word_1_205' title='bbox 605 1983 786 2016; x_wconf 78' lang='lat' dir='ltr'><strong>fortunam</strong></span> <span class='ocrx_word' id='word_1_206' title='bbox 821 1984 1071 2027; x_wconf 80' lang='lat' dir='ltr'><strong>experiantur,</strong></span> <span class='ocrx_word' id='word_1_207' title='bbox 1105 1994 1229 2017; x_wconf 88' lang='lat' dir='ltr'><strong>verum</strong></span> <span class='ocrx_word' id='word_1_208' title='bbox 1251 1983 1486 2024; x_wconf 86' lang='lat' dir='ltr'><strong>efficiendum,</strong></span> <span class='ocrx_word' id='word_1_209' title='bbox 1510 1989 1552 2016; x_wconf 88' lang='lat' dir='ltr'><strong>ut</strong></span> <span class='ocrx_word' id='word_1_210' title='bbox 1574 1993 1620 2015; x_wconf 90' lang='lat' dir='ltr'><strong>ne</strong></span> <span class='ocrx_word' id='word_1_211' title='bbox 1644 1992 1787 2028; x_wconf 82' lang='lat' dir='ltr'><strong>pugnae</strong></span> 
     </span>
     <span class='ocr_line' id='line_1_29' title="bbox 343 2029 1787 2074; baseline -0.002 -8"><span class='ocrx_word' id='word_1_212' title='bbox 343 2031 541 2066; x_wconf 85' lang='lat' dir='ltr'><strong>tentandae</strong></span> <span class='ocrx_word' id='word_1_213' title='bbox 566 2029 776 2063; x_wconf 85' lang='lat' dir='ltr'><strong>facultatem</strong></span> <span class='ocrx_word' id='word_1_214' title='bbox 798 2029 953 2063; x_wconf 83' lang='lat' dir='ltr'><strong>liberam</strong></span> <span class='ocrx_word' id='word_1_215' title='bbox 975 2029 1157 2071; x_wconf 83' lang='lat' dir='ltr'><strong>habeant,</strong></span> <span class='ocrx_word' id='word_1_216' title='bbox 1183 2030 1284 2064; x_wconf 86' lang='lat' dir='ltr'><strong>cuius</strong></span> <span class='ocrx_word' id='word_1_217' title='bbox 1307 2029 1496 2063; x_wconf 86' lang='lat' dir='ltr'><strong>arbitrium</strong></span> <span class='ocrx_word' id='word_1_218' title='bbox 1521 2040 1634 2074; x_wconf 86' lang='lat' dir='ltr'><strong>penes</strong></span> <span class='ocrx_word' id='word_1_219' title='bbox 1659 2029 1787 2064; x_wconf 83' lang='lat' dir='ltr'><strong>adver-</strong></span> 
     </span>
     <span class='ocr_line' id='line_1_30' title="bbox 344 2077 543 2113; baseline -0.005 -1"><span class='ocrx_word' id='word_1_220' title='bbox 344 2079 459 2113; x_wconf 87' lang='lat' dir='ltr'><strong>sarios</strong></span> <span class='ocrx_word' id='word_1_221' title='bbox 485 2077 543 2111; x_wconf 81' lang='lat' dir='ltr'><strong>sit.</strong></span> 
     </span>
    </p>
   </div>
   <div class='ocr_carea' id='block_1_7' title="bbox 346 2120 1787 2264">
    <p class='ocr_par' dir='ltr' id='par_1_7' title="bbox 346 2120 1787 2264">
     <span class='ocr_line' id='line_1_31' title="bbox 442 2120 1787 2170; baseline -0.001 -13"><span class='ocrx_word' id='word_1_222' title='bbox 442 2125 566 2170; x_wconf 84' lang='lat' dir='ltr'><strong>Quum</strong></span> <span class='ocrx_word' id='word_1_223' title='bbox 610 2120 786 2156; x_wconf 86' lang='lat' dir='ltr'><strong>eiusmodi</strong></span> <span class='ocrx_word' id='word_1_224' title='bbox 821 2121 995 2156; x_wconf 83' lang='lat' dir='ltr'><strong>virtutum</strong></span> <span class='ocrx_word' id='word_1_225' title='bbox 1041 2122 1186 2168; x_wconf 85' lang='lat' dir='ltr'><strong>adeptio</strong></span> <span class='ocrx_word' id='word_1_226' title='bbox 1211 2123 1230 2139; x_wconf 81' lang='lat'><strong>*</strong></span> <span class='ocrx_word' id='word_1_227' title='bbox 1276 2142 1324 2148; x_wconf 94' lang='lat'><strong>—</strong></span> <span class='ocrx_word' id='word_1_228' title='bbox 1356 2120 1460 2154; x_wconf 83' lang='lat' dir='ltr'><strong>Nihil</strong></span> <span class='ocrx_word' id='word_1_229' title='bbox 1498 2123 1613 2156; x_wconf 87' lang='lat' dir='ltr'><strong>rarius</strong></span> <span class='ocrx_word' id='word_1_230' title='bbox 1650 2122 1787 2157; x_wconf 72' lang='lat' dir='ltr'><strong>virtute</strong></span> 
     </span>
     <span class='ocr_line' id='line_1_32' title="bbox 348 2167 1786 2214; baseline -0.002 -9"><span class='ocrx_word' id='word_1_231' title='bbox 348 2176 403 2205; x_wconf 85' lang='lat' dir='ltr'><strong>est</strong></span> <span class='ocrx_word' id='word_1_232' title='bbox 427 2171 467 2205; x_wconf 88' lang='lat' dir='ltr'><strong>in</strong></span> <span class='ocrx_word' id='word_1_233' title='bbox 491 2170 623 2204; x_wconf 87' lang='lat' dir='ltr'><strong>vitioso</strong></span> <span class='ocrx_word' id='word_1_234' title='bbox 648 2171 744 2203; x_wconf 86' lang='lat' dir='ltr'><strong>vitae</strong></span> <span class='ocrx_word' id='word_1_235' title='bbox 769 2178 899 2212; x_wconf 82' lang='lat' dir='ltr'><strong>genere</strong></span> <span class='ocrx_word' id='word_1_236' title='bbox 922 2175 1032 2214; x_wconf 83' lang='lat' dir='ltr'><strong>atque</strong></span> <span class='ocrx_word' id='word_1_237' title='bbox 1056 2170 1096 2202; x_wconf 92' lang='lat' dir='ltr'><strong>in</strong></span> <span class='ocrx_word' id='word_1_238' title='bbox 1120 2168 1280 2203; x_wconf 87' lang='lat' dir='ltr'><strong>moribus</strong></span> <span class='ocrx_word' id='word_1_239' title='bbox 1306 2167 1352 2201; x_wconf 83' lang='lat' dir='ltr'><strong>ad</strong></span> <span class='ocrx_word' id='word_1_240' title='bbox 1377 2167 1595 2202; x_wconf 86' lang='lat' dir='ltr'><strong>deteriorem</strong></span> <span class='ocrx_word' id='word_1_241' title='bbox 1618 2170 1786 2203; x_wconf 75' lang='lat' dir='ltr'><strong>semitam</strong></span> 
     </span>
     <span class='ocr_line' id='line_1_33' title="bbox 346 2229 481 2264; baseline -0.007 -13"><span class='ocrx_word' id='word_1_242' title='bbox 346 2229 481 2264; x_wconf 65' lang='lat' dir='ltr'><strong>PPOUIS»</strong></span> 
     </span>
    </p>
   </div>
   <div class='ocr_carea' id='block_1_8' title="bbox 326 2261 1833 2774">
    <p class='ocr_par' dir='ltr' id='par_1_8' title="bbox 346 2261 1833 2587">
     <span class='ocr_line' id='line_1_34' title="bbox 439 2261 1788 2308; baseline -0.001 -11"><span class='ocrx_word' id='word_1_243' title='bbox 439 2264 493 2308; x_wconf 79' lang='grc' dir='ltr'><strong>[μ.</strong></span> <span class='ocrx_word' id='word_1_244' title='bbox 543 2262 781 2297; x_wconf 85' lang='lat' dir='ltr'><strong>Sebastianus·</strong></span> <span class='ocrx_word' id='word_1_245' title='bbox 797 2261 990 2307; x_wconf 86' lang='lat' dir='ltr'><strong>imperium</strong></span> <span class='ocrx_word' id='word_1_246' title='bbox 1016 2262 1199 2306; x_wconf 86' lang='lat' dir='ltr'><strong>copiarum</strong></span> <span class='ocrx_word' id='word_1_247' title='bbox 1221 2261 1268 2295; x_wconf 85' lang='lat' dir='ltr'><strong>ab</strong></span> <span class='ocrx_word' id='word_1_248' title='bbox 1292 2263 1510 2306; x_wconf 82' lang='lat' dir='ltr'><strong>Imperatore</strong></span> <span class='ocrx_word' id='word_1_249' title='bbox 1529 2261 1682 2295; x_wconf 86' lang='lat' dir='ltr'><strong>Valente</strong></span> <span class='ocrx_word' id='word_1_250' title='bbox 1698 2273 1788 2296; x_wconf 68' lang='lat' dir='ltr'><strong>con-</strong></span> 
     </span>
     <span class='ocr_line' id='line_1_35' title="bbox 346 2308 1790 2354; baseline -0.002 -10"><span class='ocrx_word' id='word_1_251' title='bbox 346 2314 509 2350; x_wconf 86' lang='lat' dir='ltr'><strong>secutus,</strong></span> <span class='ocrx_word' id='word_1_252' title='bbox 533 2314 675 2354; x_wconf 84' lang='lat' dir='ltr'><strong>praeter</strong></span> <span class='ocrx_word' id='word_1_253' title='bbox 699 2310 861 2342; x_wconf 87' lang='lat' dir='ltr'><strong>omnium</strong></span> <span class='ocrx_word' id='word_1_254' title='bbox 886 2309 1191 2353; x_wconf 84' lang='lat' dir='ltr'><strong>exspectationem</strong></span> <span class='ocrx_word' id='word_1_255' title='bbox 1217 2308 1287 2341; x_wconf 92' lang='lat' dir='ltr'><strong>duo</strong></span> <span class='ocrx_word' id='word_1_256' title='bbox 1311 2310 1428 2343; x_wconf 89' lang='lat' dir='ltr'><strong>millia</strong></span> <span class='ocrx_word' id='word_1_257' title='bbox 1450 2308 1696 2343; x_wconf 77' lang='lat' dir='ltr'><strong>tantummodo</strong></span> <span class='ocrx_word' id='word_1_258' title='bbox 1718 2309 1790 2341; x_wconf 85' lang='lat' dir='ltr'><strong>mi·-</strong></span> 
     </span>
     <span class='ocr_line' id='line_1_36' title="bbox 349 2354 1788 2401; baseline -0.001 -11"><span class='ocrx_word' id='word_1_259' title='bbox 349 2358 458 2392; x_wconf 88' lang='lat' dir='ltr'><strong>litum</strong></span> <span class='ocrx_word' id='word_1_260' title='bbox 479 2357 686 2400; x_wconf 71' lang='lat' dir='ltr'><strong>postulavit:</strong></span> <span class='ocrx_word' id='word_1_261' title='bbox 736 2356 931 2401; x_wconf 87' lang='lat' dir='ltr'><strong>Quumque</strong></span> <span class='ocrx_word' id='word_1_262' title='bbox 957 2356 991 2388; x_wconf 90' lang='lat' dir='ltr'><strong>ei</strong></span> <span class='ocrx_word' id='word_1_263' title='bbox 1016 2355 1176 2389; x_wconf 88' lang='lat' dir='ltr'><strong>delectus</strong></span> <span class='ocrx_word' id='word_1_264' title='bbox 1201 2355 1390 2389; x_wconf 79' lang='lat' dir='ltr'><strong>arbitrium</strong></span> <span class='ocrx_word' id='word_1_265' title='bbox 1408 2354 1621 2401; x_wconf 81' lang='lat' dir='ltr'><strong>permissum</strong></span> <span class='ocrx_word' id='word_1_266' title='bbox 1646 2355 1788 2396; x_wconf 84' lang='lat' dir='ltr'><strong>suisset,</strong></span> 
     </span>
     <span class='ocr_line' id='line_1_37' title="bbox 350 2400 1789 2447; baseline -0.001 -12"><span class='ocrx_word' id='word_1_267' title='bbox 350 2402 544 2447; x_wconf 88' lang='lat' dir='ltr'><strong>eidemque</strong></span> <span class='ocrx_word' id='word_1_268' title='bbox 569 2408 705 2447; x_wconf 86' lang='lat' dir='ltr'><strong>gratum</strong></span> <span class='ocrx_word' id='word_1_269' title='bbox 740 2402 905 2435; x_wconf 83' lang='lat' dir='ltr'><strong>animum·</strong></span> <span class='ocrx_word' id='word_1_270' title='bbox 935 2403 1134 2447; x_wconf 84' lang='lat' dir='ltr'><strong>Imperator</strong></span> <span class='ocrx_word' id='word_1_271' title='bbox 1166 2407 1381 2444; x_wconf 85' lang='lat' dir='ltr'><strong>testaretur,</strong></span> <span class='ocrx_word' id='word_1_272' title='bbox 1417 2401 1516 2447; x_wconf 83' lang='lat' dir='ltr'><strong>quod</strong></span> <span class='ocrx_word' id='word_1_273' title='bbox 1539 2400 1682 2434; x_wconf 84' lang='lat' dir='ltr'><strong>duobus</strong></span> <span class='ocrx_word' id='word_1_274' title='bbox 1704 2406 1789 2435; x_wconf 67' lang='lat' dir='ltr'><strong>tane</strong></span> 
     </span>
     <span class='ocr_line' id='line_1_38' title="bbox 349 2447 1789 2494; baseline -0.002 -10"><span class='ocrx_word' id='word_1_275' title='bbox 349 2455 430 2484; x_wconf 86' lang='lat' dir='ltr'><strong>tum</strong></span> <span class='ocrx_word' id='word_1_276' title='bbox 453 2449 606 2494; x_wconf 85' lang='lat' dir='ltr'><strong>stipatus</strong></span> <span class='ocrx_word' id='word_1_277' title='bbox 630 2448 794 2482; x_wconf 85' lang='lat' dir='ltr'><strong>millibus</strong></span> <span class='ocrx_word' id='word_1_278' title='bbox 816 2450 994 2494; x_wconf 84' lang='lat' dir='ltr'><strong>proelium</strong></span> <span class='ocrx_word' id='word_1_279' title='bbox 1023 2447 1178 2494; x_wconf 79' lang='lat' dir='ltr'><strong>experiri</strong></span> <span class='ocrx_word' id='word_1_280' title='bbox 1203 2448 1374 2490; x_wconf 87' lang='lat' dir='ltr'><strong>auderet,</strong></span> <span class='ocrx_word' id='word_1_281' title='bbox 1399 2448 1620 2492; x_wconf 86' lang='lat' dir='ltr'><strong>insuperque</strong></span> <span class='ocrx_word' id='word_1_282' title='bbox 1648 2457 1789 2481; x_wconf 80' lang='lat' dir='ltr'><strong>causam</strong></span> 
     </span>
     <span class='ocr_line' id='line_1_39' title="bbox 351 2493 1833 2541; baseline -0.002 -11"><span class='ocrx_word' id='word_1_283' title='bbox 351 2500 493 2540; x_wconf 84' lang='lat' dir='ltr'><strong>rogaret</strong></span> <span class='ocrx_word' id='word_1_284' title='bbox 516 2500 591 2527; x_wconf 77' lang='lat' dir='ltr'><strong>tam</strong></span> <span class='ocrx_word' id='word_1_285' title='bbox 615 2506 749 2539; x_wconf 51' lang='lat' dir='ltr'><strong>paucos¹</strong></span> <span class='ocrx_word' id='word_1_286' title='bbox 770 2495 954 2540; x_wconf 88' lang='lat' dir='ltr'><strong>poscendi.</strong></span> <span class='ocrx_word' id='word_1_287' title='bbox 987 2496 1112 2540; x_wconf 87' lang='lat' dir='ltr'><strong>„Quae</strong></span> <span class='ocrx_word' id='word_1_288' title='bbox 1132 2495 1279 2536; x_wconf 83' lang='lat' dir='ltr'><strong>desunt,</strong></span> <span class='ocrx_word' id='word_1_289' title='bbox 1301 2494 1422 2541; x_wconf 91' lang='lat' dir='ltr'><strong>inquit</strong></span> <span class='ocrx_word' id='word_1_290' title='bbox 1444 2493 1690 2535; x_wconf 81' lang='lat' dir='ltr'><strong>Sebastianus,</strong></span> <span class='ocrx_word' id='word_1_291' title='bbox 1703 2493 1788 2527; x_wconf 83' lang='lat' dir='ltr'><strong>bel·</strong></span> <span class='ocrx_word' id='word_1_292' title='bbox 1831 2516 1833 2518; x_wconf 97' lang='lat'>-</span> 
     </span>
     <span class='ocr_line' id='line_1_40' title="bbox 352 2539 1787 2587; baseline -0.001 -11"><span class='ocrx_word' id='word_1_293' title='bbox 352 2543 428 2576; x_wconf 90' lang='lat' dir='ltr'><strong>lum</strong></span> <span class='ocrx_word' id='word_1_294' title='bbox 463 2541 648 2583; x_wconf 82' lang='lat' dir='ltr'><strong>inveniet3</strong></span> <span class='ocrx_word' id='word_1_295' title='bbox 685 2552 768 2573; x_wconf 84' lang='lat' dir='ltr'><strong>nam</strong></span> <span class='ocrx_word' id='word_1_296' title='bbox 804 2541 978 2576; x_wconf 78' lang='lat' dir='ltr'><strong>felicibus</strong></span> <span class='ocrx_word' id='word_1_297' title='bbox 1005 2543 1112 2575; x_wconf 86' lang='lat' dir='ltr'><strong>multi</strong></span> <span class='ocrx_word' id='word_1_298' title='bbox 1137 2541 1396 2587; x_wconf 72' lang='lat' dir='ltr'><strong>adiungentur:</strong></span> <span class='ocrx_word' id='word_1_299' title='bbox 1430 2550 1526 2574; x_wconf 89' lang='lat' dir='ltr'><strong>nunc</strong></span> <span class='ocrx_word' id='word_1_300' title='bbox 1549 2552 1636 2575; x_wconf 84' lang='lat' dir='ltr'><strong>vero</strong></span> <span class='ocrx_word' id='word_1_301' title='bbox 1659 2539 1787 2574; x_wconf 81' lang='lat' dir='ltr'><strong>multi-</strong></span> 
     </span>
    </p>

    <p class='ocr_par' dir='ltr' id='par_1_9' title="bbox 326 2585 1787 2725">
     <span class='ocr_line' id='line_1_41' title="bbox 326 2585 1787 2633; baseline 0 -13"><span class='ocrx_word' id='word_1_302' title='bbox 326 2616 327 2620; x_wconf 65' lang='lat'><strong>,</strong></span> <span class='ocrx_word' id='word_1_303' title='bbox 351 2589 519 2630; x_wconf 84' lang='lat' dir='ltr'><strong>tudinem</strong></span> <span class='ocrx_word' id='word_1_304' title='bbox 545 2592 746 2631; x_wconf 88' lang='lat' dir='ltr'><strong>corruptam</strong></span> <span class='ocrx_word' id='word_1_305' title='bbox 771 2599 791 2621; x_wconf 89' lang='lat' dir='ltr'><strong>a</strong></span> <span class='ocrx_word' id='word_1_306' title='bbox 816 2589 969 2633; x_wconf 86' lang='lat' dir='ltr'><strong>perditis</strong></span> <span class='ocrx_word' id='word_1_307' title='bbox 991 2589 1151 2623; x_wconf 86' lang='lat' dir='ltr'><strong>moribus</strong></span> <span class='ocrx_word' id='word_1_308' title='bbox 1167 2599 1333 2623; x_wconf 82' lang='lat' dir='ltr'><strong>revocare</strong></span> <span class='ocrx_word' id='word_1_309' title='bbox 1352 2586 1569 2633; x_wconf 84' lang='lat' dir='ltr'><strong>perarduum</strong></span> <span class='ocrx_word' id='word_1_310' title='bbox 1597 2592 1663 2622; x_wconf 72' lang='lat' dir='ltr'><strong>eut.</strong></span> <span class='ocrx_word' id='word_1_311' title='bbox 1689 2585 1787 2620; x_wconf 82' lang='lat' dir='ltr'><strong>Cou-</strong></span> 
     </span>
     <span class='ocr_line' id='line_1_42' title="bbox 351 2631 1787 2682; baseline -0.001 -13"><span class='ocrx_word' id='word_1_312' title='bbox 351 2641 409 2669; x_wconf 83' lang='lat' dir='ltr'><strong>tra</strong></span> <span class='ocrx_word' id='word_1_313' title='bbox 433 2635 465 2669; x_wconf 86' lang='lat' dir='ltr'><strong>si</strong></span> <span class='ocrx_word' id='word_1_314' title='bbox 486 2634 592 2682; x_wconf 84' lang='lat' dir='ltr'><strong>pauci</strong></span> <span class='ocrx_word' id='word_1_315' title='bbox 617 2634 663 2667; x_wconf 81' lang='lat' dir='ltr'><strong>ad</strong></span> <span class='ocrx_word' id='word_1_316' title='bbox 685 2633 854 2667; x_wconf 71' lang='lat' dir='ltr'><strong>virtutem</strong></span> <span class='ocrx_word' id='word_1_317' title='bbox 879 2635 1058 2680; x_wconf 86' lang='lat' dir='ltr'><strong>incipiant</strong></span> <span class='ocrx_word' id='word_1_318' title='bbox 1079 2635 1237 2676; x_wconf 81' lang='lat' dir='ltr'><strong>retrahi,</strong></span> <span class='ocrx_word' id='word_1_319' title='bbox 1269 2640 1356 2667; x_wconf 88' lang='lat' dir='ltr'><strong>tunc</strong></span> <span class='ocrx_word' id='word_1_320' title='bbox 1378 2631 1573 2678; x_wconf 82' lang='lat' dir='ltr'><strong>disciplina</strong></span> <span class='ocrx_word' id='word_1_321' title='bbox 1597 2632 1787 2677; x_wconf 76' lang='lat' dir='ltr'><strong>adhibita,</strong></span> 
     </span>
     <span class='ocr_line' id='line_1_43' title="bbox 353 2679 1641 2725; baseline 0 -11"><span class='ocrx_word' id='word_1_322' title='bbox 353 2682 412 2719; x_wconf 83' lang='lat' dir='ltr'><strong>illi</strong></span> <span class='ocrx_word' id='word_1_323' title='bbox 425 2682 543 2724; x_wconf 75' lang='lat' dir='ltr'><strong>etiam3</strong></span> <span class='ocrx_word' id='word_1_324' title='bbox 593 2681 631 2713; x_wconf 89' lang='lat' dir='ltr'><strong>ui</strong></span> <span class='ocrx_word' id='word_1_325' title='bbox 653 2680 827 2725; x_wconf 80' lang='lat' dir='ltr'><strong>paulatim</strong></span> <span class='ocrx_word' id='word_1_326' title='bbox 850 2683 1032 2723; x_wconf 75' lang='lat' dir='ltr'><strong>accedent3</strong></span> <span class='ocrx_word' id='word_1_327' title='bbox 1057 2682 1199 2716; x_wconf 76' lang='lat' dir='ltr'><strong>facilius</strong></span> <span class='ocrx_word' id='word_1_328' title='bbox 1221 2681 1336 2715; x_wconf 84' lang='lat' dir='ltr'><strong>vitam</strong></span> <span class='ocrx_word' id='word_1_329' title='bbox 1359 2679 1641 2714; x_wconf 84' lang='lat' dir='ltr'><strong>emendabunt.“</strong></span> 
     </span>
    </p>

    <p class='ocr_par' dir='ltr' id='par_1_10' title="bbox 446 2725 1786 2774">
     <span class='ocr_line' id='line_1_44' title="bbox 446 2725 1786 2774; baseline -0.003 -11"><span class='ocrx_word' id='word_1_330' title='bbox 446 2727 503 2774; x_wconf 73' lang='lat'><strong>42.</strong></span> <span class='ocrx_word' id='word_1_331' title='bbox 610 2725 781 2761; x_wconf 76' lang='lat' dir='ltr'><strong>eudesius</strong></span> <span class='ocrx_word' id='word_1_332' title='bbox 800 2727 979 2773; x_wconf 70' lang='lat' dir='ltr'><strong>Augustus</strong></span> <span class='ocrx_word' id='word_1_333' title='bbox 1004 2735 1076 2763; x_wconf 74' lang='lat' dir='ltr'><strong>tam</strong></span> <span class='ocrx_word' id='word_1_334' title='bbox 1114 2729 1190 2762; x_wconf 59' lang='lat' dir='ltr'><strong>lana:</strong></span> <span class='ocrx_word' id='word_1_335' title='bbox 1217 2727 1356 2764; x_wconf 80' lang='lat' dir='ltr'><strong>ditione</strong></span> <span class='ocrx_word' id='word_1_336' title='bbox 1392 2725 1626 2772; x_wconf 76' lang='lat' dir='ltr'><strong>imperioque-</strong></span> <span class='ocrx_word' id='word_1_337' title='bbox 1647 2725 1786 2772; x_wconf 72' lang='lat' dir='ltr'><strong>potitus</strong></span> 
     </span>
    </p>
   </div>
   <div class='ocr_carea' id='block_1_9' title="bbox 1882 0 1924 2736">
    <p class='ocr_par' dir='ltr' id='par_1_11' title="bbox 1882 0 1924 2736">
     <span class='ocr_line' id='line_1_45' title="bbox 1882 0 1924 2736; baseline 0 0"><span class='ocrx_word' id='word_1_338' title='bbox 1882 0 1924 2736; x_wconf 95' lang='lat' dir='ltr'><strong> </strong></span> 
     </span>
    </p>
   </div>
   <div class='ocr_carea' id='block_1_10' title="bbox 1910 2742 1915 2855">
    <p class='ocr_par' dir='ltr' id='par_1_12' title="bbox 1910 2742 1915 2855">
     <span class='ocr_line' id='line_1_46' title="bbox 1910 2742 1915 2855; baseline 0 -87"><span class='ocrx_word' id='word_1_339' title='bbox 1910 2742 1915 2855; x_wconf 45' lang='grc' dir='ltr'><strong>ᾗ</strong></span> 
     </span>
    </p>
   </div>
  </div>
 </body>
</html>
