1924 3164
742 163 1140 206 Pmcmlcus,
1547 142 1663 218 493

208 285 332 326 μενος
361 270 535 326 ἀρίστου
553 270 651 324 βίου
679 267 813 323 καλὴν
842 267 1093 310 ὑποκεῖσθαι
1121 265 1317 323 κρηπῖδα,
1346 267 1422 321 τῆς
1449 259 1666 318 εὖσεβεώις

207 336 258 379 τὸ
291 338 427 392 κτῆμα
456 337 673 391 ἐλογίζου·
715 336 850 376 ταῦτα
890 334 1152 389 προσετιῗὶεις
1179 334 1239 391 τῷ
1275 329 1419 391 πόθῳ,
1457 332 1668 386 μετῆλθες

207 405 263 461 τῇ
286 405 435 460 πείρᾳ,
465 401 540 443 καί
562 399 671 458 πρὸς
698 395 1029 455 ἔκρονῆπείγου
1056 399 1134 440 τοῦ
1158 400 1421 454 πράγματος,
1463 397 1539 439 καὶ
1560 396 1668 438 &fir-

208 485 279 511 τον
304 469 474 525 ἀφῖξαι.
521 469 563 510 εἷ
588 465 742 521 κόμπος
778 467 825 508 δὲ
852 466 991 507 ταῦτα
1017 463 1093 506 καὶ
1116 464 1251 519 λόγων
1279 465 1502 516 ἀλαζόνεια
1518 455 1667 518 ,πόῤ-

134 583 138 586 ,
162 534 276 591 γ5ῥω
307 536 382 590 τῆς
409 530 611 590 ἀληθείας
639 529 920 587 πεπλάνημαι.
976 528 1087 571 ἀλλὰ
1115 530 1275 573 τούτων
1316 529 1535 587 μάρτυρες
1589 528 1668 570 ονἰι

209 598 344 655 ὄλίγοι
370 601 480 649 τινὲς
509 596 538 654 ἢ
566 601 749 655 φαῦλοι,
789 596 863 639 καί
890 595 963 647 οὓς
990 591 1045 638 ἄν
1071 612 1134 645 τις
1174 595 1460 652 παραγράψαι
1504 593 1550 638 τὸ
1594 596 1669 650 τῆς

209 664 378 722 γνώμης
403 662 706 719 μεμψάμενος·
735 660 842 705 ἀλλὰ
870 662 992 711 πόλις
1020 659 1114 716 ὅλη,
1135 664 1210 704 καί
1235 664 1445 715 βασιλέων
1471 658 1499 716 ἦ
1527 659 1666 715 πόλις,

208 733 287 774 ἐπί
306 747 374 774 σοι
399 733 565 786 βοῶσα·
592 729 667 772 καί
690 728 798 786 πρὸς
825 729 971 785 ἱερέως
999 727 1218 783 ἀνοίγουσα
1246 730 1419 783 σχῆμα·
1457 729 1533 770 καί
1558 724 1667 784 ἅπερ

208 792 439 854 ἐμαρτύρει
464 794 718 852 τοϊς-ἔργοις
762 797 999 850 βεβαιοῦσα
1038 796 1091 852 τῇ
1119 792 1267 852 ψήφῳ.
1296 794 1379 847 οὐχ
1415 789 1669 843 οὕτωςΕῧ-

157 868 367 919 Ῑομολπος
392 861 610 917 βασιλείας
637 861 872 916 ἅποτυχιεΐ,
899 859 977 915 τὴν
1004 858 1240 916 ἱερωσύνην
1266 858 1424 911 λαβών,
1455 861 1532 900 καί
1555 861 1668 915 θρα-

206 927 382 985 σύτητος
426 928 478 970 οὔ
523 927 621 982 βίου
650 926 871 983 σώφρονος
906 926 1064 981 ταύτην
1090 922 1378 980 καρπούμενος
1405 919 1566 966 ἆθλον·
1594 926 1670 967 καί

206 996 282 1039 νῦν
308 997 388 1048 μὲν
425 990 535 1036 ὅπλα
566 995 732 1051 φέρων,
777 991 853 1035 καὶ
877 993 1008 1034 τελῶν
1036 993 1098 1040 εἷς
1126 987 1278 1046 Ἄρεος
1314 988 1527 1045 ὑπηρέτας
1545 1023 1559 1043 ,
1588 992 1667 1032 νῦν

206 1062 268 1115 δὲ,
296 1057 693 1115 μεταμπισχόμενος
719 1059 794 1101 καὶ
820 1056 1040 1114 σχήματος
1072 1057 1298 1115 μεταβολῇ,
1328 1057 1538 1100 καίθύων
1551 1055 1667 1109 ἐξαί-

205 1143 315 1183 φνης
358 1126 432 1168 καί
457 1130 616 1180 βωμοῖς
648 1124 973 1181 παριστάμενος.

157 1194 208 1235 15
319 1190 372 1235 δ’.
428 1191 490 1236 Σύ
525 1193 572 1234 δὲ
597 1190 832 1246 μελλούσης
854 1188 1075 1245 βασιλείας
1105 1191 1319 1246 προσῆκον
1346 1190 1571 1246 προοιζιιιον
1597 1191 1671 1232 καὶ

204 1260 452 1315 πρέπουσαν
475 1256 720 1314 μαρτυρίαν
743 1257 901 1312 ταύτην
929 1257 1094 1310 ἐδέχου,
1125 1254 1201 1297 καί
1225 1261 1318 1304 ταῖς
1343 1255 1514 1311 ἀρεταῖς
1545 1254 1668 1312 ὄφει-

203 1324 380 1379 λόμενον
405 1323 451 1367 τὸ
477 1327 605 1380 γέρας
632 1323 900 1378 ἀπείληφας,
930 1321 1020 1362 ἀλλ’
1051 1317 1101 1362 οὗ
1129 1322 1261 1376 μέχρι
1290 1323 1367 1361 τοῦ
1394 1318 1668 1376 πράγματος,

205 1387 297 1433 ἄλλ’
328 1388 427 1433 ὅσον
454 1392 529 1432 καί
553 1387 628 1444 τήν
655 1385 779 1439 ἀξίαν
807 1385 1138 1442 δειχθῆναι.τὴν
1165 1384 1257 1441 σὴν,
1289 1387 1363 1428 καί
1385 1389 1668 1442 φυλαχθῆναι

205 1455 312 1513 πρὸς
329 1457 462 1510 μείζω
484 1458 631 1511 ψῆφον
650 1456 724 1496 καί
741 1454 980 1507 κοινοτέραν
999 1451 1258 1508 εὐεργεσίαν,
1285 1453 1360 1493 καί
1386 1453 1516 1494 πᾶσιν
1540 1448 1666 1494 ὕστε-

150 1539 284 1579 ,ορον
311 1524 436 1578 δῆλον
460 1523 683 1576 γενέσθαι,
720 1519 779 1569 ὥς
804 1518 856 1561 τὰ
886 1521 1062 1573 μέγιστα
1091 1521 1193 1572 παρ’
1234 1514 1501 1572 ἀνθρώποις,
1540 1520 1666 1571 βασι-

205 1591 312 1639 λέως
338 1590 485 1644 σχῆμα
512 1586 586 1630 καί
610 1585 756 1643 ἱερέως
782 1582 967 1641 γνώμην,
998 1585 1058 1636 εἰς
1085 1582 1241 1627 ταύτὸν
1267 1583 1504 1637 συλλαβών,
1527 1578 1660 1640 ἄμφω

298 1698 333 1731 8.
357 1693 556 1741 α’νάγουσα
579 1693 744 1735 vineis„
768 1691 918 1738 ἄνῆγου
943 1691 1022 1726 cod.
1160 1704 1195 1737 9.
1222 1689 1296 1737 οὔχ
1320 1689 1372 1728 ὥς
1395 1690 1500 1738 Εὔμ.
1525 1702 1557 1729 τ.
1580 1693 1667 1737 pao.

298 1742 485 1788 ἐπέτυχες
508 1742 600 1774 coni.
627 1740 670 1774 N.
699 1759 739 1768 -
768 1739 821 1772 Cf.
854 1740 1063 1774 Pausaniam
1084 1737 1116 1773 I.
1141 1740 1197 1775 38.
1224 1741 1259 1777 3.

207 1834 420 1868 existimans
462 1833 622 1879 optimae
656 1833 754 1865 vitae
789 1830 956 1875 pulcrum
989 1827 1270 1861 fundamentum
1301 1828 1412 1872 poni,
1449 1828 1490 1862 id
1513 1828 1664 1874 pietatis

205 1882 473 1927 possessionem
498 1890 575 1914 esse
595 1879 821 1913 existimasti.
847 1877 924 1910 Hoc
948 1874 1020 1908 tibi
1043 1874 1274 1919 proponebas
1300 1874 1497 1916 desiderio,
1509 1875 1663 1920 petebas

204 1941 274 1962 usu
293 1954 302 1969 ,
329 1933 366 1961 et.
389 1926 436 1961 ad
459 1938 637 1961 summum
664 1926 718 1958 rei
742 1922 1024 1969 provehebaris3
1063 1931 1104 1954 ac
1128 1920 1317 1955 celerrime
1345 1921 1393 1955 ad
1418 1927 1553 1955 metam
1576 1934 1665 1968 per-

205 1976 351 2010 venisti.
400 1975 438 2008 Si
464 1985 580 2020 nugae
605 1973 696 2006 haee
721 1976 807 2004 sunt
830 1975 867 2003 et
889 1969 1082 2003 verborum
1107 1967 1307 2009 iactantia,
1340 1968 1496 2002 multum
1520 1981 1541 2002 a
1563 1971 1665 2004 veri-

205 2026 282 2056 tate
312 2021 490 2055 aberravi.
540 2020 613 2054 Sed
645 2019 776 2052 horum
816 2022 926 2050 testes
954 2015 1046 2049 mihi
1070 2019 1179 2055 sunt,
1213 2025 1288 2048 non
1311 2016 1421 2060 pauci
1445 2015 1595 2060 quidem
1623 2021 1663 2050 et

205 2069 359 2110 futiles,
386 2074 423 2102 et
448 2079 602 2114 quorum
626 2065 906 2103 testimoni11m5
934 2067 976 2094 ut
999 2073 1174 2095 vanorum
1202 2060 1404 2102 hominum,
1430 2062 1565 2108 aliquis
1590 2064 1662 2096 im·-

201 2121 342 2161 pugnet
357 2141 367 2156 ‚
391 2114 456 2149 sed
484 2115 651 2147 universa
677 2111 784 2152 urbs,
809 2117 846 2145 et
869 2108 1018 2156 quidem
1042 2119 1166 2154 regum
1188 2106 1296 2148 urbs,
1321 2118 1414 2154 quae
1439 2108 1485 2142 de
1510 2115 1547 2143 te
1571 2121 1662 2144 con-

203 2163 410 2197 sentiebat:
436 2167 473 2196 et
496 2161 543 2194 ad
568 2159 811 2194 sacerdotium
836 2163 873 2190 te
898 2155 1100 2196 evehebat,
1126 2159 1175 2196 et,
1200 2154 1301 2201 quod
1329 2166 1367 2189 re
1392 2155 1471 2200 ipsa
1495 2157 1659 2191 testaba-

202 2213 283 2250 tur,
317 2209 486 2254 suffragio
521 2206 767 2241 confirmabat.
815 2204 899 2237 Non
935 2203 987 2236 ita
1019 2202 1241 2246 Eumolpus,
1277 2202 1341 2247 qui
1376 2213 1456 2235 cum
1480 2204 1659 2249 regnandi

204 2266 269 2302 spe
298 2257 506 2296 excidisset,
537 2253 780 2288 sacerdotium
806 2250 978 2295 arripuit,
1007 2248 1200 2287 audaciae,
1225 2258 1302 2283 non
1325 2248 1526 2283 modestiae
1550 2262 1658 2296 prae-

203 2305 344 2346 mium3
368 2304 478 2338 modo
504 2306 662 2334 armatus
691 2304 731 2333 et
751 2299 879 2343 Martis
905 2295 1107 2330 cultoribus
1124 2300 1394 2336 annumeratus,
1418 2297 1530 2332 modo
1552 2303 1655 2332 veste

204 2355 244 2384 ct
268 2350 396 2384 habitu
422 2355 562 2383 mutato
591 2358 690 2382 sacra
714 2346 837 2379 subito
863 2344 999 2377 faciens
1016 2368 1026 2383 ,
1050 2347 1088 2375 et
1111 2341 1288 2375 altaribus
1313 2341 1472 2376 adstans.

298 2398 330 2442 4.
380 2398 438 2431 Tu
464 2408 547 2431 vero
573 2401 615 2429 ut
638 2391 868 2428 commodum
892 2388 1132 2435 primordium
1157 2394 1195 2421 et
1217 2388 1460 2423 honorificum
1487 2391 1656 2425 testimo-

204 2444 310 2477 nium
346 2444 462 2478 futuri
487 2442 632 2488 imperii
658 2439 854 2477 sacerdotis
878 2448 1007 2470 munus
1031 2436 1247 2481 accipiebas.
1294 2437 1342 2470 Et
1363 2436 1561 2470 virtutibus
1587 2437 1655 2471 de-

203 2489 326 2524 bitum
347 2491 523 2525 honorem
550 2488 713 2535 quidem,
739 2492 778 2520 at
800 2496 875 2519 rem
900 2486 1016 2529 ipsam
1036 2494 1111 2517 non
1135 2483 1312 2527 attigisti3
1338 2494 1419 2516 cum
1446 2482 1487 2516 id
1510 2489 1653 2518 tantum

204 2537 311 2572 fieret
327 2564 337 2579 ‚
360 2537 459 2584 quod
486 2537 572 2571 satis
597 2540 711 2574 esset,
737 2538 778 2566 ut
801 2532 958 2577 dignitas
982 2536 1047 2563 tua
1071 2529 1356 2574 conspiceretur,
1379 2535 1417 2563 te
1441 2535 1581 2565 servato
1605 2531 1655 2565 ad

205 2585 322 2618 maius
341 2585 548 2628 suffragium
573 2589 610 2616 et
632 2580 824 2615 benefacta
848 2588 942 2623 quae
968 2577 1077 2610 latius
1100 2582 1293 2622 paterent3
1328 2581 1439 2622 atque
1466 2583 1508 2611 ut
1531 2578 1652 2611 omni-

208 2629 277 2664 bus
301 2637 426 2676 postea
449 2635 652 2669 constaret,
683 2625 865 2673 quomodo
891 2624 1094 2658 coniunctis
1126 2634 1222 2670 quae
1245 2635 1384 2658 summa
1407 2625 1504 2658 inter
1531 2623 1654 2657 homi-

208 2688 274 2711 nes
309 2685 413 2720 sunt,
449 2678 541 2722 regis
576 2676 752 2722 dignitate
786 2679 824 2706 et
857 2676 979 2707 mente
1012 2671 1227 2711 sacerdotis,
1267 2675 1461 2715 utrumque
1497 2671 1650 2705 alterius

209 2724 415 2761 adiectione
449 2725 559 2759 altius
591 2723 751 2758 tolleres.
799 2720 936 2755 Verum
959 2717 1069 2752 huius
1099 2718 1155 2752 rei
1177 2722 1320 2764 tempus
1352 2717 1518 2752 nondum
1542 2727 1653 2753 vene-
