1924 3164
599 176 634 216 E
670 172 876 217 mmm
917 172 1190 216 ffls‘romA.
1514 151 1586 208 25
1599 173 1619 207 1

177 279 428 332 Ἐπίδαμνον
453 276 673 332 λαμβάνει.
730 275 1006 330 Ἀδαμάντιος
1033 279 1081 319 δὲ
1107 277 1239 319 ταῦτα
1265 273 1504 328 πυθόμενος
1530 289 1633 331 προ-
1644 275 1686 310 Δ.
1697 274 1737 308 C.
1749 276 1820 322 479

182 345 339 397 πέμπει
363 345 445 386 τῶν
482 343 642 385 ἱππέων
667 344 753 385 ταῖν
779 344 1006 397 βασιλείων
1031 340 1124 385 τινὰ
1137 376 1152 396 ,
1187 339 1262 392 οὓς
1300 337 1633 396 μαγιστριανοὺς
1643 321 1774 403 ἓξὲξ.
1785 372 1810 405 6

181 411 385 464 καλοῦσι,
415 406 683 466 μεμφόμενός
708 423 753 451 τε
783 405 897 466 αὐτῷ
923 407 1041 464 παρὰ
1071 407 1150 464 τήν
1174 406 1403 462 ὑπόσχεσιν
1428 409 1504 462 τῆς
1528 422 1627 462 πρε·
1642 417 1741 455 1²‚82

180 478 326 530 σβείας
353 477 548 529 ποιοῦντι,
578 474 654 518 καὶ
677 472 857 516 κελεύων
884 475 1058 530 ἠρεμεῖν
1085 477 1160 517 καί
1183 475 1289 530 μήτε
1318 477 1445 516 πλοῖα
1471 476 1635 526 λαβεῖν,

155 537 281 596 5μήτ’
309 535 411 583 ἄλλο
436 558 477 584 τι
503 542 588 584 τῶν
614 538 838 597 παρόντων
863 541 989 582 πλέον
1015 542 1288 595 νεωτερίσαι,
1316 541 1396 589 ἕως
1424 533 1476 582 ἂν
1503 538 1636 588 αὐτὸς

178 605 306 666 ἔλθῃ·
347 605 591 650 ἀποστεῖλαι
627 607 676 650 δὲ
719 604 794 648 καὶ
828 600 979 661 ἄνδρα,
1007 603 1122 656 ὅστις
1147 604 1200 648 τὰ
1239 604 1371 648 πιστοὶ
1406 606 1536 647 δώσει
1560 607 1635 661 τῆς

177 673 284 727 μετὰ
310 672 385 730 τὴν
411 675 637 730 πρεσβείαν
664 667 794 722 αὖθις
818 671 1130 729 ἀναχωρήσεως
1147 674 1224 714 καί
1247 674 1319 727 τῆς
1348 668 1445 728 ὅλης
1472 671 1635 721 ἀδείας.

177 737 317 782 ταῦτά
345 755 392 781 τε
420 738 526 796 πρὸς
553 740 711 782 ἐκεῖνον
739 741 983 790 ἐπέστελλε,
1010 740 1085 780 καί
1110 734 1238 787 αὖτὸς
1265 733 1376 795 ἄρας
1402 735 1486 781 οἷπὸ
1521 738 1632 781 Θεσ-

177 805 395 861 σαλονίκης
423 803 594 861 ἔρχεται
621 807 681 854 εἰς
692 798 897 847 Ἔδεσσαν
914 836 927 859 ,
959 800 1064 846 ὅπου
1093 799 1147 860 ἦν
1172 804 1446 859 Σαβινιανός,
1474 803 1556 848 σύν
1583 804 1634 846 δὲ

128 867 292 928 waringi
328 870 400 912 καί
428 869 664 922 Φιλόξενος.
718 872 793 913 καί
816 867 891 920 τάς
930 886 976 912 τε
1005 870 1174 919 δέλτους
1214 867 1330 928 αὐτῷ
1367 873 1628 927 παρέχουσι,

177 937 250 979 καὶ
265 934 494 993 στρατηγὸν
514 936 815 994 ἀποφαίνουσι,
828 935 902 979 καί
918 935 1018 993 περὶ
1033 938 1117 978 τῶν
1136 934 1355 992 παρόντων
1376 932 1428 978 εὖ
1456 938 1659 990 &cmv-B

174 999 358 1046 λεύοντο.
383 1004 458 1045 καί
489 1002 534 1045 τό
578 1004 656 1056 μὲν
684 1004 915 1060 ἐπιχειρεῖν
951 1008 1040 1052 τοῖς
1067 999 1304 1060 βαρβάροις
1332 1004 1630 1058 πορευομένοις

176 1070 253 1111 οὔκ
282 1069 473 1125 ἀσφαλὲς
500 1066 637 1112 ἐδόκει
652 1102 665 1122 ,
711 1068 858 1123 ὀλίγων
895 1069 974 1122 μὲν
1008 1068 1218 1111 συνόντων
1244 1066 1362 1127 αὐτῷ
1390 1069 1631 1126 Σαβινιανῷ

175 1133 457 1191 μισθοφόρων
489 1136 665 1188 οἰκείων,
692 1138 766 1191 τῆς
794 1136 841 1176 δὲ
871 1136 1074 1190 δημοσίας
1102 1138 1300 1191 στρατιᾶς
1328 1137 1402 1177 καί
1426 1137 1512 1176 τῶν
1541 1150 1630 1176 κοι-

124 1200 262 1244 15νῶν
287 1202 511 1256 ταγμάτων
538 1203 622 1243 τῶν
656 1203 735 1255 μὲν
763 1202 1079 1257 διεσπαρμένων
1105 1198 1213 1242 κατὰ
1240 1198 1382 1250 πόλεις
1398 1234 1412 1254 ,
1453 1202 1536 1242 τῶν
1581 1201 1630 1242 δὲ

172 1266 282 1321 μετὰ
310 1269 388 1308 τοῦ
407 1269 638 1324 στρατηγοῦ
648 1263 887 1323 Ὄνούλφου
908 1264 1266 1309 ἀκολουθούντων.
1295 1263 1430 1308 ἐδόκει
1454 1266 1502 1307 δὲ
1522 1267 1629 1319 πέμ-

172 1348 266 1374 πειν
295 1333 543 1386 ἁπανταχοῦ
569 1329 871 1388 προστάγματα
899 1332 1188 1387 συγκαλοῦντα
1214 1330 1312 1381 τούς
1338 1328 1629 1388 στρατιώτας,

171 1400 247 1440 καί
270 1397 343 1441 τὸν
369 1396 598 1454 στρατηγὸν
625 1399 832 1454 δηλοῦντα
861 1400 1121 1454 προπέμπειν
1146 1397 1220 1440 τὸν
1244 1397 1518 1454 πρεσβευτήν.
1544 1392 1628 1451 ἤδη

171 1463 220 1505 δὲ
247 1462 503 1520 ὁρμωμένοις
528 1462 550 1506 ὁ
575 1461 692 1520 παρὰ
719 1466 797 1505 τοῦ
823 1464 1100 1517 Ἀδαμαντώυ
1129 1466 1519 1520 προαπεσταλμένος
1545 1461 1616 1505 ἶπ-

116 1528 276 1579 Ωοπεύς
304 1529 466 1587 α’παντᾷ
482 1564 497 1584 ,
525 1528 599 1573 τὸν
625 1531 707 1572 τῶν
731 1528 963 1587 βαρβάρων
989 1528 1101 1585 ἔχων
1127 1528 1266 1587 ἱερέα,
1295 1526 1344 1572 ὃν
1371 1528 1411 1572 οἱ
1438 1532 1663 1586 Χριστι-(Ξ

171 1594 267 1637 ανοί
291 1598 467 1638 καλοῦσι
494 1594 804 1653 πρεσβύτερον,
854 1597 912 1646 ὥς
938 1598 1080 1639 πίστιν
1107 1600 1183 1652 τῆς
1210 1593 1359 1646 ἀδείας
1386 1595 1504 1652 αὐτῷ
1529 1596 1625 1638 ἐπι-

169 1659 376 1716 θήσοντα.
401 1660 568 1717 ἔχοντες
595 1656 672 1705 οὖν
700 1662 829 1706 αὐτὸν
855 1662 938 1706 σύν
966 1662 1110 1714 αὑτοῖς
1136 1663 1380 1719 ἠπείγοντο,
1419 1661 1494 1704 καὶ
1519 1657 1625 1718 ἄφι-

261 1753 285 1786 8
319 1750 385 1785 ἐπὶ
406 1752 500 1798 vulg.
609 1754 659 1788 16.
681 1751 894 1800 Ὀνούλφου
917 1753 1018 1793 Val.,
1043 1751 1064 1786 ὅ
1090 1751 1299 1799 Εὐούλφου
1323 1752 1418 1797 vulg.
1495 1761 1551 1786 ao.
1580 1749 1625 1783 α’-

261 1799 388 1841 παντᾷ
410 1798 468 1838 Η,,
494 1798 643 1835 ἅπαντα
666 1800 763 1845 vulg.
910 1812 966 1835 22.
993 1799 1144 1845 ἔχοντες
1167 1800 1219 1841 Β.,
1253 1798 1415 1846 ἄγοντες
1437 1798 1514 1833 val.
1524 1823 1537 1840 ,
1561 1798 1624 1832 λέ-

261 1854 397 1888 γοντες
419 1845 515 1891 vulg.

169 1917 377 1952 progressus
412 1908 551 1951 impetu
585 1907 682 1941 facto
713 1907 955 1952 Epidamnum
991 1912 1157 1953 occupat,
1204 1908 1316 1954 Quod
1351 1908 1419 1942 ubi
1454 1909 1623 1953 cognovit

168 1953 420 1994 Adamantius,
438 1955 555 1987 mittit
577 1959 692 1987 unum·
706 1964 750 1987 ex
766 1954 955 1999 equitibus
977 1955 1222 1999 Imperatoris,
1244 1956 1309 2000 qui
1334 1965 1415 1988 cum
1435 1965 1477 1989 eo
1506 1965 1624 1999 expo-

169 2001 345 2041 stuluet,
374 2000 474 2045 quod
502 2004 629 2034 contra
653 2000 714 2041 id,
738 2001 839 2046 quod
864 2002 975 2034 missa
998 2001 1182 2046 legatione
1207 2003 1447 2046 promiserat,
1472 2001 1622 2043 faceret,

158 2052 208 2080 -et
230 2047 378 2080 iuberet
401 2047 448 2079 ab
474 2047 621 2091 incepto
658 2047 834 2081 desistere
857 2059 977 2092 neque
1003 2059 1109 2080 naves
1136 2059 1298 2088 sumere,
1336 2054 1401 2082 aut
1424 2049 1623 2094 quicquam

167 2093 271 2127 aliud
294 2105 465 2127 novarum
492 2105 611 2127 rerum
635 2099 776 2127 tentare
792 2119 802 2135 ,
842 2093 959 2128 donec
985 2094 1220 2128 adventaret:
1244 2094 1405 2140 denique
1428 2096 1548 2131 virum
1572 2095 1621 2128 ad

166 2151 206 2173 se
229 2142 397 2181 mittere,
436 2141 501 2186 qui
537 2141 611 2174 sibi
645 2142 718 2174 tuti
742 2146 826 2185 post
849 2145 1033 2186 peractam
1057 2142 1278 2186 legationem
1304 2141 1444 2175 reditus
1470 2147 1507 2175 et
1529 2142 1620 2175 reli-

166 2197 261 2230 quae
296 2187 500 2220 securitatis
534 2187 643 2221 fidem
677 2193 890 2231 praestaret.
939 2187 1037 2220 Haec
1073 2199 1155 2221 cum
1192 2187 1239 2221 ad
1273 2199 1356 2221 eum
1379 2188 1619 2222 Adamantius

162 2234 332 2268 mandata
363 2232 535 2275 dedisset,
561 2234 655 2279 ipse,
680 2234 938 2268 Thessalonica
967 2236 1115 2275 relicta,
1138 2233 1309 2268 Edessam
1342 2236 1442 2268 venit
1478 2241 1516 2269 et
1546 2246 1620 2269 una

165 2290 248 2312 cum
273 2291 316 2314 eo
341 2279 571 2314 Philoxenus.
618 2282 706 2314 Erat
719 2281 876 2315 Edessae
901 2281 1123 2315 Sabinianus
1138 2306 1148 2321 ,
1172 2283 1231 2314 cui
1254 2281 1394 2316 litteras
1418 2282 1620 2327 Imperato-

164 2325 215 2360 ris
247 2326 486 2360 reddiderunt
520 2339 703 2374 quemque
739 2328 869 2362 ducem
907 2334 1074 2362 crearunt
1103 2333 1297 2374 ceteraque
1331 2330 1455 2362 omnia
1486 2329 1616 2363 ordine

166 2373 480 2409 administrarunt.
527 2374 599 2408 Sed
618 2374 790 2409 barbaros
815 2374 1026 2409 recedentes
1049 2375 1220 2421 persequi
1244 2375 1395 2409 minime
1418 2380 1539 2409 tutum
1562 2377 1618 2408 vi-
1779 2373 1824 2399 2³2*

166 2430 247 2452 sum
273 2425 336 2453 est.
386 2419 585 2454 Sabiniano
621 2422 718 2455 enim
744 2423 852 2471 pauci
877 2422 1012 2455 milites
1046 2422 1263 2455 mercenarii
1297 2432 1341 2455 ex
1379 2423 1456 2455 eius
1489 2422 1618 2455 dome·

165 2467 267 2499 sticis
292 2472 330 2499 et
353 2466 597 2501 familiaribus
625 2468 786 2502 aderant.
834 2469 927 2502 Nam
962 2467 1027 2514 qui
1059 2467 1206 2512 publice
1240 2467 1431 2502 merebant
1456 2474 1493 2502 et
1517 2469 1617 2502 ordi-

165 2513 280 2545 nariis
304 2513 510 2556 legionibus
547 2514 721 2559 adscripti
749 2515 934 2560 stipendia
959 2514 1166 2556 faciebant,
1201 2527 1282 2548 cum
1316 2526 1382 2560 per
1413 2514 1521 2549 urbes
1554 2515 1618 2549 di-

166 2560 300 2603 spersi,
324 2564 403 2592 tum
426 2560 614 2602 onulfum,
647 2562 778 2596 ducem
811 2574 927 2602 suum,
957 2562 1094 2602 secuti,
1118 2561 1295 2596 abierant.
1344 2563 1474 2609 Itaque
1497 2564 1617 2595 visum

167 2610 224 2638 est
247 2605 383 2646 edicta,
407 2607 540 2652 quibus
566 2608 703 2643 milites
730 2608 894 2655 undique
927 2613 1183 2649 evocarentur,
1215 2620 1441 2654 proponere,
1480 2614 1517 2642 et
1544 2610 1615 2642 du-

167 2662 244 2685 cem
275 2653 455 2695 legatum,
492 2655 557 2698 qui
589 2665 631 2688 ea
663 2657 928 2701 promulgaret,
961 2656 1207 2701 praemittere.
1255 2657 1308 2689 Eo
1340 2657 1420 2701 ipso
1454 2662 1615 2700 tempore

166 2709 279 2744 eques
307 2698 353 2731 ab
383 2698 600 2735 Adamantio
625 2704 754 2735 missus
780 2713 964 2743 reversuS‚
990 2714 1062 2735 una
1086 2713 1207 2736 secum
1231 2701 1415 2736 adducens
1440 2702 1618 2735 barbaro-

167 2756 247 2782 rum
274 2745 517 2788 sacerdotem,
543 2759 652 2795 quem
668 2749 872 2786 Christiani
896 2748 1148 2794 presbyterum
1168 2754 1317 2791 vocant,
1343 2750 1406 2796 qui
1430 2755 1509 2784 tuto
1521 2747 1616 2783 Ada-
