1924 3164
311 157 386 212 26
506 199 509 202 -
730 175 1010 219 ExcERPTA
1050 148 1084 215 E
1124 175 1354 216 nEmeo

118 284 518 370 ἐώῗξδξμεγιστοις
556 290 639 332 τῶν
678 288 850 343 ἄγιόνων
888 283 1049 337 τούτοις
1076 285 1331 341 συμβούλοις
1358 303 1403 330 τε
1443 282 1534 342 ἅμα
1562 287 1636 332 καὶ
1658 293 1760 357 βοηῖ

179 348 398 419 Βζὸὲὸθοῖς
433 356 656 410 χρῆσθαι,
704 354 746 396 οἵ
782 349 834 394 ἄν
873 354 918 394 ἐν
957 359 1043 403 τοῖς
1085 350 1323 410 φθάνουσιν
1361 350 1498 409 ἔργοις
1535 356 1654 412 σαφῆ
1680 371 1755 397 του

309 421 611 476 συμφέροντος
634 420 923 470 ἐπιδείξωνται
948 416 1023 474 τὴν
1052 418 1244 474 δήλωσιν,
1286 421 1509 476 ἐμπειρίαν
1536 417 1669 476 ἔργων
1688 422 1764 464 καὶ

150 487 294 534 Cod-47
306 482 411 540 πρὸς
439 515 699 532 .......
1109 530 1113 533 ,

939 553 962 574 ⁸-
1127 554 1150 575 ὅ
1721 577 1728 583 Ι
1760 555 1786 596 ⁵

391 615 423 665 ς’
443 648 455 660 .
489 648 501 659 .
529 616 601 659 καὶ
626 618 827 676 καρτερία
851 614 890 660 οἱ
917 615 1098 671 πόλεμοι
1125 620 1286 671 μᾶλλον
1314 612 1343 673 ἢ
1370 618 1526 672 πλήθει
1537 618 1759 673 κρίνονται.

308 683 410 738 ἡμῖν
437 682 616 736 δύναμίς
651 698 695 724 τε
733 683 784 724 οὔ
813 682 971 740 φαύλη,
1015 683 1237 741 (δισχίλιοι
1264 681 1344 740 γὰρ
1375 681 1415 724 οἶ
1442 683 1682 736 σύμπαντες
1707 679 1760 738 ἤ-

306 750 603 804 θροισθημεν,)
644 747 718 790 καί
741 747 789 790 τὸ
817 749 976 805 χωρίον
1003 750 1309 805 ἐρυμνότατον,
1363 745 1464 791 ὅθεν
1490 746 1759 804 ὁρμωμένους

303 814 390 871 χρή
432 813 531 863 τούς
572 817 796 869 πολεμίους
832 817 985 859 κακοῦν
1022 815 1205 872 σποράσι
1241 831 1288 858 τε
1335 816 1651 868 ἐπιτιθεμένους
1687 816 1761 857 καὶ
1786 822 1789 824 ’

306 878 385 929 τιὶς
412 879 627 936 παρόδους
656 877 796 923 αὕτῶν
822 879 1139 938 ἐνεδρεύοντας·
1193 883 1239 933 ἐξ
1275 876 1335 923 ὧν
1362 882 1565 936 κρατοῦσι
1601 881 1680 934 μὲν
1706 880 1814 935 ἧ-ιο

302 950 376 998 μῖν
402 947 459 1003 τῷ
484 943 623 1004 τρόπῳ
649 945 779 1005 τούτῳ
807 947 929 1004 ῥώμη
959 946 1103 1000 ἔσται,
1153 949 1227 989 καί
1264 947 1358 997 δέος
1400 946 1450 988 οὗ
1476 948 1649 1003 μέτριον
1675 963 1775 994 na«,

303 1011 474 1066 ρέξομεν
501 1016 589 1060 τοῖς
614 1014 825 1069 ἐναντίοις·
855 1015 1169 1066 συνισταμένων
1197 1014 1244 1055 δὲ
1273 1012 1623 1067 ἄντιστησόμεθα,
1650 1027 1756 1068 προ-

431 1108 443 1119 .
476 1073 617 1119 ὅπλων
657 1077 707 1120 οὗ
746 1080 914 1135 φαῦλον
955 1077 1002 1121 τὸ
1033 1078 1215 1134 ἐρυμνὸν
1243 1080 1321 1120 τοῦ
1345 1079 1508 1133 χωρίου
1536 1077 1611 1119 καί
1633 1078 1756 1132 τήνδε

303 1140 377 1198 τήν
402 1139 724 1198 ὕλην·ἔχοντες.
780 1145 826 1186 οῖ’
849 1160 892 1186 τε
920 1145 1105 1187 ἐναντίοι
1144 1146 1189 1186 ἐκ
1218 1143 1440 1201 διαφόρων
1467 1143 1756 1200 προσβάλλον-

299 1225 366 1257 τες
411 1205 481 1252 οἷα
518 1209 570 1250 οὗ
611 1208 741 1266 πάντῃ
771 1212 1032 1266 καταφανέσι
1069 1208 1340 1267 ταράξονται,
1381 1211 1456 1253 καὶ
1494 1210 1570 1252 οὔκ
1609 1211 1655 1253 ἐν
1693 1210 1808 1268 τῷιό

297 1273 375 1332 ἴσῳ
403 1272 545 1333 τρόπῳ
571 1280 659 1325 τοῖς
693 1273 881 1331 πρόσθεν
908 1276 1216 1332 πολεμήσουσι,
1260 1275 1376 1327 τάξιν
1402 1292 1449 1319 τε
1489 1273 1632 1319 αὗτῶν
1669 1274 1747 1318 λύη

296 1357 411 1390 οντες
437 1342 510 1383 καί
538 1336 636 1384 οὗθ’
666 1338 771 1383 ὅπου
799 1341 852 1383 τὰ
879 1342 1120 1396 τοξεύματα
1146 1342 1221 1385 καί
1246 1340 1417 1386 ἀκόντια
1445 1343 1632 1396 μετιέναι
1659 1354 1751 1397 χρη

293 1404 468 1460 εἰδότες,
521 1406 596 1449 καί
636 1409 720 1450 τῶν
746 1423 793 1450 τε
823 1408 1067 1465 ἀφιεμένων
1095 1407 1379 1464 α’τυχήσουσι,
1425 1411 1499 1450 καί
1523 1408 1602 1464 ὑφ’
1629 1407 1752 1461 ὑμῶν

296 1472 358 1514 ἔτι
383 1475 543 1526 μᾶλλον
585 1474 874 1518 κακώσονται.
929 1475 1049 1529 ἡμεῖς
1080 1490 1126 1517 τε
1153 1477 1206 1532 τῇ
1232 1471 1312 1531 ὕλῃ
1341 1474 1630 1531 πεφραγμένοι
1657 1473 1749 1516 ἐπί-

292 1554 429 1581 σκοπα
456 1540 532 1581 καί
556 1541 601 1591 ἐξ
626 1539 885 1597 ὑπερδεξίων
909 1539 1173 1595 μεθήσομεν,
1225 1539 1300 1582 καί
1323 1540 1633 1596 οἷσφαλὲστεροι
1670 1540 1809 1592 μὲναο

294 1605 356 1653 εἷς
385 1605 433 1645 τὸ
464 1606 568 1662 δρᾷν
606 1606 820 1661 ἐσόμεθα,
863 1606 915 1647 οὔ
956 1605 1105 1664 ῥᾷστοι
1160 1608 1207 1649 δὲ
1246 1606 1522 1659 βλάπτεσθαι.
1577 1606 1677 1661 περὶ
1701 1606 1751 1646 δὲ
1782 1613 1786 1618 “

293 1665 353 1711 αὖ
378 1673 455 1726 τῆς
485 1670 644 1724 ὁμόθεν
669 1671 835 1727 μάχης,
874 1673 915 1714 εἰ
942 1670 993 1726 δή
1026 1672 1100 1714 καί
1125 1669 1253 1728 αὐτῆς
1282 1670 1460 1727 δεήσαι,
1504 1671 1635 1712 ἐκεῖνο
1659 1669 1748 1726 χρὴ

382 1777 416 1810 9.
440 1765 731 1812 ἐπιτιθεμένους
754 1767 806 1806 B.‚
830 1765 1083 1812 ἐπιθεμένους
1107 1766 1162 1799 ed.
1215 1778 1266 1800 ιι.
1290 1766 1341 1810 τῷ
1355 1765 1436 1799 add.
1451 1767 1489 1799 B.
1588 1778 1640 1800 12.
1655 1767 1751 1814 προ]

381 1815 642 1858 προτείχισμα
673 1814 749 1847 τῶν
772 1813 815 1846 Ν.
911 1825 966 1848 20.
993 1815 1060 1846 καὶ
1077 1819 1160 1847 ante
1186 1810 1280 1858 οῗσφ.
1306 1812 1387 1845 add.
1414 1814 1452 1846 B.
1514 1812 1771 1858 ἀσφαλέστε-,

384 1869 449 1902 ροι
468 1859 534 1900 Ν.,
559 1859 847 1906 ἀσφαλέστερον
869 1859 924 1892 ed.
1020 1871 1075 1893 αι.
1102 1859 1142 1893 δὲ
1176 1864 1260 1892 ante
1283 1858 1416 1904 βλάπτ.
1442 1859 1524 1893 add.
1551 1859 1594 1892 N.
1689 1871 1746 1895 22.

385 1901 435 1938 αὖ
458 1905 522 1948 τῆς
544 1926 592 1933 -—
615 1907 650 1939 εἰ
675 1904 719 1949 δὴ
747 1906 804 1948 N.‚
829 1904 1001 1949 αὕτῆς-
1025 1907 1060 1938 εἰ
1086 1905 1147 1939 δεῖ
1169 1905 1224 1940 ed.

293 1985 401 2018 Porro
435 1988 577 2019 constat
609 1984 841 2030 sponsionem
876 1989 1038 2019 nostram
1068 1984 1169 2019 haud
1193 1985 1321 2030 procul
1346 1985 1499 2019 veritate
1525 1985 1744 2027 consistere,

294 2042 339 2063 ex
363 2030 422 2072 iis,
447 2042 541 2077 quae
565 2032 664 2076 apud
686 2032 893 2076 Nicopolim
918 2037 1016 2076 gesta
1042 2031 1209 2075 fuerunt3
1235 2032 1326 2077 quin
1349 2042 1440 2077 opus
1467 2032 1543 2064 ulla
1568 2032 1743 2066 iactantia

294 2079 351 2111 sit.
404 2079 559 2122 Oportet
582 2083 727 2120 autem,
752 2091 834 2112 cum
860 2078 905 2111 de
930 2089 1070 2112 summa
1093 2089 1132 2112 re
1158 2078 1296 2123 agitur,
1319 2079 1365 2111 iis
1390 2080 1445 2112 uti
1469 2078 1687 2112 consiliariis
1705 2084 1743 2113 et

295 2124 545 2167 adiutoribus,
577 2127 642 2170 qui
678 2126 919 2171 praecedente
951 2136 1063 2170 opera
1093 2124 1321 2158 manifestam
1359 2124 1544 2159 ediderint
1569 2125 1744 2166 utilitatis-

295 2171 771 2217 suaeldemonstrationem3
799 2171 931 2218 agendi
953 2172 1123 2216 peritiam
1149 2173 1261 2206 etiam
1285 2196 1295 2206 .
1323 2195 1331 2203 .
1361 2195 1369 2204 .

955 2223 971 2236 κ
1065 2219 1082 2236 ve

384 2266 418 2299 6.
457 2285 487 2296 ..
512 2264 558 2297 Et
581 2263 798 2298 fortitudine
819 2266 932 2311 magis
954 2265 1063 2307 bella,
1089 2276 1197 2311 quam
1218 2274 1371 2298 numero
1395 2263 1555 2298 militum
1581 2275 1743 2299 cernun-

291 2315 361 2344 tur.
409 2309 526 2343 Nobis
556 2321 630 2343 non
654 2312 899 2355 poenitendae
929 2314 1056 2357 copiae
1091 2317 1196 2354 sunt3
1229 2310 1285 2344 bis
1319 2311 1415 2344 enim
1446 2311 1548 2349 mille
1579 2311 1739 2345 cunctim

293 2368 499 2391 censemur:
525 2356 626 2390 locus
649 2368 733 2390 vero
753 2359 1042 2400 munitissimus,
1074 2357 1172 2392 unde
1198 2357 1484 2391 discurrentibus
1513 2358 1601 2391 licet
1627 2357 1736 2391 nobis

291 2403 415 2438 hostes
440 2403 535 2436 male
558 2403 715 2436 mulcare
731 2429 742 2444 ‚
783 2403 869 2438 dum
894 2406 1057 2450 palantes
1082 2403 1326 2450 aggredimur,
1368 2415 1566 2451 eorumque
1590 2404 1736 2437 itineri-

291 2450 360 2484 bus
388 2450 611 2484 insidiamur.
663 2449 807 2495 Quibus
832 2453 969 2486 artibus
989 2452 1075 2485 facti
1093 2451 1315 2498 superiores,
1341 2457 1379 2485 et
1396 2451 1490 2485 vires
1509 2449 1736 2496 augebimus,

294 2502 332 2530 et
353 2507 428 2530 non
450 2497 593 2530 modico
624 2495 837 2531 adversariis
860 2500 991 2532 terrori
1015 2499 1167 2533 erimus:
1202 2498 1267 2543 qui
1291 2498 1322 2531 si
1347 2498 1387 2530 in
1410 2498 1525 2530 aciem
1546 2507 1736 2542 processe-—

292 2544 386 2584 rint,
421 2543 650 2584 resistemus,
687 2544 773 2589 quia
797 2550 941 2589 praeter
965 2556 1061 2579 arma
1087 2556 1161 2580 non
1186 2548 1241 2578 est
1263 2545 1407 2578 inutilis
1439 2543 1529 2578 haec
1552 2544 1625 2577 loci
1651 2555 1734 2577 mu-

291 2591 387 2623 nitio
420 2596 458 2624 et
488 2590 595 2624 silva:
633 2590 813 2636 siquidem
846 2591 968 2627 hostes
1004 2592 1154 2626 diversis
1186 2590 1351 2636 partibus
1384 2592 1627 2631 incurrentes,
1666 2602 1733 2625 nos

292 2635 391 2670 haud
415 2638 502 2671 satis
525 2636 598 2670 sibi
625 2637 828 2681 exploratos
855 2639 1131 2682 pertimescent3
1169 2648 1286 2682 neque
1318 2637 1397 2682 pari
1422 2638 1494 2670 iam
1520 2637 1732 2671 conditione

291 2683 527 2728 pugnabunt;
552 2689 590 2718 et
613 2684 754 2718 solvent
778 2683 947 2728 01-dines;
982 2696 1023 2718 ac
1047 2686 1132 2719 dum
1153 2693 1274 2730 neque
1298 2685 1444 2730 sagittas
1468 2694 1588 2763 ηεῗιε
1612 2684 1733 2717 iacula

293 2729 340 2764 ad
362 2736 498 2767 certum
526 2730 672 2776 scopui’n
698 2731 891 2773 emittunt,
915 2737 952 2766 et
975 2742 1084 2768 vanos
1110 2732 1202 2767 ictus
1226 2729 1356 2773 edent,
1383 2735 1463 2776 eta
1480 2742 1526 2766 no
1556 2731 1586 2766 is
1606 2731 1733 2777 potius
