1924 3164
300 154 420 214 506
907 173 1167 219 PROCOPn

300 279 467 330 πάντως
497 277 736 334 προσετιθει
764 275 839 321 τὸν
877 277 1058 322 δίκαιον.
1113 278 1167 321 σύ
1209 279 1258 321 δὲ
1292 275 1452 336 φόρους
1482 277 1595 324 οὕτω
1627 283 1759 338 μεγάὲ

300 349 423 399 λους,
451 341 592 399 ὥσπερ
614 342 802 400 Ἐριννύν
829 360 921 387 τινα
946 343 1088 400 κοινὴν
1102 378 1114 398 ,
1133 344 1402 400 μεταστήσας
1427 347 1512 388 τῶν
1535 346 1760 404 ὑπηκόων,Ι

300 411 413 460 τίνος
438 406 491 453 ἂν
519 407 690 459 εἰκότως
708 411 856 464 τύχοις
879 410 1184 467 προσηγοριάς,·
1208 409 1364 466 μικρὸν
1388 408 1471 468 γάρ
1495 411 1598 468 πρὸς
1621 415 1760 455 ταῦτα

301 479 378 519 καί
391 473 656 531 Ἀριστείδης
690 477 764 517 καί
795 478 1109 533 Πεισίστρατος
1125 511 1138 531 ,
1167 477 1213 519 ἒν
1243 472 1306 526 οἷς
1338 472 1532 534 ἑκάτερος
1565 475 1762 531 ἐθαυμά-

305 544 395 594 ζετο
413 559 425 571 ·
456 539 501 591 ὃς
527 541 705 596 δεκάτην
733 545 816 584 τῶν
845 543 891 584 ἐκ
911 545 984 598 τῆς
1012 541 1161 599 χώρας
1177 544 1408 598 γενομένων
1441 538 1604 600 φόρους
1634 541 1789 594 τάξας5

303 612 394 657 τοῖς
422 608 675 663 Ἀθηναίοις,
702 607 846 664 ἐπειδη
875 607 992 665 παρὰ
1014 607 1302 664 τόνὟμηττὸν
1334 607 1604 665 διερχόμενος
1628 611 1764 653 Ἀττι-

305 672 380 717 κόν
397 670 483 716 εἶδε
501 675 740 731 πρεσβύτην
761 677 917 732 πέτραν
940 672 1236 732 ἐργαζόμενον,
1252 678 1325 719 καί
1342 683 1428 726 τοῖς
1442 675 1625 732 μόχθοις
1643 673 1764 719 ἄπει-

307 737 479 796 ρηκότα,
505 742 713 783 πέπονθεν
741 741 799 792 ὥς
823 739 935 791 εἰκὸς
962 743 1028 784 ἐπ’
1052 738 1168 799 αὐτῷ
1185 755 1197 769 ·
1223 741 1298 784 καὶ
1324 744 1500 797 πέμψας
1525 741 1683 800 ἠρώτα,
1701 743 1766 785 tl*

305 822 383 856 νας
402 807 518 864 αὐτῷ
545 805 779 863 καρπούςῆ
814 813 946 865 πέτρα
971 807 1164 863 κομίζοι·
1188 807 1211 851 ὅ
1236 810 1284 851 δὲ
1309 808 1383 851 καί
1414 811 1510 852 λίαν
1539 807 1766 864 στενάξας,

307 872 495 927 ,,ο’δ“ύνας
512 875 548 928 ,”
586 871 669 930 ἔφη
686 905 698 928 ,
736 875 841 928 „nal
867 877 1007 917 κακῶν
1042 877 1225 931 πλῆθος·
1254 877 1327 918 καί
1351 875 1511 918 τούτων
1537 874 1614 932 τήν
1643 873 1845 926 ‹rand-10,

305 955 382 995 την
415 940 486 982 δεῖ
517 940 715 994 γενέσθαι
753 942 811 998 τῷ
842 938 1177 1000 Πεισιστράτῳ,”
1203 938 1323 996 εἶπε,
1357 948 1552 999 παρεῖναι
1583 940 1658 986 τὸν
1690 939 1770 985 τό-

308 1022 463 1062 ραννον
501 1002 689 1061 ἀγνοῶν·
739 1009 812 1049 καί
851 1008 912 1058 εἷς
940 1009 1250 1064 Πεισίστρατον
1288 1004 1420 1065 ἦλθεν
1455 1006 1477 1050 ὅ
1506 1007 1653 1064 λόγος
1695 1010 1771 1051 καῖ

308 1068 542 1126 θαυμάσας
560 1074 715 1123 ἐκεῖνος
733 1077 807 1128 τῆς
831 1076 1082 1130 καρτερίας,
1107 1075 1216 1129 μέγα
1237 1092 1278 1117 τι
1305 1075 1488 1129 νομίζων
1521 1076 1771 1131 δωρεῖσθαι,

309 1139 436 1194 οἷτελῆ
463 1136 538 1193 τὴν
557 1140 712 1194 πέτραν
733 1135 872 1196 οἷφῆκε
891 1141 950 1198 τῷ
972 1143 1142 1199 γεωργῷ
1157 1158 1169 1169 ·
1193 1141 1268 1182 καί
1295 1140 1354 1190 ὥς
1380 1142 1440 1192 εἰς
1467 1141 1638 1197 μνήμην
1669 1143 1770 1197 0396*-

306 1208 381 1262 τῆς
403 1205 573 1255 ’.Ατελὲς
602 1207 645 1255 ἐξ
671 1208 834 1248 ἐκείνου
865 1205 911 1248 τὸ
934 1207 1096 1263 χωρίον
1120 1205 1425 1261 ἐπωνομάζετο.
1483 1205 1588 1250 α’λλὰ
1625 1208 1677 1250 τί
1695 1201 1826 1262 μοιῑ5

308 1273 446 1326 λέγειν
476 1272 635 1327 ἐπῆλθε
669 1274 1003 1330 Πεισίστρατον,
1030 1271 1105 1315 καὶ
1137 1271 1372 1329 πρεσβύτην
1405 1273 1514 1334 ἕνα,
1543 1272 1619 1316 καὶ
1666 1275 1771 1316 δυσ-

309 1339 438 1392 τυχὲς
493 1340 627 1381 ἐκεῖνο
679 1340 840 1395 χωρίον
859 1371 872 1393 ,
925 1338 1033 1395 πρὸς
1087 1336 1258 1382 πάντων
1307 1336 1503 1396 ὑπηκόων
1555 1341 1773 1395 ἐλευθερί-

311 1421 386 1458 αν,
415 1400 514 1446 ὅθεν
551 1403 624 1447 καί
658 1406 740 1447 τῶν
768 1402 998 1459 βαναύσων
1030 1408 1200 1456 ἕκαστος
1227 1409 1330 1461 παρ’
1351 1407 1525 1455 ἐλπίδας
1549 1406 1739 1459 εὐτυχῶν
1757 1437 1772 1460 ,

311 1471 389 1511 καί
436 1467 620 1524 γεωργὸς
659 1471 760 1527 περὶ
808 1469 884 1522 τὰς
934 1470 1124 1527 ἀρούρας
1165 1471 1448 1528 παραμυθίαν
1490 1473 1577 1514 τῶν
1627 1469 1772 1513 πόνων

308 1531 405 1597 ᾅδει
431 1534 482 1578 τοὶ
506 1533 584 1589 σοί,-
1442 1569 1447 1574 .
1774 1545 1830 1573 20

423 1601 485 1646 ιε’.
535 1599 774 1646 Ἀκὸλουθα
813 1606 861 1646 δὲ
888 1603 1056 1654 τούτοις
1076 1604 1246 1646 κάκεῖνα
1274 1605 1514 1660 παρέσχου,
1535 1604 1610 1645 καί
1631 1604 1773 1646 πᾶσαν

310 1662 443 1723 ἄκοὴν
484 1672 662 1712 νικῶντα
695 1672 752 1728 τῷ
785 1670 993 1723 θαύματι.
1048 1669 1250 1726 πρότερον
1274 1668 1496 1726 γὰρθέας
1527 1668 1646 1720 τινιὶς
1673 1664 1777 1728 ἦγον

312 1734 628 1792 ἀπανθρώπους
675 1735 721 1778 αἱ
773 1733 928 1786 πόλεις.
987 1731 1138 1793 ἄνδρες
1178 1734 1258 1791 γὰρ
1298 1738 1523 1791 δυστυχεῖς
1563 1737 1609 1778 ἒν
1656 1739 1775 1798 μέσῳ

408 1822 463 1855 23.
486 1817 775 1867 ἄπανθρώπους
799 1819 965 1863 Villois.,
998 1819 1064 1854 ὑπ’
1087 1819 1319 1866 ἀνθρώπους
1343 1818 1422 1854 cod.

314 1895 467 1942 grandia
493 1896 598 1942 quasi
622 1906 851 1929 communem
879 1895 1062 1941 quandam
1080 1895 1243 1939 Erinnyn
1269 1906 1350 1928 cum
1377 1906 1395 1928 a
1424 1893 1583 1929 subditis
1611 1903 1775 1928 remove-

316 1945 389 1984 ris,
425 1953 585 1990 quonam
616 1944 832 1988 cognomine
868 1941 1181 1987 digne·appellari
1210 1941 1369 1987 poteris?
1416 1942 1526 1975 Parva
1561 1940 1656 1975 enim
1686 1952 1778 1986 prae

314 1990 419 2025 hisce
444 1994 553 2031 sunt,
578 1995 739 2035 -propter
763 2001 859 2036 quae
883 1989 1060 2023 Aristides
1085 1989 1274 2022 homiuum
1299 1988 1578 2022 admirationem
1604 1988 1777 2022 excitavit

319 2044 358 2073 et
381 2037 600 2071 Pisistratus.
650 2037 725 2082 Qui
759 2039 951 2083 postquam
989 2035 1156 2069 decumas
1189 2047 1253 2081 pro
1288 2036 1456 2081 vectigali
1489 2035 1776 2069 Atheniensibus

317 2084 510 2119 solvendas
535 2083 786 2128 imposuisset,
810 2096 924 2129 prope
952 2084 1162 2126 Hymettum
1196 2094 1262 2128 per
1296 2094 1419 2127 agrum
1446 2083 1623 2116 transiens
1653 2092 1781 2115 senem⁴

318 2131 483 2168 Atticum
508 2130 699 2175 conspexit
725 2141 851 2164 saxum
878 2130 1080 2164 fodientem
1107 2136 1144 2164 et
1170 2129 1293 2164 labore
1315 2130 1553 2163 deficientem.
1602 2128 1781 2163 Miserius

321 2178 459 2223 igitur,
485 2177 525 2210 u't
548 2189 611 2222 par
637 2183 739 2218 erat,
763 2178 945 2218 hominis,
971 2177 1073 2210 misit
1098 2177 1161 2222 qui
1189 2189 1233 2211 ex
1261 2189 1304 2211 co
1332 2181 1525 2223 quaereret
1569 2186 1660 2222 quos
1695 2176 1776 2208 fru-

323 2231 402 2258 ctus
425 2236 551 2257 saxum
572 2224 671 2257 istud
694 2224 815 2259 ferret.
867 2225 934 2258 Ille
964 2230 1084 2257 autem
1106 2225 1260 2268 graviter
1285 2225 1493 2268 suspirans,
1519 2222 1777 2265 ,‚Aerumnas,’'

323 2271 541 2316 respondit,
582 2277 646 2312 „et
669 2270 845 2306 malorum
878 2271 1175 2314 multitudinem;
1211 2283 1364 2318 quorum
1391 2270 1562 2304 decumae
1588 2271 1776 2304 Pisistrato

327 2317 545 2352 debentur.'’
573 2318 720 2352 Scilicet
741 2325 937 2362 tyrannum
961 2317 1086 2351 adesse
1110 2318 1308 2358 nesciebat,
1334 2329 1412 2351 cum
1437 2317 1524 2350 haec
1549 2316 1777 2363 loqueretur.

328 2365 429 2411 Qui,
463 2376 629 2398 sermone
654 2365 812 2399 hominis
837 2366 881 2399 ad
906 2377 987 2400 eum
1014 2365 1159 2406 delato,
1194 2366 1347 2399 miratus
1369 2364 1604 2410 patientiam,
1638 2369 1676 2398 et
1699 2375 1786 2402 mar

329 2423 439 2457 gnum
467 2411 609 2450 aliquid
642 2423 678 2445 se
705 2413 841 2446 donare
869 2419 991 2453 ratus,
1019 2413 1093 2445 saxi
1120 2413 1384 2446 immunitatem
1419 2411 1598 2445 concessit
1623 2412 1755 2444 colono
1767 2423 1784 2444 ε’

332 2464 370 2492 et
392 2464 566 2503 tanquam
594 2460 739 2493 virtutis
766 2459 1021 2493 documentum
1048 2471 1091 2492 ex
1115 2460 1180 2494 iilo
1207 2465 1370 2504 tempore
1393 2458 1565 2492 Immunis
1593 2458 1780 2503 cognomi-

331 2511 439 2539 natus
467 2509 521 2537 est
545 2506 679 2549 agellus
702 2507 776 2540 iile.
803 2506 873 2540 Sed
898 2506 988 2553 quid
1013 2507 1236 2540 Pisistratum
1266 2511 1303 2540 et
1325 2517 1435 2539 unum
1463 2516 1586 2539 senem
1613 2511 1651 2538 et
1671 2504 1781 2539 steri-

333 2553 405 2586 lem
445 2552 547 2584 illum
588 2563 709 2595 agrum
744 2564 985 2587 commemoro
1010 2554 1133 2598 potius
1158 2565 1263 2600 quam
1289 2552 1448 2588 omnium
1472 2551 1702 2585 subditorum
1731 2552 1783 2589 li-2

333 2599 525 2640 bei-tatem,
551 2609 622 2643 qua
647 2601 805 2646 operarii
830 2601 920 2635 adeo
945 2612 1066 2634 omnes
1092 2607 1234 2645 praeter
1258 2611 1357 2645 spem
1386 2598 1485 2632 beati
1512 2604 1716 2642 evaserunt,
1744 2603 1782 2632 et

336 2646 464 2693 rustici
488 2647 526 2678 in
552 2647 643 2690 agris
679 2648 725 2680 ad
751 2647 916 2682 laborum
945 2648 1115 2681 solatium
1140 2653 1220 2680 tuas
1240 2651 1374 2681 canunt
1390 2646 1541 2680 laudes?

436 2695 487 2729 15.
534 2693 642 2726 Hisce
667 2695 924 2728 convenienter
949 2700 986 2728 et
1010 2695 1074 2728 illa
1099 2695 1242 2735 fecisti,
1275 2704 1369 2739 quac
1396 2704 1537 2727 omnem
1561 2693 1691 2726 famam
1715 2703 1787 2725 su·-

337 2745 477 2788 pernnt.
517 2739 634 2775 Antea
659 2741 757 2777 enim
782 2742 947 2781 civitates
968 2741 1187 2776 'inhumanos
1211 2739 1387 2788 quosdam
1413 2740 1518 2774 ludos
1532 2739 1778 2780 celebrabant,
