1924 3164
372 206 474 241 100
962 203 1178 265 rUNAPu

362 307 602 361 τυραννίδα,
629 302 737 348 ὥστε
765 301 952 354 ἀπέδειξε
980 302 1141 358 χρυσὸν
1168 301 1244 358 τήν
1272 299 1611 359 τραγῳδουμένην
1639 317 1793 357 τυραν-

362 372 482 415 νίδα·
537 369 644 413 οὕτω
673 373 747 412 καί
771 365 955 422 τοῦνομα
982 375 1069 418 τοῖς
1096 368 1231 425 ἔργοις
1257 372 1402 425 μακρῷ
1428 371 1640 422 παρῆλθε·
1696 369 1795 408 παί-

364 439 449 479 δων
474 439 553 491 μὲν
577 435 657 491 γοὶρ
686 430 736 476 εὖ
761 431 985 488 γεγονότων
1011 431 1177 491 ὕβρεις,
1207 433 1276 476 διὰ
1303 432 1349 476 τὸ
1378 430 1582 488 σύνηθες,
1622 429 1718 474 οὖδὲ
1745 429 1796 473 ὕ-

359 505 480 559 βρεις
507 501 800 556 ἐνομίσθησαν,
829 499 917 541 ἄλλ’
943 494 995 556 ἦν
1022 498 1232 555 ἐγκύκλιον
1261 500 1376 556 αὐτῷ
1403 498 1477 541 καί
1501 495 1723 554 πρόχειρον
1749 495 1794 540 τὸ

363 568 415 611 τὰ
448 569 625 609 τοιαῦτα
652 565 933 622 ἁμαρτάνειν·
990 564 1012 607 ὅ
1041 567 1088 608 δὲ
1123 563 1359 621 ἐγκλήματά
1396 581 1443 607 τε
1479 565 1704 607 ἀνέπλαττε
1729 562 1824 605 καὶ5

361 634 525 683 ἐδίκαζε
553 636 639 679 τοῖς
668 631 984 684 ἀδικουμένοις,
1003 633 1088 673 ’καί
1112 634 1195 673 τῶν
1223 633 1503 684 δικαζομένων
1533 626 1669 678 οῧδείς
1693 626 1799 671 ἐσώ-

360 698 475 747 ζετο·
533 692 639 736 ὅπου
667 711 713 750 γε
740 699 894 751 πολλῆς
923 692 1047 752 οὔσης
1074 698 1146 739 καί
1170 692 1397 751 ἀδιηγήτου
1425 697 1500 750 τῆς
1527 696 1692 752 φθορᾶς
1718 709 1800 734 πα·-

363 758 658 816 ρηναλίσκοντό
686 776 794 811 τινες
821 763 904 804 τῶν
932 761 1217 815 εὐδαιμόνων,
1271 758 1409 818 ὥσπερ
1455 762 1500 803 ἐν
1539 764 1687 809 κοινοῖς
1714 756 1800 800 δεί-

362 841 481 875 πνοις
510 825 798 882 ἄλεκτορίδες,
843 829 887 878 ἐς
914 827 990 883 τήν
1018 827 1210 884 Καρίνου
1237 824 1425 884 τρυφήν·
1479 828 1721 881 μεμνῆσθαι
1751 825 1799 865 δὲ

361 893 446 933 τῶν
472 894 835 946 κατακοπτομένων
867 892 1037 949 ἔφασκε,
1078 895 1162 936 τῶν
1187 895 1264 947 μὲν
1291 889 1354 935 ὅτι
1382 892 1459 934 οὐκ
1488 891 1694 949 ἐπῄνεσαν
1722 885 1851 931 ati-10

361 961 440 999 τοῦ
467 958 512 999 τό
541 960 712 1011 κάλλος,
735 963 837 1000 ,τῶν
865 961 912 1002 δὲ
951 956 1018 1001 ὅτι
1045 960 1241 1017 λέγοντα,
1271 955 1339 1001 ὅτε
1364 953 1415 1015 ἦν
1443 956 1686 1014 μειράκιον,
1728 956 1801 998 οὐκ

363 1020 635 1077 ἐθαύμασαν,
667 1022 724 1073 ὥς
753 1025 973 1078 ἐβούλετο·
1026 1023 1268 1066 ἀπώλλυντο
1297 1025 1345 1066 δέ
1371 1039 1480 1072 τινες
1506 1022 1578 1065 καί
1601 1025 1802 1076 γελάσαν-

361 1105 427 1139 τες
455 1091 637 1131 ἐναντίον
665 1086 800 1132 αύτοῦ
824 1106 941 1144 ποτε,
970 1090 1043 1132 καί
1066 1087 1203 1135 πάντα
1231 1085 1284 1144 ἦν
1310 1088 1446 1131 αύτοῦ
1472 1086 1687 1144 βαρύτερα
1715 1089 1803 1128 διο-

362 1155 550 1209 σημείας,
578 1157 652 1197 καί
678 1155 832 1197 ἐλύττα
862 1158 908 1199 ἐν
933 1158 1079 1210 μέσοις
1104 1160 1190 1204 τοῖς
1216 1152 1425 1211 ὑπηκόοις.
1485 1157 1586 1197 Voc.
1615 1156 1803 1207 Καρῖνος

361 1222 475 1276 conf.
505 1213 602 1263 ‚cum
630 1222 873 1277 διοσημειά,
904 1219 1142 1276 ἐγκύκλιον,
1170 1222 1340 1279 μακρῷ,
1368 1217 1491 1277 ὕβρις
1519 1216 1692 1277 φυτεύει
1730 1214 1861 1260 ’τύ-15

364 1301 529 1340 ραννον.

234 1358 355 1396 Β.308
471 1348 509 1404 β’
511 1378 523 1393 .
574 1347 622 1393 Ὁ
650 1352 696 1393 δὲ
723 1351 892 1407 τοξότης
918 1353 1039 1408 ἠφίει
1071 1354 1215 1408 βέλος,
1261 1347 1460 1405 εὔστοχος
1499 1345 1557 1393 ὢν
1582 1350 1804 1399 τοσούτους

362 1417 636 1468 κατακαίνειν,
666 1412 746 1457 ὅσα
773 1413 892 1473 ἧφίει
919 1420 1034 1473 βέλη.
1096 1420 1143 1461 V
1136 1434 1199 1463 oc.
1228 1418 1506 1459 κατακαίνειν.

496 1477 505 1493 1

470 1497 522 1535 γ.
578 1479 774 1536 Καρικὸν
801 1484 936 1536 θῦμα.
996 1484 1099 1529 Voc.
1127 1483 1310 1539 καρικόν.

473 1544 527 1587 δ’.
581 1543 784 1600 Μάξιμός
809 1563 855 1589 τε
882 1548 958 1590 καί
981 1546 1322 1604 Πρίσκοςλόγου
1351 1549 1428 1601 μὲν
1453 1547 1704 1602 μετειχέτην,
1731 1545 1857 1600 τῆς20

363 1612 411 1652 δὲ
449 1612 532 1652 τῶν
573 1613 719 1653 κοινῶν
747 1613 819 1655 καί
843 1609 1067 1670 ὑπαίθρων
1104 1613 1253 1669 πείρας
1283 1611 1539 1669 πραγμάτων
1565 1610 1803 1666 ἐλάχιστον.

367 1678 415 1720 V
407 1692 470 1719 oc·
499 1676 739 1733 ὑπαίθριον.

366 1821 430 1856 vit.
479 1822 539 1856 Sic
563 1824 600 1855 et
622 1822 742 1866 ipsum
773 1831 906 1855 nomen
933 1822 1038 1856 sactis
1074 1823 1181 1867 longe
1208 1824 1402 1867 superavit.
1449 1821 1540 1856 Nam
1575 1823 1698 1869 pueris
1722 1822 1806 1866 qui-

367 1867 448 1901 dem
474 1867 662 1901 nobilibus
697 1869 853 1901 iniuriae
904 1879 941 1902 er
963 1869 1218 1902 contumeliam
1242 1869 1387 1910 illatae,
1427 1876 1576 1915 propter
1607 1874 1805 1903 consuetu-

367 1913 513 1955 dinem,
544 1924 590 1947 ne
616 1914 773 1946 iniuriae
799 1880 948 1960 quifem
983 1915 1301 1957 existimabantur,
1335 1915 1399 1950 sed
1422 1914 1631 1949 huiusmodi
1660 1920 1804 1960 peccata

367 1967 472 1995 erant
495 1961 567 2006 ipsi
592 1960 786 1993 familiaria
812 1967 849 1995 et
863 1961 1088 2006 quotidiana.
1136 1961 1237 1995 Idem
1262 1964 1372 1996 etiam
1392 1963 1542 1996 crimina
1559 1962 1805 1995 comminisce-

366 2006 496 2047 batur,
533 2013 570 2040 et
592 2008 649 2039 ius
674 2007 820 2041 dicebat
844 2008 940 2049 illis,
976 2008 1110 2053 quibus
1135 2008 1270 2042 iniuria
1295 2008 1424 2050 fiebat,
1459 2014 1497 2042 et
1521 2009 1644 2042 nullus
1668 2018 1806 2048 eorum,

366 2055 431 2097 qui
463 2054 501 2087 in
533 2053 670 2086 iudicio
705 2053 919 2099 litigabant,
950 2054 1143 2088 incolumis
1174 2055 1357 2088 evadebat.
1408 2055 1499 2088 Cum
1536 2056 1633 2088 enim
1668 2054 1804 2087 multae

367 2105 405 2134 et
425 2100 626 2132 ineffabiles
653 2099 778 2133 caedes
803 2102 951 2142 fierent,
980 2100 1128 2145 quidam
1155 2112 1174 2135 e
1199 2100 1317 2134 beatis
1342 2101 1463 2135 obiter
1486 2100 1805 2141 consumebantur,

365 2152 408 2179 ut
436 2147 475 2179 in
505 2145 754 2180 communibus
780 2148 898 2192 epulis
924 2148 1102 2192 gallinae,
1140 2148 1178 2179 in
1202 2148 1326 2181 Carini
1353 2148 1513 2182 delicias.
1561 2146 1716 2181 Dicebat
1738 2158 1783 2180 au

365 2196 461 2234 ¹tem,
497 2204 533 2226 se
565 2193 774 2226 meminisse
808 2204 955 2234 eorum,
997 2195 1059 2240 qui
1087 2205 1151 2226 suo
1177 2195 1276 2227 iussu
1310 2194 1613 2233 concidebantur,
1678 2203 1805 2226 uorum

367 2238 457 2270 alios
493 2239 641 2285 quidem
667 2239 752 2271 ideo
785 2251 906 2274 caesos
941 2239 1109 2282 dicebat,
1141 2239 1240 2285 quod
1266 2251 1366 2274 suam
1390 2241 1540 2274 formam
1564 2251 1638 2274 non
1676 2239 1806 2272 audas-

366 2289 469 2324 sent,
505 2286 595 2317 alios
620 2290 765 2326 autern,
803 2287 902 2333 quod
926 2297 962 2319 se
987 2287 1190 2328 dicentem,
1216 2286 1300 2319 dum
1326 2286 1443 2320 adhuc
1467 2291 1561 2321 esset
1583 2286 1804 2325 adolescens,

365 2341 439 2363 non
471 2330 640 2364 admirati
665 2332 830 2374 fuissent,
866 2337 907 2365 ut
938 2333 1127 2374 voluisset;
1158 2331 1327 2377 peribant
1357 2333 1464 2366 etiam
1497 2334 1679 2374 nonnulli,
1705 2331 1805 2378 quod

367 2386 486 2409 coram
512 2378 591 2420 ipso
622 2378 794 2411 risissent.
842 2381 1011 2425 Denique
1036 2380 1158 2413 omnia
1188 2380 1264 2413 eius
1296 2380 1388 2413 facta
1413 2379 1587 2426 prodigiis
1620 2385 1658 2413 et
1683 2383 1805 2412 osten-

367 2422 415 2455 tis
441 2429 542 2455 crant
567 2424 747 2466 graviora,
778 2430 815 2459 et
838 2426 878 2459 in
901 2425 1031 2458 mediis
1055 2426 1224 2471 populis,
1258 2426 1333 2458 eius
1365 2427 1518 2471 imperio
1546 2425 1719 2459 subiectis
1745 2435 1804 2459 ra-

366 2467 428 2501 bie
453 2467 690 2511 grassabatur.

461 2526 492 2547 2.
543 2515 754 2558 Sagittarius
779 2522 900 2551 autem
925 2519 1089 2562 sagittam
1114 2518 1250 2559 emisit,
1275 2529 1387 2564 quum
1415 2522 1510 2552 esset
1533 2516 1712 2551 iaculandi
1736 2528 1802 2563 pe-

368 2559 459 2594 ritus
474 2585 484 2599 ‚
509 2561 600 2594 adeo
630 2567 671 2595 ut
693 2567 750 2595 tot
773 2562 937 2598 homines
962 2565 1199 2606 interficeret,
1231 2570 1323 2611 quot
1344 2567 1490 2611 sagittas
1517 2565 1709 2602 emitteret,

460 2608 493 2641 3.
542 2606 666 2640 Carica
693 2609 850 2643 victima.

464 2651 496 2695 4.
544 2653 723 2687 Maximus
748 2659 786 2687 et
810 2656 949 2689 Priscus
974 2657 1190 2692 eruditionis
1216 2656 1362 2702 quidem
1387 2661 1489 2691 erant
1508 2656 1712 2700 participes,
1737 2655 1801 2690 sed

373 2699 427 2731 rei
442 2698 611 2743 publicae
625 2700 802 2746 gerendae
819 2707 856 2735 et
898 2713 1016 2736 rerum
1045 2703 1266 2738 subdialium
1297 2704 1480 2739 minimam
1513 2701 1700 2736 habebant
1732 2713 1801 2736 no-

373 2745 530 2783 titiam..v
