1924 3164
325 153 434 209 250
725 184 727 186 ·
897 174 1174 216 EXCERPTA

131 274 306 322 ΔΑΖ-479
315 289 423 328 μου,
453 270 588 325 εὖθῦς
617 270 913 317 α’πανίσταται.
968 274 1042 316 καὶ
1066 274 1173 318 κατὰ
1202 274 1281 332 τὴν
1308 276 1586 322 divodorum*
1611 278 1762 336 στενήν

135 321 414 406 Ζοέἓὲζέὁδόν
447 340 524 395 την
551 341 624 382 ἐπὶ
647 340 726 394 τὴν
751 342 850 381 νέαν
877 341 1098 397 λεγομένην
1123 338 1328 397 Ἤπειρον
1366 339 1614 398 οἷποῖγουσαν
1655 346 1759 388 οἰνα-

313 407 471 460 στήσας
497 400 677 461 ἤλαυνε,
696 407 770 447 καί
791 407 1029 462 προπέμπει
1053 406 1150 458 τούς
1172 405 1310 458 ἱππεῖς
1339 407 1389 451 τὰ
1418 405 1529 467 ἄκρα
1553 413 1606 468 τῇ
1631 428 1759 467 στρα-

278 476 389 528 Gru}
414 472 885 527 προκαταληψομένους,
928 472 1003 514 καί
1027 475 1106 522 ἕως
1133 469 1379 516 ἆνέλπιστοί
1400 475 1482 518 εἶσι
1508 478 1594 518 κατ’
1621 477 1757 518 ἐκεῖνα

307 534 528 592 χωρήσειν,
557 536 602 586 ἐξ
627 535 787 592 ἐφόδου
814 534 979 592 ἀθρόας
1005 536 1303 595 ἐκκρούσοντας
1329 538 1406 595 την
1428 538 1636 596 φυλακὴν,
1666 537 1782 596 ἥτις5

308 598 363 656 ἦν
389 600 560 643 αὐτόθι.
600 600 640 642 οἱ
667 600 715 643 δὲ
744 601 800 652 ῶς
828 598 1063 658 ἀνέβησαν,
1093 602 1132 646 οἱ
1159 605 1232 646 ἐπὶ
1257 606 1316 663 τῷ
1347 608 1488 663 τειχίῳ
1520 607 1757 661 φρουροῦν-
1796 653 1799 658 Γ

308 682 377 715 τες
405 668 660 722 στρατιῶται
690 664 797 720 τό,τε
825 670 985 723 πλῆθος
1012 668 1166 720 ἰδόντες
1210 669 1284 712 καί
1319 669 1501 727 πρὸςτὸ
1545 672 1758 727 αἰφνίδιον

308 728 447 774 αὐτῶν
487 735 816 786 καταπλαγέντες
856 729 950 776 οὕτε
990 736 1035 784 ἐς
1073 734 1203 791 ἄλκην
1231 734 1295 778 ἔτι
1319 737 1560 792 τραπέσθαι
1582 735 1757 789 ὑπέμει-

306 814 406 850 ναν,
436 792 528 840 οὔτε
557 797 756 853 λογισμὸν
784 798 910 854 ἔσχον
939 797 1167 852 ἆποζεῦξαι
1193 800 1242 843 τὸ
1272 803 1496 856 τείχισμα,
1535 802 1623 843 ἀλλ’
1667 797 1754 856 ῶρ-

304 879 447 918 μησαν
473 864 668 920 φεύγειν,
708 864 790 906 ὑπό
829 867 901 922 τῆς
929 864 1160 922 ἐκπλήξεως
1190 866 1438 924 ἀπερίοπτοι
1462 865 1633 919 πάντων
1667 868 1809 912 τῶνιο

304 930 366 978 εἰς
392 928 465 972 τὸν
490 929 581 972 τότε
609 929 758 987 καιρὸν
787 932 1008 988 ω’φελῆσαι
1047 934 1304 987 δυναμένων.
1355 933 1395 975 οἱ
1442 935 1489 976 δὲ
1516 931 1624 975 κατὰ
1653 936 1756 974 πολ-

306 994 382 1050 λὴν
409 997 586 1052 ἐρημίαν
613 995 851 1052 προσιόντες
879 997 1093 1054 ἐχώρουν,
1137 997 1209 1040 ἐπὶ
1241 1001 1315 1041 τοῦ
1342 997 1547 1052 στόματος
1573 997 1707 1047 αὐτὸς
1732 997 1756 1039 ὅ

309 1063 587 1118 Θευδέριχος,
616 1060 725 1113 §dag
752 1065 800 1106 δὲ
828 1062 853 1104 ὅ
888 1066 1083 1119 μέγιστος
1110 1066 1193 1107 τῶν
1233 1062 1306 1105 ὕπ’
1343 1063 1476 1107 αὐτὸν
1512 1065 1754 1120 στρατηγῶν

262 1131 295 1165 D
311 1126 417 1176 κατὰ
443 1127 488 1170 τό
516 1129 644 1181 μέσον
667 1126 776 1184 εἶχε,
803 1131 1119 1184 Θευδιμοῦνδος
1142 1132 1189 1172 δὲ
1218 1127 1241 1172 ὅ
1270 1133 1409 1187 ἕτερος
1436 1131 1520 1173 τῶν
1545 1127 1754 1184 Βαλαμή-

305 1209 382 1249 ρου
411 1195 574 1238 παίδων
600 1196 672 1237 ἐπὶ
696 1199 772 1251 τῆς
799 1195 1016 1252 οὕραγίας.
1073 1197 1332 1253 Θευὸέριχος
1363 1199 1443 1251 μὲν
1484 1191 1561 1239 οὖν
1594 1202 1807 1252 προκα-ι5

299 1257 437 1312 ταβιὶς
475 1262 549 1302 καί
573 1263 777 1316 θαρσῶν,
819 1261 878 1310 ὥς
916 1261 1054 1311 οὐδεὶς
1089 1257 1142 1317 ἦν
1186 1262 1329 1311 αὐτοῖς
1358 1259 1638 1319 ἐφεπόμενος,
1667 1265 1752 1309 τοῖς

297 1324 373 1366 ἐπὶ
398 1328 482 1367 τῶν
511 1326 684 1379 ἁμαξῶν
711 1328 786 1368 καί
811 1332 902 1375 τοῖς
930 1324 1073 1376 ἄλλοις
1115 1328 1393 1383 σκευοφόροις
1432 1324 1545 1370 εἶπεν
1583 1341 1753 1382 προχω-

298 1397 400 1445 ρεῖν·
430 1389 558 1440 αὐτὸς
585 1392 631 1433 δὲ
651 1392 841 1447 ἠπείγετο
863 1392 1031 1448 φθάσαι
1058 1391 1388 1449 προκαταλαβών
1412 1390 1466 1448 ἣν
1495 1387 1548 1434 ἄν
1577 1389 1750 1434 δυ’ναιτο

298 1453 434 1497 πόλιν.
488 1458 564 1498 καί
587 1455 694 1513 πρὸς
720 1459 799 1511 μὲν
840 1456 918 1513 την
948 1456 1182 1513 Λυχνηδὸν
1218 1457 1409 1500 ἐπελθών
1451 1455 1748 1513 ἀπεκρούσθη,

298 1522 370 1563 ἐπὶ
398 1521 562 1578 όχυροῦ
584 1524 776 1578 κειμένην
803 1522 876 1565 καί
901 1525 1042 1578 πηγῶν
1069 1522 1188 1566 ἔνδον
1215 1521 1367 1580 πλήρη,
1398 1523 1472 1566 καί
1490 1512 1614 1566 σίτου
1643 1536 1803 1579 προ-20

297 1586 475 1636 ενόντος.
531 1588 720 1638 ἀναστὰς
756 1591 803 1631 δὲ
844 1592 1007 1632 ἐκεῖθεν
1039 1588 1113 1644 τήν
1147 1606 1190 1632 τε
1221 1591 1444 1643 Σκαμπιῖκν
1480 1587 1622 1644 αἱρεῖ,
1663 1590 1749 1630 τῶν

295 1652 522 1710 οἰκητόρων
548 1652 682 1710 αὐτὴν
707 1652 842 1697 πάλαι
868 1655 1171 1697 ἐκλελοιπότων
1179 1689 1193 1708 ,
1223 1654 1300 1698 καί
1326 1658 1370 1706 ἐξ
1398 1654 1530 1710 αὐτῆς
1559 1651 1749 1709 ὁρμήσας

390 1756 422 1779 2.
434 1743 498 1778 ἐπὶ
520 1743 577 1782 Ν.,
597 1742 673 1779 ὑπὸ
699 1746 794 1791 vulg.
865 1745 896 1789 4.
922 1744 1047 1779 ἐκεῖνοι
1070 1746 1131 1781 vel
1153 1745 1308 1780 ἐκείνων
1336 1743 1395 1786 Ν.,
1420 1744 1549 1788 ἐκείνῳ
1571 1743 1666 1788 vulg.
1714 1744 1749 1777 6.

389 1793 523 1837 τοιχίῳ
547 1792 642 1836 vulg.
691 1794 724 1827 8.
742 1785 860 1834 ἄλκήν
885 1792 942 1833 Ν.,
969 1792 1082 1834 ἄλλην
1103 1793 1198 1836 vulg.
1276 1804 1327 1826 ιι.
1353 1789 1502 1833 πολλὴν
1525 1790 1620 1832 val„
1647 1787 1748 1823 πολὺ

386 1839 481 1883 vulg.
532 1849 590 1872 20.
615 1839 808 1884 παρόντος
832 1839 926 1872 coni.
951 1839 997 1875 H.
1057 1850 1112 1873 αι.
1136 1840 1346 1885 Σκαμπίαν
1369 1837 1435 1880 Ν.,
1461 1839 1631 1884 καρπίαν
1653 1837 1749 1881 vulg.

294 1906 503 1940 hominibus
520 1917 631 1941 vacua
650 1911 740 1948 erat,
767 1918 875 1953 quam
886 1907 1049 1952 plurima·
1059 1907 1140 1941 loca
1164 1906 1341 1946 incendit,
1367 1910 1405 1938 et
1419 1904 1611 1939 confestim
1634 1904 1746 1937 motis

295 1954 444 1995 castris,
469 1954 524 1987 via
549 1953 662 1988 ardua
686 1959 724 1988 et
745 1959 915 1999 angusta,
940 1964 1034 2000 quae
1059 1954 1106 1987 ad
1129 1964 1258 1987 novam
1275 1953 1424 1998 Epirum
1454 1950 1634 1991 ducebat,
1655 1960 1744 1994 per-

297 2000 401 2033 rexit.
451 1999 546 2033 Tum
571 2001 713 2047 equites
738 2001 962 2045 praemittit,
988 2001 1052 2047 qui
1077 2001 1160 2044 iuga
1185 2000 1365 2033 montium
1390 1998 1491 2043 prius
1515 2001 1746 2042 occuparent,

297 2051 352 2085 ut,
379 2058 459 2080 cum
482 2059 588 2081 nemo
614 2047 793 2093 suspicari
815 2053 950 2092 posset,
989 2058 1051 2081 eos
1074 2058 1140 2091 per
1163 2057 1205 2079 ea
1228 2047 1307 2079 loca
1329 2055 1599 2090 progressuros,
1638 2053 1747 2087 prae-

296 2093 410 2133 sidia,
439 2095 470 2127 si
495 2105 567 2140 qua
594 2099 732 2135 essent,
767 2095 906 2138 impetu
943 2092 1140 2139 derepente
1166 2093 1264 2126 facto
1289 2092 1525 2137 depellerent.
1575 2089 1651 2134 Qui
1675 2101 1742 2134 pro
1772 2105 1778 2114 ·

295 2139 488 2173 moenibus
514 2140 615 2175 urbis
643 2141 827 2186 praesidia
851 2140 1028 2185 agebant,
1068 2145 1109 2173 ut
1145 2137 1423 2172 multitudinem
1459 2137 1620 2171 hostium
1655 2146 1745 2168 con-

296 2192 514 2229 spexerunt,
539 2187 663 2221 subito
690 2199 771 2221 casu
800 2188 1008 2233 perterriti,
1035 2196 1156 2233 neque
1181 2186 1349 2218 resistere
1376 2184 1456 2218 ausi
1482 2188 1588 2222 sunt,
1621 2193 1742 2229 neque

295 2232 370 2265 illis
393 2238 535 2266 tantum
559 2234 672 2267 animi
697 2239 734 2267 et
758 2234 975 2279 prudentiae
999 2234 1085 2274 fuit,
1110 2238 1152 2266 ut
1169 2231 1479 2276 propugnaculum
1497 2229 1744 2270 occluderent,

296 2279 360 2312 sed
378 2279 417 2311 in
428 2280 548 2324 fugam
567 2282 729 2314 conversi
752 2292 838 2325 prae
860 2291 993 2325 pavore
1011 2279 1120 2319 nihil,
1135 2278 1235 2325 quod
1247 2279 1321 2311 illis
1349 2277 1441 2310 utile
1454 2281 1560 2317 esset,
1575 2275 1743 2309 attende-

295 2331 391 2358 runt.
418 2326 557 2360 Hostes*
571 2334 693 2362 autem
715 2338 780 2371 per
795 2328 874 2360 loca
886 2326 1097 2360 hominibus
1109 2336 1220 2358 vacua
1235 2330 1273 2358 et
1295 2324 1438 2358 deserta
1451 2322 1742 2368 ,progredieban-

294 2377 365 2405 tur.
393 2371 668 2407 Theuderichus
684 2379 762 2407 erat
780 2373 876 2408 inter
895 2375 1044 2418 primos,
1071 2373 1158 2406 Soas
1177 2382 1197 2403 a
1209 2369 1463 2404 Theudericho
1481 2369 1678 2402 secundum
1698 2369 1740 2401 in

296 2419 454 2451 exercitu
466 2420 615 2462 gradum
629 2421 792 2460 tenebat,
819 2426 856 2454 et
873 2420 1034 2454 medium
1061 2429 1188 2464 agmen
1213 2416 1389 2456 ducebat,
1408 2414 1740 2456 Theudemundus,

296 2465 390 2498 alter
403 2476 448 2498 ex
463 2465 642 2499 Valamiri
656 2468 753 2506 filiis,
776 2473 985 2500 extremum.
1013 2464 1287 2500 Theuderichus
1307 2462 1413 2496 valde
1435 2462 1555 2495 audax
1577 2467 1614 2495 et
1627 2462 1739 2495 confi-

297 2510 399 2552 dens,
419 2515 462 2544 ut
479 2513 675 2553 neminem,
694 2515 756 2558 qui
778 2514 849 2546 sibi
868 2513 1065 2554 resisteret,
1087 2511 1230 2545 obviam
1249 2509 1327 2543 fleri
1343 2509 1447 2550 vidit,
1463 2519 1536 2550 eos,
1557 2509 1621 2553 qui
1639 2506 1739 2552 apud

297 2569 420 2591 currus
434 2563 470 2591 et
497 2563 614 2592 cetera
639 2559 900 2604 impedimenta
926 2564 1048 2599 crant,
1082 2558 1277 2602 procedere
1301 2556 1418 2593 iussit,
1442 2557 1521 2599 Ipse
1548 2555 1739 2599 praeibat,

299 2609 341 2638 ut
362 2615 625 2651 quamcumque
648 2612 771 2650 posset
789 2606 915 2639 urbem
938 2603 1205 2650 praeveniendo
1233 2608 1384 2647 caperet.
1432 2602 1487 2635 Ad
1509 2601 1738 2645 Lychnidum

297 2651 468 2688 accedens
506 2657 561 2686 est
593 2653 767 2697 repulsus.
815 2653 902 2686 Erat
925 2653 1021 2686 euim
1046 2650 1183 2684 difficili
1207 2650 1288 2683 loco
1314 2650 1384 2681 sita
1412 2653 1450 2681 et
1473 2648 1630 2682 fontium
1656 2658 1739 2680 sca·-

297 2698 456 2741 tui-igine
491 2698 619 2742 plena,
661 2703 698 2731 et
730 2705 901 2732 convecto
931 2699 1030 2742 prius
1066 2698 1246 2731 frumento
1271 2694 1494 2728 abundabat.
1543 2695 1636 2727 Hinc
1659 2704 1738 2726 mo-

298 2755 398 2786 vens,
422 2743 632 2791 Scampiam,
658 2756 763 2792 quam
788 2744 997 2782 iamdudum
1021 2744 1161 2779 incolae
1189 2743 1423 2788 reliquerant,
1441 2741 1565 2784 diruit,
1589 2746 1627 2775 et
1649 2739 1737 2777 inde
