1924 3164
324 191 432 265 176
889 208 1168 252 ExcERPTA

127 315 168 349 A.
180 312 513 366 C.448!29v‹51'ov‚
557 310 711 364 ἐκλέγει
748 310 797 351 δὲ
824 308 899 351 καί
922 311 993 366 ἐφ’
1020 306 1082 361 οἷς
1114 308 1192 365 τὴν
1219 312 1454 368 πρεσβειίκνΔ
1479 312 1754 366 ἐποιούμεθα,

111 362 390 453 Thgffidfff‘
419 377 466 452 cll}
493 377 674 432 φορτίων
700 368 781 430 ἤδη
807 380 894 423 τοῖς
920 375 1158 431 ὑποζυγίοις
1198 377 1494 430 ε’πιτεθέντων,
1523 379 1595 420 καί
1620 377 1749 432 ἀνάγ-

200 457 295 493 p‚52
308 457 358 499 κῃ
396 457 472 496 την
508 441 681 495 πορείαν
717 437 821 482 κατά
865 438 940 483 τὸν
969 443 1043 496 τῆς
1071 439 1219 492 νυκτὸς
1244 440 1393 497 καιρὸν
1420 446 1633 485 ποιεῖσθαι
1657 459 1749 485 πει-

305 503 506 564 ρώμενοι,
534 507 788 562 μετεξέτεροι
815 507 899 549 τῶν
924 506 1154 563 βαρβάρων
1183 505 1516 564 παραγενόμενοι
1538 511 1748 562 ἐπιμεῖναι

304 572 418 628 ἡμᾶς
447 572 523 613 τοῦ
545 572 696 626 καιροῦ
736 569 867 628 χάριν
894 571 1290 628 παρακελεύσασθαι
1332 572 1405 616 τὸν
1430 573 1633 630 Ἀπήλαν
1660 571 1778 627 ἕλε-5

304 652 398 694 γον.
451 639 498 679 ἐν
518 632 631 695 αὐτῷ
653 631 730 680 οὖν
754 639 812 696 τῷ
834 640 992 696 χωρίῳ,
1014 634 1113 681 ὅθεν
1141 638 1215 681 καί
1243 641 1540 696 διανέστημεν,
1567 634 1667 696 ἧκον
1698 637 1751 696 ἦ·

303 709 379 757 μῖν
407 705 514 757 βοῦν
542 697 708 757 ἄγοντές
725 719 831 754 τινες
857 705 930 746 καί
954 705 1185 758 ποταμίους
1224 703 1384 760 ἰχθύας
1410 703 1527 761 παρὰ
1554 707 1629 748 τοῦ
1649 701 1752 748 Ἀτ-

302 767 411 824 τήλα
440 771 802 825 διαπεμφθέντας.
859 768 1148 825 δειπνήσαντες
1178 766 1254 813 οὖν
1273 772 1317 820 ἐς
1343 767 1472 813 ῧπνον
1500 768 1753 826 ἐτράπημεν.

302 834 463 892 ἡμέρας
491 835 537 876 δὲ
561 837 781 890 γενομένης
807 830 979 893 ᾠόμεθα
1005 837 1083 889 μὲν
1109 833 1265 892 ἥμερόν
1302 853 1345 878 τι
1372 837 1446 878 καί
1470 838 1604 892 πρᾶον
1631 824 1750 890 παρα

302 901 383 942 τοῦ
417 898 638 957 βαρβάρου
675 902 1024 956 μηνυθὴσεσθαι·
1094 900 1117 943 ὅ
1151 903 1198 944 δὲ
1241 900 1368 944 πάλιν
1395 901 1496 952 τούς
1523 899 1682 950 αὐτούς
1705 899 1804 943 ἔ-ιο

271 977 473 1022 Βιπεμπε,
505 965 887 1022 παρακελευόμενος
914 967 1110 1021 α’πιέναι,
1139 969 1179 1009 εἰ
1203 965 1262 1023 μή
1293 966 1461 1021 ἔχοιμέν
1486 984 1526 1009 τι
1552 965 1668 1023 παρὰ
1696 964 1750 1008 τοὶ

307 1032 450 1080 αΰτοῖς
487 1032 726 1086 ἐγνωσμένα
767 1033 924 1087 λέγειν.
997 1028 1121 1075 οὐδὲν
1170 1028 1245 1075 οὖν
1281 1029 1605 1088 ἀποκρινάμενοι
1645 1030 1754 1088 πρὸς

305 1094 384 1152 τήν
413 1095 511 1139 ὅδὸν
545 1095 983 1153 παρασκευαζόμεθα,
1020 1097 1168 1155 καίπερ
1197 1099 1274 1141 τοῦ
1300 1100 1453 1153 Βιγίλα
1493 1099 1754 1154 διαφιλονει-

306 1163 474 1212 κοῦντος
500 1163 634 1217 λέγειν
664 1159 774 1205 εἶναι
803 1164 875 1205 καί
901 1165 1021 1219 ἕτερα
1061 1161 1162 1217 ἡμῖν
1202 1161 1496 1219 ῥηθησόμενα.
1550 1165 1595 1207 ἐν
1621 1164 1755 1221 πολλῇ

307 1230 356 1272 δὲ
395 1230 602 1286 κατηφείᾳ
640 1226 714 1270 τὸν
756 1230 1002 1282 Μαξιμῖνον
1037 1227 1159 1282 ἰδών,
1202 1227 1461 1285 παραλαβών
1498 1227 1808 1282 Ῥουστίκιονιό

306 1291 623 1347 ἒξεπιστάμενον
660 1292 737 1349 τήν
785 1290 1014 1350 βαρβάρων
1057 1293 1224 1350 φωνην,
1254 1292 1303 1343 ὃς
1338 1293 1418 1337 σὺν
1455 1292 1555 1350 ἡμῖν
1582 1295 1655 1338 ἐπὶ
1677 1291 1754 1350 τὴν

307 1357 520 1414 Σκυθικὴν
541 1358 738 1415 ἐληλύθει
753 1385 806 1391 -
821 1360 873 1400 ου’
892 1362 967 1415 τῆς
994 1362 1219 1416 πρεσβείας
1237 1362 1355 1402 ἓνεκα
1376 1358 1483 1402 ἄλλα
1511 1359 1612 1403 κατὰ
1641 1361 1755 1415 πρᾶ-

307 1429 371 1478 ξίν
407 1442 498 1468 τινα
537 1424 644 1481 πρὸς
671 1424 996 1480 Κωνστάντιον,
1043 1423 1089 1468 ὃν
1113 1426 1348 1482 Ἰταλιώτην
1376 1420 1476 1469 ὅντα
1505 1425 1754 1483 ὖπογραφέα

301 1489 479 1549 Ἀττὴλᾳ
508 1490 754 1534 ἀπεστάλκει
776 1492 938 1541 Ἀἑτιος
977 1491 1001 1532 ὅ
1028 1493 1111 1534 τῶν
1152 1488 1355 1547 ἑσπερίων
1376 1492 1596 1545 Ῥωμαίων
1622 1508 1755 1548 στρα-

302 1557 504 1614 τηγὸς,-
529 1555 645 1613 παρὰ
674 1556 748 1600 τὸν
759 1555 940 1600 Σκόπαν
969 1556 1283 1614 ἀφικνούμενος,
1313 1554 1383 1613 (οὗ
1412 1557 1492 1615 γάρ
1518 1554 1810 1613 Ὀνηγήσιοςαο

306 1626 536 1679 τηνικαῦτα
551 1624 726 1680 παρῆν,)
754 1622 829 1665 καί
858 1619 986 1664 αὖτὸν
1013 1622 1250 1679 προσειπών
1267 1623 1342 1679 ὑφ’
1369 1620 1546 1680 ἑρμηνεῖ·
1558 1626 1615 1681 τῷ
1636 1624 1758 1666 Ῥου-

279 1690 456 1747 (ἶστικίῳ
483 1688 622 1744 ἔλεγον
650 1690 769 1745 δῶρα
796 1692 968 1730 πλεῖστα
995 1687 1111 1744 παρὰ
1141 1691 1218 1730 τοῦ
1245 1689 1488 1743 Μαξιμίνου
1517 1688 1756 1745 λήψεσθαι,
1815 1733 1820 1738 ,

308 1753 422 1812 εἴπερ
465 1753 592 1798 αὕτὸν
634 1756 706 1811 τῆς
749 1752 867 1811 παρὰ
893 1752 968 1796 τὸν
1002 1752 1209 1809 Ἀττήλαν
1237 1752 1403 1797 εἰσόδου
1444 1752 1757 1811 παρασκευάσω

398 1862 455 1896 23.
480 1861 548 1894 τοῦ
573 1858 727 1902 ’Λττῆλα
751 1859 846 1905 vulg.

307 1939 497 1975 tractanda
527 1942 650 1980 erant,
688 1937 905 1972 enuntiavit.
954 1936 1132 1971 lumentis
1166 1937 1238 1970 iam
1260 1937 1442 1973 adornatis
1479 1946 1516 1975 et
1541 1942 1758 1977 necessitate

312 1987 359 2021 ad
376 1988 446 2021 iter
458 1992 622 2030 tempore
646 1986 762 2019 noctis
784 1983 1003 2030 carpendum
1025 1984 1166 2025 adacti,
1191 1995 1377 2019 occurrere
1407 1998 1451 2020 ex
1478 1987 1661 2030 barbaris,
1693 1990 1760 2035 qui

315 2033 478 2067 dicerent
499 2058 509 2074 ,
530 2031 682 2066 Attilam
708 2030 836 2064 iubere
865 2042 931 2064 nos
964 2036 1113 2076 propter
1148 2035 1289 2075 tempus
1318 2034 1433 2067 noctis
1459 2035 1757 2081 intempestivum

313 2090 510 2114 remanere.
559 2080 601 2112 In
633 2078 789 2112 eundem
822 2078 933 2123 igitur
963 2078 1095 2118 locum,
1124 2077 1222 2110 unde
1248 2079 1583 2122 proficiscebamur,
1611 2087 1758 2127 praesto

314 2127 441 2167 fuere,
469 2125 532 2172 qui
557 2125 687 2159 bovem
715 2123 868 2170 agebant
890 2130 927 2158 et
945 2124 1059 2169 pisces
1071 2123 1266 2157 fluviatiles
1300 2125 1407 2160 nobis
1431 2127 1477 2160 ab
1497 2128 1609 2161 Attila
1629 2130 1759 2162 missos

315 2173 539 2207 adferebant.
589 2171 740 2205 coenati
762 2183 828 2205 nos
854 2170 1050 2205 dormitum
1076 2171 1305 2204 contulimus.
1353 2173 1450 2208 Luce
1479 2179 1556 2206 orta
1588 2174 1627 2208 in
1657 2186 1759 2220 spem

316 2219 610 2259 adducebamur,
646 2218 798 2252 Attilam
829 2229 867 2251 se
899 2217 945 2251 ad
973 2217 1163 2250 lenitatem
1195 2216 1384 2260 daturum,
1422 2225 1458 2254 et
1489 2220 1639 2266 aliquod
1667 2222 1758 2256 mite

316 2277 529 2310 responsum
568 2265 615 2297 ad
642 2277 708 2298 nos
739 2264 783 2297 ab
813 2265 892 2308 ipso
925 2269 1183 2297 emanaturum.
1244 2264 1310 2296 Ille
1337 2277 1421 2300 vero
1461 2265 1580 2300 denuo
1612 2268 1759 2303 eosdem

317 2313 437 2352 misit,
460 2313 639 2358 iussitque
658 2311 760 2345 abire
776 2337 785 2354 ‚
810 2312 841 2343 si
858 2309 953 2344 nihil
972 2310 1073 2343 aliud
1092 2310 1250 2354 negotii,
1284 2312 1354 2345 nisi
1375 2311 1472 2356 quod
1493 2313 1563 2346 iam
1587 2315 1757 2349 omnibus

319 2359 504 2404 cognitum
533 2364 631 2399 erat,
661 2358 767 2391 nobis
802 2369 882 2391 cum
915 2357 979 2390 illo
1012 2355 1263 2390 intercederet.
1317 2357 1426 2392 Nullo
1463 2359 1547 2393 dato
1585 2372 1758 2406 responso

263 2404 265 2406 ’
319 2406 368 2439 ad
397 2406 471 2438 iter
499 2416 565 2438 nos
600 2405 844 2444 accinximus,
877 2404 944 2436 etsi
975 2403 1105 2447 Bigilas
1128 2404 1227 2435 omni
1256 2414 1323 2448 ope
1351 2405 1605 2448 contenderet,
1631 2413 1673 2441 ut
1697 2418 1760 2442 re-

321 2451 600 2498 sponderemus,
625 2462 690 2485 nos
719 2451 791 2484 alia
821 2449 976 2484 dicenda
1005 2448 1150 2483 habere.
1197 2450 1270 2495 Ego
1305 2461 1388 2484 vero
1417 2463 1496 2485 cum
1518 2454 1759 2489 Maximinum

321 2509 487 2533 moerore
522 2499 649 2531 confici
682 2498 861 2538 viderem,
907 2502 1062 2530 assumto
1099 2496 1279 2537 Rusticio,
1317 2499 1382 2542 qui
1423 2498 1658 2534 barbarorum
1687 2501 1760 2534 lin.

323 2556 414 2591 guae
434 2545 574 2589 peritus
596 2550 690 2585 erat,
716 2550 753 2578 et
769 2544 957 2577 nobiscum
981 2544 1019 2575 in
1039 2542 1219 2587 Scythiam
1247 2550 1394 2578 venerat
1438 2557 1512 2579 non
1541 2547 1760 2591 legationis,

324 2592 390 2631 sed
403 2591 561 2635 privatae
578 2591 631 2623 rei
650 2602 773 2630 causa,
799 2590 844 2624 ad
865 2589 1118 2623 Constantium
1146 2600 1190 2622 ex
1216 2589 1321 2622 Italia
1347 2591 1561 2634 oriundum,
1586 2605 1694 2640 quem
1711 2593 1759 2627 ad

323 2639 472 2673 Attilam
499 2636 637 2677 Aetius,
665 2636 954 2671 Occidentalium
980 2636 1218 2670 Romanorum
1243 2635 1335 2677 dux,
1360 2643 1402 2671 ut
1430 2639 1487 2671 illi
1521 2638 1566 2672 ab
1593 2640 1758 2685 epistolis

326 2690 440 2726 esset,
474 2684 637 2722 miserat,
665 2683 823 2716 Scottam
851 2682 926 2715 adii
947 2682 1048 2727 ,(nec
1073 2683 1168 2716 enim
1197 2682 1322 2716 aderat
1349 2685 1577 2731 Onegesiu8,)
1612 2692 1650 2720 et
1677 2698 1758 2720 cum
1800 2713 1802 2715 >

326 2733 393 2765 illo
436 2742 501 2775 per
532 2729 731 2764 Rusticium
759 2730 995 2773 interpretem
1032 2728 1255 2768 collocutus,
1296 2741 1378 2763 eum
1407 2732 1563 2776 plurima
1609 2732 1704 2767 dona
1736 2744 1759 2766 a

326 2778 526 2814 Maximino
546 2777 704 2813 laturum
722 2775 798 2810 dixi
809 2800 819 2818 ,
840 2775 872 2810 si
893 2776 950 2809 illi
970 2775 1089 2810 aditus
1108 2774 1154 2808 ad
1171 2775 1320 2810 Attilam
1341 2778 1482 2824 copiam
1498 2779 1644 2813 faceret.
1689 2779 1759 2814 Le-
