1924 3164
582 178 655 219 DE
691 177 875 218 BELms
922 173 1217 218 ch'rfflcffi.
1591 176 1660 230 27

208 282 473 336 λογίζεσθαι,
516 278 574 329 ὥς
601 277 640 321 οἱ
665 279 853 332 μέγιστοι
882 276 1067 319 κίνδυνοι
1092 279 1296 332 μεγίστας
1322 292 1393 318 και
1419 277 1715 332 προθυμίαςΑ.
1732 285 1771 320 C.
1781 288 1848 333 267

206 348 487 403 παρέχονται,
527 361 599 387 και
637 345 683 387 ἐν
733 345 792 401 τῶ
820 340 966 401 ἆπόρω
993 345 1065 398 τῆς
1089 343 1300 399 σωτηρίας
1327 342 1353 397 ἦ
1383 339 1595 391 οἷντίτασις
1623 333 1806 385 &Gall-1
1823 335 1863 370 ¹5

204 414 450 469 τοιμοτέρα,
497 427 567 453 και
616 406 725 452 πολὺ
769 409 816 451 τὸ
858 406 1104 452 ἆνέλπιστον
1141 410 1274 465 ἐξέβη,
1321 409 1584 463 βιαζομένων
1619 424 1665 451 τε
1706 422 1709 425 ·

205 478 312 536 ὑπὲρ
341 478 417 520 τοῦ
446 473 668 533 ἀμηχάνου
710 474 783 518 καί
813 476 1086 528 ἀμυνομένων
1113 474 1221 531 ὑπὲρ
1248 477 1330 518 τῶν
1356 476 1544 529 σπουδῆς
1572 471 1664 527 ἄξι’-

177 552 266 593 5ων
306 545 514 601 τιμωρίας
551 543 714 585 ἐλπίδι.
783 541 884 584 οὐδὲ
923 539 1003 597 γὰρ
1042 539 1157 584 ἔστιν
1201 538 1282 600 ὅτῳ
1327 537 1378 584 ἂν
1426 539 1508 596 πρὸ
1543 540 1663 596 ἡμῶν

203 611 376 664 μείζους
401 610 584 664 γένοιντο
613 608 838 656 ὑποθέσεις
874 609 946 662 τῆς
971 603 1292 663 ἀγανακτήσεως
1301 642 1315 661 ‚
1357 602 1425 650 οἷα
1453 609 1504 664 δὴ
1531 608 1663 663 γενῶν

203 678 287 718 τῶν
325 676 538 732 ἡμετέρων
575 675 650 716 καί
684 673 847 723 πόλεως
886 671 970 715 ὑπὸ
1001 674 1085 715 τῶν
1113 675 1314 716 ἐναντίων
1342 675 1663 730 κατεσχημένης.

202 741 497 784 συνεπίθοιντο
534 743 582 783 δὲ
621 735 675 783 ἂν
703 739 850 789 αὐτοῖς
877 741 951 782 καί
978 736 1069 782 ὅσοι
1098 739 1254 797 ἀνάγκῃ
1286 736 1454 790 ἄκοντες
1479 757 1664 795 συστρα-

90 818 111 838 ‘
201 807 419 861 τεύουσιν,
466 803 539 850 ὅτε
577 805 652 862 τήν
691 804 901 863 ἡμετέραν
939 803 1094 861 ἔφοδον
1123 803 1364 861 αἴσθοιντο,
1407 807 1655 863 ἐλευθερίας
1667 819 1788 865 R.329

151 875 281 930 ιοτῆς
301 874 510 929 σφετέρας
535 874 688 916 ἐλπίδι.

311 937 602 993 Πυνθάνομαι
630 941 677 981 δὲ
704 940 779 981 καί
805 937 884 994 τήν
910 940 1119 993 βασιλέως
1148 935 1329 993 δύναμιν
1353 938 1431 995 τὴν
1459 936 1662 995 ναυτικήν

200 1006 281 1059 οὐχ
308 1003 406 1055 ἑκάς
432 1002 543 1048 εἶναι
583 1003 825 1062 ἄρήξουσαν
861 1005 986 1060 ἡμῖν,
1029 999 1056 1062 ᾗ
1087 1007 1402 1060 συνταχθέντας
1432 1008 1659 1059 συνεισβα-

198 1075 286 1131 λεῖν
331 1071 555 1128 κράτιστα.
612 1073 685 1113 καί
710 1070 783 1114 ἐπὶ
821 1073 927 1128 τῷδε
960 1071 1149 1127 ἡγοῦμαι
1189 1071 1246 1122 ὥς
1275 1070 1350 1113 καί
1385 1070 1484 1121 τούς
1510 1067 1659 1127 Ἕλλη-

198 1153 272 1186 νας
311 1138 354 1187 ἐς
401 1135 448 1179 τὸ
485 1136 591 1180 αὸτὸ
634 1137 761 1179 τοῦτο
799 1137 1025 1193 πρόθυμον
1063 1135 1294 1191 ἐπάξομεν.
1362 1135 1495 1187 αὐτὸς
1521 1138 1569 1178 δὲ
1600 1135 1653 1192 δή

148 1199 259 1251 ιόάῗν
287 1199 364 1244 οὖκ
391 1200 472 1255 ἔξω
499 1204 693 1246 κινδύνου
733 1202 833 1244 οὐδὲ
861 1199 1162 1259 εὐτυχέστερον
1193 1202 1387 1259 πράττων
1417 1203 1491 1244 ἐπί
1516 1204 1657 1245 ταῦτα

196 1268 333 1323 ἵεμαι,
362 1266 512 1326 ἇρετῆς
539 1270 764 1322 ἐπιθυμῶν
791 1270 865 1311 καί
891 1269 1234 1322 διακινδυνεύων,
1262 1266 1317 1310 τοὶ
1346 1268 1581 1322 τιμιώτατα
1606 1260 1666 1310 δὲ’

196 1337 334 1378 θέλων
377 1334 736 1392 περιποιήσασθαι
783 1337 859 1378 καί
893 1337 938 1386 ἐς
976 1335 1166 1389 ἐμαυτὸν
1199 1333 1258 1390 μὴ
1306 1335 1543 1378 καταλῦσαι
1582 1337 1655 1391 τῆς

195 1400 357 1451 πόλεως
393 1400 469 1457 τὴν
511 1401 703 1453 α’ξιὶυσιν.
759 1403 834 1444 καί
868 1403 1066 1458 παραινῶ
1107 1395 1191 1444 ὧδε
1218 1398 1458 1456 γινώσκειν.
1515 1398 1654 1444 ἔπεισι

194 1468 274 1520 μὲν
300 1467 328 1522 ἦ
366 1466 535 1524 τελευτὴ
574 1465 734 1518 πάντας
773 1468 1028 1525 ἀνθρώπους
1068 1469 1310 1511 καταλῦσαι
1346 1465 1419 1510 τὸν
1445 1470 1540 1522 βίον
1552 1499 1571 1522 ,ἱ
1605 1467 1653 1510 ἐν

142 1538 285 1582 ποτοῖς
312 1535 412 1590 περὶ
434 1535 511 1590 τῆς
543 1534 749 1592 πατρίδος
797 1535 956 1590 ἀγῶσιν
990 1529 1125 1577 ἆθλον
1162 1534 1386 1577 κάλλιστον
1428 1535 1503 1576 καί
1529 1532 1653 1586 δόξαν

195 1599 333 1642 ἀΐδιον
371 1602 537 1657 φέρων.
591 1601 633 1643 εἰ
669 1603 717 1644 δέ
753 1617 852 1644 τινα
889 1601 965 1643 καί
989 1600 1063 1643 ἐπὶ
1096 1606 1183 1651 τοῖς
1221 1601 1458 1656 εἰρημένοις
1492 1599 1538 1642 τὸ
1575 1602 1653 1656 τῆς

182 1662 352 1715 ’πόλεως
381 1672 571 1720 πταῖσμα
598 1665 841 1723 ἐκπλήσσει,
872 1668 948 1710 καί
973 1669 1030 1710 δι’
1057 1664 1158 1709 αὖτὸ
1176 1661 1358 1720 ,ἄθυμός
1387 1667 1519 1720 ἐστιν,
1547 1665 1650 1710 ἴστω

283 1767 317 1800 3.
340 1767 574 1812 βιαζομένων
597 1762 655 1811 N,
677 1765 906 1815 βιαζόμενον
930 1767 989 1803 ed.
1130 1770 1166 1804 6.
1191 1769 1343 1825 γένοιτο
1376 1767 1567 1806 ὑπόθεσις
1590 1768 1649 1801 ed.
1691 1795 1694 1799 .

212 1845 231 1856 ,
283 1813 318 1846 8.
347 1812 390 1847 ἐν
413 1779 495 1848 αιῖμτ.
521 1813 578 1848 ed.
674 1813 796 1860 90816
819 1816 857 1849 B.
867 1841 878 1856 ‚
913 1816 989 1849 εἴτε
1012 1814 1069 1850 ed.
1147 1814 1648 1862 ι4.ἐ1ια’ξομενΝ,ἐπαυ’-

285 1860 402 1906 ξομεν
427 1860 482 1894 ed.
581 1861 633 1896 15.
659 1828 728 1901 ἔξω
752 1881 801 1889 -—-
824 1862 1034 1903 emMaius,
1056 1854 1203 1901 ἐξὸν-
1227 1862 1313 1896 ἐπεὶ
1339 1862 1418 1896 cod.

187 1961 400 2004 laedentur,
441 1962 507 2007 qui
548 1973 696 1996 nemore
728 1963 885 2008 protecti
921 1961 1120 1995 certissima
1144 1962 1220 1995 tela
1246 1971 1291 1995 ex
1327 1961 1645 2006 opportunissimis

189 2009 280 2043 locis
306 2009 567 2050 iaculabimur,
611 2010 681 2042 tuti
716 2009 762 2042 ad
787 2008 1017 2049 feriendum,
1050 2009 1181 2042 alienis
1211 2019 1296 2042 vero
1326 2007 1463 2042 ictibus
1492 2008 1644 2042 minime

191 2056 362 2101 expositi.
410 2057 487 2089 Iam
512 2055 559 2088 ad
582 2057 702 2101 ipsum
727 2055 909 2101 proelium
934 2033 1034 2101 quo'd
1060 2055 1215 2096 attinet,
1254 2057 1285 2089 si
1321 2055 1416 2089 sorte
1440 2054 1480 2088 id
1502 2060 1643 2100 patrare

190 2114 282 2147 opus
307 2102 438 2144 fuerit,
472 2101 716 2147 reputandum
750 2108 828 2144 est,
859 2115 879 2135 a
906 2103 1071 2135 maximis
1104 2102 1275 2146 periculis
1308 2102 1504 2135 maximum
1529 2101 1643 2135 animi

188 2151 348 2194 vigorem
375 2150 623 2194 suppeditari:
651 2155 688 2182 et
715 2155 852 2194 quanto
883 2149 979 2182 salus
1005 2149 1180 2182 incertior
1205 2154 1281 2189 est,
1306 2154 1409 2183 tanto
1434 2148 1645 2182 contenti0-.

188 2207 272 2229 nem
297 2198 472 2230 acriorem
498 2197 591 2231 fieri.
637 2196 755 2230 Multa
782 2197 891 2230 etiam
915 2195 1100 2239 insperata
1120 2196 1314 2237 eveniunt,
1341 2195 1427 2228 dum
1443 2206 1510 2240 pro
1531 2195 1641 2230 rebus

189 2243 312 2276 arduis
351 2243 606 2278 contendimus
641 2248 679 2278 et
711 2254 792 2276 cara
826 2253 994 2288 quaeque
1017 2241 1239 2298 protegimus
1264 2253 1328 2287 spe
1352 2241 1515 2276 ultionis.
1562 2243 1638 2287 Age

186 2299 273 2322 vero
295 2290 427 2336 ‘neque
462 2295 546 2324 ante
582 2301 648 2324 nos
682 2291 876 2336 quisquam
908 2289 1057 2323 maioris
1080 2291 1157 2323 irae
1183 2290 1369 2323 materiam
1390 2288 1541 2330 habuit,
1573 2288 1639 2335 qui

186 2335 364 2371 videlicet
400 2347 511 2381 genus
544 2342 709 2380 nostrum
743 2343 780 2381 et
817 2335 946 2369 urbem
982 2336 1022 2369 in
1053 2341 1234 2380 potestate
1264 2335 1426 2370 hostium
1459 2337 1636 2370 videmus.

188 2383 282 2415 Tum
307 2388 345 2416 et
369 2383 458 2425 alii,
485 2384 551 2429 qui
578 2386 694 2418 coacti
717 2395 799 2417 cum
823 2381 991 2416 hostibus
1013 2382 1196 2424 militant,
1219 2385 1259 2417 in
1281 2382 1348 2416 hos
1368 2394 1464 2416 arma
1488 2394 1638 2417 conver-

186 2434 287 2469 tent,
320 2431 474 2464 simulac
506 2431 752 2465 incursionem
775 2436 938 2465 nostram
960 2430 1218 2475 cognoverint,
1251 2429 1296 2464 de
1321 2442 1387 2463 sua
1412 2430 1560 2476 quoque
1584 2431 1637 2463 li-

185 2476 329 2510 bertate
353 2482 548 2522 sperantes.

326 2523 445 2558 Audio
491 2524 584 2568 regis
592 2534 762 2602 bquoque
794 2523 938 2557 navales
973 2524 1094 2580 copias
1118 2522 1218 2557 haud
1251 2524 1380 2568 procul
1406 2534 1506 2564 esse,
1528 2534 1636 2568 opem

188 2568 297 2602 nobis
324 2570 499 2613 ferentes3
525 2570 743 2616 quibuscum
766 2581 832 2605 nos
858 2570 1052 2604 consociati
1076 2570 1361 2615 praeclarissime
1379 2571 1589 2615 proelium
1579 2582 1638 2603 ln-

188 2615 336 2650 ibimus.
386 2618 537 2661 Insuper
581 2619 749 2651 existimo
786 2618 944 2652 Graecos
981 2628 1127 2664 quoque
1161 2616 1208 2651 ad
1243 2617 1397 2650 eandem
1432 2618 1637 2651 animorum

188 2663 411 2696 alacritatem
436 2675 456 2697 a
479 2664 586 2698 nohis
612 2664 807 2698 excitatum
833 2665 888 2697 iri.
936 2663 1010 2708 Ego
1036 2675 1120 2698 vero
1143 2664 1223 2709 ipse
1254 2663 1353 2697 haud
1382 2676 1441 2698 me
1469 2664 1634 2709 periculo

187 2709 426 2751 submovens,
454 2722 576 2757 neque
603 2710 768 2744 beatiore
795 2716 891 2745 sorte
915 2716 1038 2751 utens,
1064 2711 1103 2744 in
1117 2710 1213 2744 hanc
1234 2709 1324 2743 belli
1345 2711 1460 2744 aleam
1483 2711 1636 2744 ‹lescen-

189 2755 235 2791 do
260 2757 404 2791 virtutis
430 2767 536 2803 ergo,
574 2757 776 2804 tuendique
803 2769 858 2792 res
885 2759 1104 2800 carissimas,
1139 2762 1176 2790 et
1206 2769 1251 2791 ne
1284 2757 1384 2792 urbis
1418 2757 1634 2803 dignitatem
