<?xml version="1.0" encoding="UTF-8"?>
<!DOCTYPE html PUBLIC "-//W3C//DTD XHTML 1.0 Transitional//EN"
    "http://www.w3.org/TR/xhtml1/DTD/xhtml1-transitional.dtd">
<html xmlns="http://www.w3.org/1999/xhtml" xml:lang="en" lang="en">
 <head>
  <title>
</title>
<meta http-equiv="Content-Type" content="text/html;charset=utf-8" />
  <meta name='ocr-system' content='tesseract 3.04.00' />
  <meta name='ocr-capabilities' content='ocr_page ocr_carea ocr_par ocr_line ocrx_word'/>
</head>
<body>
  <div class='ocr_page' id='page_1' title='image "./corpusscriptorum10niebuoft/corpusscriptorum10niebuoft_0217.png"; bbox 0 0 1924 3164; ppageno 0'>
   <div class='ocr_carea' id='block_1_1' title="bbox 102 199 1788 1895">
    <p class='ocr_par' dir='ltr' id='par_1_1' title="bbox 541 199 1603 279">
     <span class='ocr_line' id='line_1_1' title="bbox 541 199 1603 279; baseline -0.007 -8"><span class='ocrx_word' id='word_1_1' title='bbox 541 276 544 279; x_wconf 61' lang='grc'><strong><em>,</em></strong></span> <span class='ocrx_word' id='word_1_2' title='bbox 603 223 638 271; x_wconf 81' lang='grc' dir='ltr'><strong>Ἐ</strong></span> <span class='ocrx_word' id='word_1_3' title='bbox 682 223 854 272; x_wconf 78' lang='lat' dir='ltr'><strong>Pmscl</strong></span> <span class='ocrx_word' id='word_1_4' title='bbox 887 221 1161 272; x_wconf 75' lang='lat' dir='ltr'><strong>Hls&#39;TomA.</strong></span> <span class='ocrx_word' id='word_1_5' title='bbox 1499 199 1603 265; x_wconf 74' lang='lat'><strong>163</strong></span> 
     </span>
    </p>

    <p class='ocr_par' dir='ltr' id='par_1_2' title="bbox 159 326 1788 389">
     <span class='ocr_line' id='line_1_2' title="bbox 159 326 1788 389; baseline 0.001 -15"><span class='ocrx_word' id='word_1_6' title='bbox 159 326 338 387; x_wconf 76' lang='grc' dir='ltr'><strong><em>βασιλέα</em></strong></span> <span class='ocrx_word' id='word_1_7' title='bbox 364 330 441 385; x_wconf 77' lang='grc' dir='ltr'><strong>τήν</strong></span> <span class='ocrx_word' id='word_1_8' title='bbox 467 329 638 372; x_wconf 71' lang='grc' dir='ltr'><strong><em>ἐκείνων</em></strong></span> <span class='ocrx_word' id='word_1_9' title='bbox 672 332 818 388; x_wconf 85' lang='grc' dir='ltr'><strong><em>φέρειν</em></strong></span> <span class='ocrx_word' id='word_1_10' title='bbox 855 327 1194 389; x_wconf 70' lang='grc' dir='ltr'><strong><em>ἀποκριναμένων</em></strong></span> <span class='ocrx_word' id='word_1_11' title='bbox 1229 330 1478 386; x_wconf 75' lang='grc' dir='ltr'><strong><em>πρεσβείαν,</em></strong></span> <span class='ocrx_word' id='word_1_12' title='bbox 1530 328 1606 372; x_wconf 75' lang='grc' dir='ltr'><strong>καὶ</strong></span> <span class='ocrx_word' id='word_1_13' title='bbox 1616 341 1655 376; x_wconf 82' lang='lat' dir='ltr'><strong>A.</strong></span> <span class='ocrx_word' id='word_1_14' title='bbox 1668 340 1706 375; x_wconf 89' lang='lat' dir='ltr'><strong>C.</strong></span> <span class='ocrx_word' id='word_1_15' title='bbox 1720 339 1788 385; x_wconf 68' lang='grc' dir='ltr'><strong>4ῇο</strong></span> 
     </span>
    </p>

    <p class='ocr_par' dir='ltr' id='par_1_3' title="bbox 158 387 1726 470">
     <span class='ocr_line' id='line_1_3' title="bbox 158 387 1726 470; baseline -0.001 -30"><span class='ocrx_word' id='word_1_16' title='bbox 158 400 243 441; x_wconf 73' lang='grc' dir='ltr'><strong>τῶν</strong></span> <span class='ocrx_word' id='word_1_17' title='bbox 279 395 510 453; x_wconf 84' lang='grc' dir='ltr'><strong><em>βαρβάρων</em></strong></span> <span class='ocrx_word' id='word_1_18' title='bbox 546 397 626 437; x_wconf 80' lang='grc' dir='ltr'><strong>τοῦ</strong></span> <span class='ocrx_word' id='word_1_19' title='bbox 666 397 797 450; x_wconf 79' lang='grc' dir='ltr'><strong><em>λιμοῦ</em></strong></span> <span class='ocrx_word' id='word_1_20' title='bbox 843 399 942 453; x_wconf 85' lang='grc' dir='ltr'><strong><em>πέρι</em></strong></span> <span class='ocrx_word' id='word_1_21' title='bbox 981 399 1107 454; x_wconf 77' lang='grc' dir='ltr'><strong><em>σφᾶς</em></strong></span> <span class='ocrx_word' id='word_1_22' title='bbox 1129 397 1285 439; x_wconf 74' lang='grc' dir='ltr'><strong><em>θέσθαι</em></strong></span> <span class='ocrx_word' id='word_1_23' title='bbox 1324 397 1487 438; x_wconf 75' lang='grc' dir='ltr'><strong><em>ἐθέλειν</em></strong></span> <span class='ocrx_word' id='word_1_24' title='bbox 1529 387 1726 470; x_wconf 55' lang='grc' dir='ltr'><strong>τοὶςῗῑῑᾱ·8</strong></span> 
     </span>
    </p>

    <p class='ocr_par' dir='ltr' id='par_1_4' title="bbox 133 433 1785 651">
     <span class='ocr_line' id='line_1_4' title="bbox 143 433 1785 518; baseline -0.002 -13"><span class='ocrx_word' id='word_1_25' title='bbox 143 462 392 517; x_wconf 77' lang='grc' dir='ltr'><strong><em>’συμβάσεις</em></strong></span> <span class='ocrx_word' id='word_1_26' title='bbox 425 462 638 518; x_wconf 80' lang='grc' dir='ltr'><strong><em>φαμένων,</em></strong></span> <span class='ocrx_word' id='word_1_27' title='bbox 665 463 741 503; x_wconf 81' lang='grc' dir='ltr'>καί</span> <span class='ocrx_word' id='word_1_28' title='bbox 763 460 824 517; x_wconf 80' lang='grc' dir='ltr'><em>μή</em></span> <span class='ocrx_word' id='word_1_29' title='bbox 854 464 968 513; x_wconf 80' lang='grc' dir='ltr'><strong><em>οἴους</em></strong></span> <span class='ocrx_word' id='word_1_30' title='bbox 994 478 1041 504; x_wconf 88' lang='grc' dir='ltr'><strong>τε</strong></span> <span class='ocrx_word' id='word_1_31' title='bbox 1069 458 1179 505; x_wconf 88' lang='grc' dir='ltr'><strong><em>εἶναι</em></strong></span> <span class='ocrx_word' id='word_1_32' title='bbox 1201 459 1368 517; x_wconf 81' lang='grc' dir='ltr'><strong><em>μακράς</em></strong></span> <span class='ocrx_word' id='word_1_33' title='bbox 1387 463 1607 515; x_wconf 77' lang='grc' dir='ltr'><strong><em>ποιεῖσθαι</em></strong></span> <span class='ocrx_word' id='word_1_34' title='bbox 1648 445 1726 470; x_wconf 62' lang='lat'>‘³⁰¹¹&#39;</span> <span class='ocrx_word' id='word_1_35' title='bbox 1743 433 1785 478; x_wconf 61' lang='lat'><strong>¹4</strong></span> 
     </span>
     <span class='ocr_line' id='line_1_5' title="bbox 159 525 1605 582; baseline -0.001 -11"><span class='ocrx_word' id='word_1_36' title='bbox 159 526 411 582; x_wconf 74' lang='grc' dir='ltr'><strong><em>ἀνακωχὰς,</em></strong></span> <span class='ocrx_word' id='word_1_37' title='bbox 439 525 738 582; x_wconf 83' lang='grc' dir='ltr'><strong><em>βουλευόμενοι</em></strong></span> <span class='ocrx_word' id='word_1_38' title='bbox 777 526 816 569; x_wconf 85' lang='grc' dir='ltr'><strong><em>οἱ</em></strong></span> <span class='ocrx_word' id='word_1_39' title='bbox 844 527 921 578; x_wconf 80' lang='grc' dir='ltr'><strong>τὰς</strong></span> <span class='ocrx_word' id='word_1_40' title='bbox 953 526 1199 581; x_wconf 71' lang='grc' dir='ltr'><strong>εΡωμαϊκοὶς</strong></span> <span class='ocrx_word' id='word_1_41' title='bbox 1223 527 1358 579; x_wconf 81' lang='grc' dir='ltr'><strong><em>τάξεις</em></strong></span> <span class='ocrx_word' id='word_1_42' title='bbox 1386 528 1605 581; x_wconf 74' lang='grc' dir='ltr'><strong><em>διέποντες,</em></strong></span> 
     </span>
     <span class='ocr_line' id='line_1_6' title="bbox 133 588 1609 651; baseline -0.002 -13"><span class='ocrx_word' id='word_1_43' title='bbox 133 592 324 651; x_wconf 74' lang='grc' dir='ltr'><strong><em>ὅτροφάς</em></strong></span> <span class='ocrx_word' id='word_1_44' title='bbox 347 590 599 650; x_wconf 78' lang='grc' dir='ltr'><strong><em>χορηγήσειν</em></strong></span> <span class='ocrx_word' id='word_1_45' title='bbox 627 589 768 642; x_wconf 81' lang='grc' dir='ltr'><strong><em>αὖτοῖς</em></strong></span> <span class='ocrx_word' id='word_1_46' title='bbox 794 591 1026 648; x_wconf 77' lang='grc' dir='ltr'><strong><em>ὖπέσχοντο</em></strong></span> <span class='ocrx_word' id='word_1_47' title='bbox 1053 588 1158 650; x_wconf 70' lang='grc' dir='ltr'><strong><em>ἄχρι</em></strong></span> <span class='ocrx_word' id='word_1_48' title='bbox 1183 594 1256 649; x_wconf 77' lang='grc' dir='ltr'><strong>τῆς</strong></span> <span class='ocrx_word' id='word_1_49' title='bbox 1282 592 1488 648; x_wconf 80' lang='grc' dir='ltr'><strong><em>βασιλέως</em></strong></span> <span class='ocrx_word' id='word_1_50' title='bbox 1516 594 1609 636; x_wconf 81' lang='grc' dir='ltr'><strong><em>ἑπι-</em></strong></span> 
     </span>
    </p>

    <p class='ocr_par' dir='ltr' id='par_1_5' title="bbox 110 656 1655 1440">
     <span class='ocr_line' id='line_1_7' title="bbox 159 656 1647 716; baseline -0.001 -14"><span class='ocrx_word' id='word_1_51' title='bbox 159 663 328 716; x_wconf 82' lang='grc' dir='ltr'><strong><em>τροπῆς,</em></strong></span> <span class='ocrx_word' id='word_1_52' title='bbox 357 658 439 714; x_wconf 86' lang='grc' dir='ltr'><strong><em>εἴγε</em></strong></span> <span class='ocrx_word' id='word_1_53' title='bbox 467 661 581 715; x_wconf 76' lang='grc' dir='ltr'><strong><em>σφοῖς</em></strong></span> <span class='ocrx_word' id='word_1_54' title='bbox 607 656 760 709; x_wconf 78' lang='grc' dir='ltr'><strong><em>αὖτοὺς</em></strong></span> <span class='ocrx_word' id='word_1_55' title='bbox 807 661 983 701; x_wconf 88' lang='grc' dir='ltr'><strong><em>διέλοιεν</em></strong></span> <span class='ocrx_word' id='word_1_56' title='bbox 1015 656 1154 716; x_wconf 76' lang='grc' dir='ltr'><strong><em>ὥσπερ</em></strong></span> <span class='ocrx_word' id='word_1_57' title='bbox 1183 659 1257 702; x_wconf 83' lang='grc' dir='ltr'><em>καί</em></span> <span class='ocrx_word' id='word_1_58' title='bbox 1281 658 1328 701; x_wconf 85' lang='grc' dir='ltr'><strong>τὸ</strong></span> <span class='ocrx_word' id='word_1_59' title='bbox 1361 659 1647 714; x_wconf 63' lang='grc' dir='ltr'><strong>εΡωμαϊκὸνῠ</strong></span> 
     </span>
     <span class='ocr_line' id='line_1_8' title="bbox 159 721 1611 784; baseline 0 -17"><span class='ocrx_word' id='word_1_60' title='bbox 159 727 422 782; x_wconf 73' lang='grc' dir='ltr'><strong><em>διακέκριται</em></strong></span> <span class='ocrx_word' id='word_1_61' title='bbox 446 726 629 781; x_wconf 79' lang='grc' dir='ltr'><strong><em>πλῆθος·</em></strong></span> <span class='ocrx_word' id='word_1_62' title='bbox 685 722 859 767; x_wconf 75' lang='grc' dir='ltr'><strong><em>ἔσεσθαι</em></strong></span> <span class='ocrx_word' id='word_1_63' title='bbox 886 723 967 782; x_wconf 84' lang='grc' dir='ltr'><strong><em>γάρ</em></strong></span> <span class='ocrx_word' id='word_1_64' title='bbox 1000 721 1143 767; x_wconf 80' lang='grc' dir='ltr'><strong><em>αὕτῶν</em></strong></span> <span class='ocrx_word' id='word_1_65' title='bbox 1172 726 1329 784; x_wconf 75' lang='grc' dir='ltr'><strong><em>ῥᾳδίως</em></strong></span> <span class='ocrx_word' id='word_1_66' title='bbox 1357 722 1491 775; x_wconf 76' lang='grc' dir='ltr'><strong><em>οὕτως</em></strong></span> <span class='ocrx_word' id='word_1_67' title='bbox 1517 728 1611 769; x_wconf 77' lang='grc' dir='ltr'><strong><em>ἐπι-</em></strong></span> 
     </span>
     <span class='ocr_line' id='line_1_9' title="bbox 157 789 1612 847; baseline 0.001 -15"><span class='ocrx_word' id='word_1_68' title='bbox 157 793 352 844; x_wconf 86' lang='grc' dir='ltr'><strong><em>μέλειαν,</em></strong></span> <span class='ocrx_word' id='word_1_69' title='bbox 395 792 439 841; x_wconf 76' lang='grc' dir='ltr'><strong><em>ἐς</em></strong></span> <span class='ocrx_word' id='word_1_70' title='bbox 475 789 576 840; x_wconf 76' lang='grc' dir='ltr'><strong><em>τοὺς</em></strong></span> <span class='ocrx_word' id='word_1_71' title='bbox 603 791 910 847; x_wconf 85' lang='grc' dir='ltr'><strong><em>κληρουμένους</em></strong></span> <span class='ocrx_word' id='word_1_72' title='bbox 946 790 1020 833; x_wconf 83' lang='grc' dir='ltr'><em>καί</em></span> <span class='ocrx_word' id='word_1_73' title='bbox 1058 793 1134 832; x_wconf 75' lang='grc' dir='ltr'><strong><em>οὐκ</em></strong></span> <span class='ocrx_word' id='word_1_74' title='bbox 1162 793 1222 841; x_wconf 84' lang='grc' dir='ltr'><strong>εἰς</strong></span> <span class='ocrx_word' id='word_1_75' title='bbox 1249 790 1404 840; x_wconf 81' lang='grc' dir='ltr'><strong><em>πάντας</em></strong></span> <span class='ocrx_word' id='word_1_76' title='bbox 1432 793 1612 847; x_wconf 59' lang='grc' dir='ltr'><strong>α’ποβλε-ὲ</strong></span> 
     </span>
     <span class='ocr_line' id='line_1_10' title="bbox 158 854 1614 914; baseline 0 -15"><span class='ocrx_word' id='word_1_77' title='bbox 158 854 318 899; x_wconf 83' lang='grc' dir='ltr'><strong><em>πόντων</em></strong></span> <span class='ocrx_word' id='word_1_78' title='bbox 345 858 431 899; x_wconf 75' lang='grc' dir='ltr'><strong>τῶν</strong></span> <span class='ocrx_word' id='word_1_79' title='bbox 458 857 722 913; x_wconf 78' lang='grc' dir='ltr'><strong><em>στρατηγῶν,</em></strong></span> <span class='ocrx_word' id='word_1_80' title='bbox 772 857 888 912; x_wconf 79' lang='grc' dir='ltr'><strong><em>οἵπερ</em></strong></span> <span class='ocrx_word' id='word_1_81' title='bbox 929 859 974 907; x_wconf 80' lang='grc' dir='ltr'><strong><em>ἐς</em></strong></span> <span class='ocrx_word' id='word_1_82' title='bbox 1011 856 1257 914; x_wconf 77' lang='grc' dir='ltr'><strong><em>φιλοτιμίαν</em></strong></span> <span class='ocrx_word' id='word_1_83' title='bbox 1290 855 1472 913; x_wconf 76' lang='grc' dir='ltr'><strong><em>ὁρῶντες</em></strong></span> <span class='ocrx_word' id='word_1_84' title='bbox 1509 856 1614 913; x_wconf 80' lang='grc' dir='ltr'><strong><em>πρὸς·</em></strong></span> 
     </span>
     <span class='ocr_line' id='line_1_11' title="bbox 110 921 1616 980; baseline -0.001 -13"><span class='ocrx_word' id='word_1_85' title='bbox 110 921 239 978; x_wconf 68' lang='grc' dir='ltr'><strong><em>Ῐοτὴν</em></strong></span> <span class='ocrx_word' id='word_1_86' title='bbox 267 922 409 964; x_wconf 77' lang='grc' dir='ltr'><strong><em>αύτᾰίν</em></strong></span> <span class='ocrx_word' id='word_1_87' title='bbox 434 923 596 972; x_wconf 85' lang='grc' dir='ltr'><strong><em>πάντως</em></strong></span> <span class='ocrx_word' id='word_1_88' title='bbox 626 922 988 980; x_wconf 72' lang='grc' dir='ltr'><strong><em>ἄμιλληθήσονται</em></strong></span> <span class='ocrx_word' id='word_1_89' title='bbox 1014 922 1206 978; x_wconf 85' lang='grc' dir='ltr'><strong><em>κομιδήν.</em></strong></span> <span class='ocrx_word' id='word_1_90' title='bbox 1248 926 1333 965; x_wconf 75' lang='grc' dir='ltr'><strong>τῶν</strong></span> <span class='ocrx_word' id='word_1_91' title='bbox 1360 924 1407 965; x_wconf 85' lang='grc' dir='ltr'><strong>δὲ</strong></span> <span class='ocrx_word' id='word_1_92' title='bbox 1435 926 1616 966; x_wconf 76' lang='grc' dir='ltr'><strong><em>Σκυθῶν</em></strong></span> 
     </span>
     <span class='ocr_line' id='line_1_12' title="bbox 159 986 1618 1046; baseline 0 -15"><span class='ocrx_word' id='word_1_93' title='bbox 159 986 256 1039; x_wconf 80' lang='grc' dir='ltr'><strong><em>τούς</em></strong></span> <span class='ocrx_word' id='word_1_94' title='bbox 283 986 617 1043; x_wconf 76' lang='grc' dir='ltr'><strong><em>άπαγγελθέντας</em></strong></span> <span class='ocrx_word' id='word_1_95' title='bbox 645 986 716 1030; x_wconf 84' lang='grc' dir='ltr'><strong><em>διά</em></strong></span> <span class='ocrx_word' id='word_1_96' title='bbox 743 990 826 1031; x_wconf 76' lang='grc' dir='ltr'><strong>τῶν</strong></span> <span class='ocrx_word' id='word_1_97' title='bbox 852 990 1069 1045; x_wconf 87' lang='grc' dir='ltr'><strong><em>πρέσβεων</em></strong></span> <span class='ocrx_word' id='word_1_98' title='bbox 1095 990 1440 1046; x_wconf 79' lang='grc' dir='ltr'><strong><em>προσδεξαμένων</em></strong></span> <span class='ocrx_word' id='word_1_99' title='bbox 1467 987 1618 1044; x_wconf 69' lang='grc' dir='ltr'><strong><em>λόγους</em></strong></span> 
     </span>
     <span class='ocr_line' id='line_1_13' title="bbox 158 1051 1613 1112; baseline 0.001 -17"><span class='ocrx_word' id='word_1_100' title='bbox 158 1055 234 1096; x_wconf 84' lang='grc' dir='ltr'>καί</span> <span class='ocrx_word' id='word_1_101' title='bbox 256 1055 299 1103; x_wconf 78' lang='grc' dir='ltr'><strong><em>ἐς</em></strong></span> <span class='ocrx_word' id='word_1_102' title='bbox 325 1051 530 1103; x_wconf 82' lang='grc' dir='ltr'><strong><em>τοσαύτας</em></strong></span> <span class='ocrx_word' id='word_1_103' title='bbox 559 1055 672 1111; x_wconf 79' lang='grc' dir='ltr'><strong><em>σφᾶς</em></strong></span> <span class='ocrx_word' id='word_1_104' title='bbox 709 1052 866 1105; x_wconf 73' lang='grc' dir='ltr'><strong><em>αὐτούς</em></strong></span> <span class='ocrx_word' id='word_1_105' title='bbox 892 1054 1106 1105; x_wconf 80' lang='grc' dir='ltr'><strong><em>ταξάντων</em></strong></span> <span class='ocrx_word' id='word_1_106' title='bbox 1143 1055 1310 1109; x_wconf 86' lang='grc' dir='ltr'><strong><em>μοίρας,</em></strong></span> <span class='ocrx_word' id='word_1_107' title='bbox 1339 1056 1383 1106; x_wconf 78' lang='grc' dir='ltr'><strong><em>ἐς</em></strong></span> <span class='ocrx_word' id='word_1_108' title='bbox 1426 1051 1613 1112; x_wconf 79' lang='grc' dir='ltr'><strong><em>ὅσασπερ</em></strong></span> 
     </span>
     <span class='ocr_line' id='line_1_14' title="bbox 159 1116 1616 1176; baseline 0.001 -15"><span class='ocrx_word' id='word_1_109' title='bbox 159 1121 234 1162; x_wconf 82' lang='grc' dir='ltr'>καί</span> <span class='ocrx_word' id='word_1_110' title='bbox 259 1120 298 1162; x_wconf 82' lang='grc' dir='ltr'><strong><em>οἱ</em></strong></span> <span class='ocrx_word' id='word_1_111' title='bbox 325 1120 539 1173; x_wconf 73' lang='grc' dir='ltr'><strong><em>“Ρωμαῑόι</em></strong></span> <span class='ocrx_word' id='word_1_112' title='bbox 567 1119 833 1176; x_wconf 79' lang='grc' dir='ltr'><strong><em>διεκέκριντο,</em></strong></span> <span class='ocrx_word' id='word_1_113' title='bbox 863 1119 1052 1175; x_wconf 82' lang='grc' dir='ltr'><strong><em>Χελχοὶλ,</em></strong></span> <span class='ocrx_word' id='word_1_114' title='bbox 1080 1123 1157 1163; x_wconf 81' lang='grc' dir='ltr'><strong>τοῦ</strong></span> <span class='ocrx_word' id='word_1_115' title='bbox 1178 1116 1350 1163; x_wconf 73' lang='grc' dir='ltr'><strong><em>Οὕννων</em></strong></span> <span class='ocrx_word' id='word_1_116' title='bbox 1376 1123 1523 1176; x_wconf 90' lang='grc' dir='ltr'><strong><em>γένους</em></strong></span> <span class='ocrx_word' id='word_1_117' title='bbox 1564 1117 1616 1163; x_wconf 80' lang='grc' dir='ltr'><strong>α’-</strong></span> 
     </span>
     <span class='ocr_line' id='line_1_15' title="bbox 157 1181 1614 1242; baseline 0 -14"><span class='ocrx_word' id='word_1_118' title='bbox 157 1184 236 1242; x_wconf 84' lang='grc' dir='ltr'><strong>νὴρ</strong></span> <span class='ocrx_word' id='word_1_119' title='bbox 266 1188 341 1228; x_wconf 83' lang='grc' dir='ltr'>καί</span> <span class='ocrx_word' id='word_1_120' title='bbox 362 1182 672 1241; x_wconf 69' lang='grc' dir='ltr'><strong><em>ὑποστράτηγος</em></strong></span> <span class='ocrx_word' id='word_1_121' title='bbox 698 1187 781 1229; x_wconf 79' lang='grc' dir='ltr'><strong>τῶν</strong></span> <span class='ocrx_word' id='word_1_122' title='bbox 809 1183 1035 1228; x_wconf 84' lang='grc' dir='ltr'><strong><em>διεπόντων</em></strong></span> <span class='ocrx_word' id='word_1_123' title='bbox 1064 1184 1116 1228; x_wconf 80' lang='grc' dir='ltr'><strong>τά</strong></span> <span class='ocrx_word' id='word_1_124' title='bbox 1143 1181 1362 1241; x_wconf 76' lang='grc' dir='ltr'><strong><em>’Ἀσπαρος</em></strong></span> <span class='ocrx_word' id='word_1_125' title='bbox 1401 1184 1614 1241; x_wconf 70' lang='grc' dir='ltr'><strong><em>τάγματα,</em></strong></span> 
     </span>
     <span class='ocr_line' id='line_1_16' title="bbox 112 1249 1619 1309; baseline 0 -15"><span class='ocrx_word' id='word_1_126' title='bbox 112 1251 283 1309; x_wconf 70' lang='grc' dir='ltr'><strong><em>ιόποιρά</em></strong></span> <span class='ocrx_word' id='word_1_127' title='bbox 310 1251 386 1308; x_wconf 80' lang='grc' dir='ltr'><strong>τὴν</strong></span> <span class='ocrx_word' id='word_1_128' title='bbox 414 1253 702 1305; x_wconf 75' lang='grc' dir='ltr'><strong><em>ἐπιλαχοῦσαν</em></strong></span> <span class='ocrx_word' id='word_1_129' title='bbox 730 1249 876 1301; x_wconf 77' lang='grc' dir='ltr'><strong><em>αὖτοΐς</em></strong></span> <span class='ocrx_word' id='word_1_130' title='bbox 901 1249 1165 1307; x_wconf 73' lang='grc' dir='ltr'><strong><em>βαρβαρικὴν</em></strong></span> <span class='ocrx_word' id='word_1_131' title='bbox 1183 1257 1337 1307; x_wconf 83' lang='grc' dir='ltr'><strong><em>μοῖραν</em></strong></span> <span class='ocrx_word' id='word_1_132' title='bbox 1364 1251 1516 1305; x_wconf 79' lang='grc' dir='ltr'><strong><em>ἐλθών,</em></strong></span> <span class='ocrx_word' id='word_1_133' title='bbox 1543 1253 1619 1295; x_wconf 76' lang='grc' dir='ltr'><strong>καὶ</strong></span> 
     </span>
     <span class='ocr_line' id='line_1_17' title="bbox 158 1313 1614 1374; baseline -0.003 -12"><span class='ocrx_word' id='word_1_134' title='bbox 158 1321 244 1362; x_wconf 76' lang='grc' dir='ltr'><strong>τῶν</strong></span> <span class='ocrx_word' id='word_1_135' title='bbox 271 1320 313 1361; x_wconf 90' lang='grc' dir='ltr'>Γ</span> <span class='ocrx_word' id='word_1_136' title='bbox 311 1318 445 1360; x_wconf 84' lang='grc' dir='ltr'><strong><em>ότθων</em></strong></span> <span class='ocrx_word' id='word_1_137' title='bbox 475 1320 686 1374; x_wconf 87' lang='grc' dir='ltr'><strong><em>(πλείονες</em></strong></span> <span class='ocrx_word' id='word_1_138' title='bbox 715 1319 762 1359; x_wconf 81' lang='grc' dir='ltr'><strong>δὲ</strong></span> <span class='ocrx_word' id='word_1_139' title='bbox 789 1320 874 1360; x_wconf 78' lang='grc' dir='ltr'><strong>τῶν</strong></span> <span class='ocrx_word' id='word_1_140' title='bbox 902 1313 1041 1360; x_wconf 76' lang='grc' dir='ltr'><strong><em>ἄλλων</em></strong></span> <span class='ocrx_word' id='word_1_141' title='bbox 1069 1315 1290 1374; x_wconf 74' lang='grc' dir='ltr'><strong><em>ὑπῆρχον)</em></strong></span> <span class='ocrx_word' id='word_1_142' title='bbox 1328 1317 1614 1371; x_wconf 81' lang='grc' dir='ltr'><strong><em>μεταπεμψά-</em></strong></span> 
     </span>
     <span class='ocr_line' id='line_1_18' title="bbox 158 1381 1655 1440; baseline -0.001 -13"><span class='ocrx_word' id='word_1_143' title='bbox 158 1399 282 1440; x_wconf 85' lang='grc' dir='ltr'><strong><em>μενος</em></strong></span> <span class='ocrx_word' id='word_1_144' title='bbox 307 1383 407 1434; x_wconf 80' lang='grc' dir='ltr'><strong><em>τούς</em></strong></span> <span class='ocrx_word' id='word_1_145' title='bbox 432 1382 612 1438; x_wconf 80' lang='grc' dir='ltr'><strong><em>λογάδας</em></strong></span> <span class='ocrx_word' id='word_1_146' title='bbox 638 1385 813 1425; x_wconf 80' lang='grc' dir='ltr'><strong><em>τοιῶνδε</em></strong></span> <span class='ocrx_word' id='word_1_147' title='bbox 840 1382 1059 1439; x_wconf 77' lang='grc' dir='ltr'><strong><em>ἐποιήσατο</em></strong></span> <span class='ocrx_word' id='word_1_148' title='bbox 1086 1381 1215 1437; x_wconf 86' lang='grc' dir='ltr'><strong><em>λόγων</em></strong></span> <span class='ocrx_word' id='word_1_149' title='bbox 1243 1381 1404 1438; x_wconf 73' lang='grc' dir='ltr'><strong><em>ἀρχὴν,</em></strong></span> <span class='ocrx_word' id='word_1_150' title='bbox 1444 1382 1501 1433; x_wconf 78' lang='grc' dir='ltr'><strong><em>(ὃς</em></strong></span> <span class='ocrx_word' id='word_1_151' title='bbox 1530 1381 1655 1427; x_wconf 75' lang='grc' dir='ltr'><strong><em>διό-Π</em></strong></span> 
     </span>
    </p>

    <p class='ocr_par' dir='ltr' id='par_1_6' title="bbox 102 1445 1615 1895">
     <span class='ocr_line' id='line_1_19' title="bbox 159 1445 1615 1505; baseline -0.001 -13"><span class='ocrx_word' id='word_1_152' title='bbox 159 1466 225 1492; x_wconf 89' lang='grc' dir='ltr'><strong>σει</strong></span> <span class='ocrx_word' id='word_1_153' title='bbox 253 1451 332 1504; x_wconf 85' lang='grc' dir='ltr'><strong>μὲν</strong></span> <span class='ocrx_word' id='word_1_154' title='bbox 362 1445 507 1498; x_wconf 72' lang='grc' dir='ltr'><strong><em>αὐτοῖς</em></strong></span> <span class='ocrx_word' id='word_1_155' title='bbox 530 1451 605 1505; x_wconf 82' lang='grc' dir='ltr'><strong>γῆν</strong></span> <span class='ocrx_word' id='word_1_156' title='bbox 634 1445 656 1490; x_wconf 79' lang='grc' dir='ltr'>ὅ</span> <span class='ocrx_word' id='word_1_157' title='bbox 682 1447 907 1503; x_wconf 81' lang='grc' dir='ltr'><strong><em>βασιλεύς,</em></strong></span> <span class='ocrx_word' id='word_1_158' title='bbox 948 1446 1024 1490; x_wconf 74' lang='grc' dir='ltr'><strong><em>οὔκ</em></strong></span> <span class='ocrx_word' id='word_1_159' title='bbox 1061 1450 1121 1498; x_wconf 85' lang='grc' dir='ltr'><strong>εἰς</strong></span> <span class='ocrx_word' id='word_1_160' title='bbox 1150 1449 1363 1505; x_wconf 82' lang='grc' dir='ltr'><strong><em>σφετέραν</em></strong></span> <span class='ocrx_word' id='word_1_161' title='bbox 1392 1450 1439 1491; x_wconf 82' lang='grc' dir='ltr'><strong>δὲ</strong></span> <span class='ocrx_word' id='word_1_162' title='bbox 1471 1451 1615 1491; x_wconf 74' lang='grc' dir='ltr'><strong><em>αὕτῶν</em></strong></span> 
     </span>
     <span class='ocr_line' id='line_1_20' title="bbox 162 1510 1615 1572; baseline 0 -16"><span class='ocrx_word' id='word_1_163' title='bbox 162 1511 318 1572; x_wconf 70' lang='grc' dir='ltr'><strong><em>ὄνησιν,</em></strong></span> <span class='ocrx_word' id='word_1_164' title='bbox 348 1511 456 1556; x_wconf 74' lang='grc' dir='ltr'><strong><em>ἄλλά</em></strong></span> <span class='ocrx_word' id='word_1_165' title='bbox 485 1521 574 1564; x_wconf 86' lang='grc' dir='ltr'><strong><em>τοῖς</em></strong></span> <span class='ocrx_word' id='word_1_166' title='bbox 599 1513 644 1557; x_wconf 81' lang='grc' dir='ltr'><strong>ἔν</strong></span> <span class='ocrx_word' id='word_1_167' title='bbox 672 1530 820 1571; x_wconf 90' lang='grc' dir='ltr'><strong><em>σφισιν</em></strong></span> <span class='ocrx_word' id='word_1_168' title='bbox 854 1510 1043 1564; x_wconf 76' lang='grc' dir='ltr'><strong><em>Οὕννοις.</em></strong></span> <span class='ocrx_word' id='word_1_169' title='bbox 1090 1512 1262 1564; x_wconf 81' lang='grc' dir='ltr'><strong><em>τούτους</em></strong></span> <span class='ocrx_word' id='word_1_170' title='bbox 1288 1512 1371 1569; x_wconf 86' lang='grc' dir='ltr'><strong><em>γάρ</em></strong></span> <span class='ocrx_word' id='word_1_171' title='bbox 1400 1510 1615 1571; x_wconf 77' lang='grc' dir='ltr'><strong><em>ὀλιγώρως</em></strong></span> 
     </span>
     <span class='ocr_line' id='line_1_21' title="bbox 102 1579 1614 1637; baseline 0.001 -15"><span class='ocrx_word' id='word_1_172' title='bbox 102 1581 378 1637; x_wconf 63' lang='grc' dir='ltr'><strong><em>ὀγεηπονάις</em></strong></span> <span class='ocrx_word' id='word_1_173' title='bbox 406 1579 578 1635; x_wconf 80' lang='grc' dir='ltr'><strong><em>ἔχοντας</em></strong></span> <span class='ocrx_word' id='word_1_174' title='bbox 606 1580 724 1637; x_wconf 86' lang='grc' dir='ltr'><strong><em>δίκην</em></strong></span> <span class='ocrx_word' id='word_1_175' title='bbox 749 1580 889 1623; x_wconf 82' lang='grc' dir='ltr'><strong><em>λύκων</em></strong></span> <span class='ocrx_word' id='word_1_176' title='bbox 925 1580 1001 1630; x_wconf 83' lang='grc' dir='ltr'><strong>τὰς</strong></span> <span class='ocrx_word' id='word_1_177' title='bbox 1037 1581 1176 1623; x_wconf 71' lang='grc' dir='ltr'><strong><em>αὐτῶν</em></strong></span> <span class='ocrx_word' id='word_1_178' title='bbox 1205 1579 1614 1637; x_wconf 53' lang='grc' dir='ltr'><strong><em>ἐπιόνταςδιαρπάε</em></strong></span> 
     </span>
     <span class='ocr_line' id='line_1_22' title="bbox 162 1643 1613 1703; baseline 0.001 -16"><span class='ocrx_word' id='word_1_179' title='bbox 162 1648 312 1698; x_wconf 80' lang='grc' dir='ltr'><strong><em>ζεσθαι</em></strong></span> <span class='ocrx_word' id='word_1_180' title='bbox 338 1645 527 1703; x_wconf 82' lang='grc' dir='ltr'><strong><em>τροφάς,</em></strong></span> <span class='ocrx_word' id='word_1_181' title='bbox 572 1643 681 1688; x_wconf 74' lang='grc' dir='ltr'><strong><em>ὥστε</em></strong></span> <span class='ocrx_word' id='word_1_182' title='bbox 711 1645 985 1702; x_wconf 78' lang='grc' dir='ltr'><strong><em>θεραπόντων</em></strong></span> <span class='ocrx_word' id='word_1_183' title='bbox 1008 1643 1123 1697; x_wconf 82' lang='grc' dir='ltr'><strong><em>τάξιν</em></strong></span> <span class='ocrx_word' id='word_1_184' title='bbox 1151 1647 1374 1701; x_wconf 82' lang='grc' dir='ltr'><strong><em>ἐπέχοντας</em></strong></span> <span class='ocrx_word' id='word_1_185' title='bbox 1399 1648 1475 1701; x_wconf 87' lang='grc' dir='ltr'><strong>τῆς</strong></span> <span class='ocrx_word' id='word_1_186' title='bbox 1505 1648 1613 1688; x_wconf 59' lang='grc' dir='ltr'><strong><em>ε’κείό</em></strong></span> 
     </span>
     <span class='ocr_line' id='line_1_23' title="bbox 158 1708 1612 1769; baseline 0 -15"><span class='ocrx_word' id='word_1_187' title='bbox 158 1728 242 1755; x_wconf 90' lang='grc' dir='ltr'><strong>νων</strong></span> <span class='ocrx_word' id='word_1_188' title='bbox 269 1714 389 1756; x_wconf 78' lang='grc' dir='ltr'><strong><em>ἕνεκα</em></strong></span> <span class='ocrx_word' id='word_1_189' title='bbox 415 1715 780 1768; x_wconf 73' lang='grc' dir='ltr'><strong><em>ταλαιπωρεῖσθαι</em></strong></span> <span class='ocrx_word' id='word_1_190' title='bbox 809 1709 996 1769; x_wconf 73' lang='grc' dir='ltr'><strong><em>τροφῆς,</em></strong></span> <span class='ocrx_word' id='word_1_191' title='bbox 1045 1714 1195 1769; x_wconf 87' lang='grc' dir='ltr'><strong><em>καίπερ</em></strong></span> <span class='ocrx_word' id='word_1_192' title='bbox 1236 1714 1281 1762; x_wconf 83' lang='grc' dir='ltr'><strong><em>ές</em></strong></span> <span class='ocrx_word' id='word_1_193' title='bbox 1308 1708 1382 1754; x_wconf 82' lang='grc' dir='ltr'><strong><em>οἷεί</em></strong></span> <span class='ocrx_word' id='word_1_194' title='bbox 1403 1727 1501 1754; x_wconf 91' lang='grc' dir='ltr'><strong><em>ποτε</em></strong></span> <span class='ocrx_word' id='word_1_195' title='bbox 1523 1718 1612 1762; x_wconf 70' lang='grc' dir='ltr'><strong><em>τοῖς</em></strong></span> 
     </span>
     <span class='ocr_line' id='line_1_24' title="bbox 258 1793 1610 1848; baseline -0.001 -13"><span class='ocrx_word' id='word_1_196' title='bbox 258 1812 311 1836; x_wconf 83' lang='grc' dir='ltr'><strong><em>ιο.</em></strong></span> <span class='ocrx_word' id='word_1_197' title='bbox 336 1793 678 1848; x_wconf 75' lang='grc' dir='ltr'><strong><em>ἄμιλληθήσονται]</em></strong></span> <span class='ocrx_word' id='word_1_198' title='bbox 711 1801 1017 1847; x_wconf 74' lang='grc' dir='ltr'><strong><em>οἷμεληθὴσονται</em></strong></span> <span class='ocrx_word' id='word_1_199' title='bbox 1051 1803 1147 1835; x_wconf 90' lang='lat' dir='ltr'><strong>coni.</strong></span> <span class='ocrx_word' id='word_1_200' title='bbox 1174 1801 1336 1836; x_wconf 88' lang='lat' dir='ltr'><strong>Cantocl.</strong></span> <span class='ocrx_word' id='word_1_201' title='bbox 1388 1842 1390 1845; x_wconf 21' lang='lat' dir='ltr'>v</span> <span class='ocrx_word' id='word_1_202' title='bbox 1437 1813 1488 1835; x_wconf 69' lang='grc' dir='ltr'><strong>ια.</strong></span> <span class='ocrx_word' id='word_1_203' title='bbox 1517 1798 1610 1838; x_wconf 64' lang='grc' dir='ltr'><strong><em>ὅσας</em></strong></span> 
     </span>
     <span class='ocr_line' id='line_1_25' title="bbox 254 1846 1607 1895; baseline -0.001 -13"><span class='ocrx_word' id='word_1_204' title='bbox 254 1846 376 1894; x_wconf 84' lang='grc' dir='ltr'><strong><em>ἅσπερ</em></strong></span> <span class='ocrx_word' id='word_1_205' title='bbox 401 1849 496 1895; x_wconf 82' lang='lat' dir='ltr'><strong>vulg.</strong></span> <span class='ocrx_word' id='word_1_206' title='bbox 568 1850 618 1882; x_wconf 82' lang='lat'><strong>16.</strong></span> <span class='ocrx_word' id='word_1_207' title='bbox 629 1850 751 1883; x_wconf 80' lang='grc' dir='ltr'><strong><em>τῶνΓ.</em></strong></span> <span class='ocrx_word' id='word_1_208' title='bbox 773 1849 827 1889; x_wconf 67' lang='lat' dir='ltr'><strong>B„</strong></span> <span class='ocrx_word' id='word_1_209' title='bbox 837 1848 963 1883; x_wconf 67' lang='grc' dir='ltr'><strong><em>αὐτῶν</em></strong></span> <span class='ocrx_word' id='word_1_210' title='bbox 986 1850 1020 1882; x_wconf 81' lang='lat'><strong>1:</strong></span> <span class='ocrx_word' id='word_1_211' title='bbox 1044 1849 1138 1892; x_wconf 52' lang='lat' dir='ltr'><strong>vulg,</strong></span> <span class='ocrx_word' id='word_1_212' title='bbox 1201 1861 1251 1893; x_wconf 87' lang='lat'><strong>¹9·</strong></span> <span class='ocrx_word' id='word_1_213' title='bbox 1276 1847 1488 1894; x_wconf 79' lang='grc' dir='ltr'><strong><em>ὀλιγώρους</em></strong></span> <span class='ocrx_word' id='word_1_214' title='bbox 1511 1848 1607 1894; x_wconf 85' lang='lat' dir='ltr'><strong>vulg.-</strong></span> 
     </span>
    </p>
   </div>
   <div class='ocr_carea' id='block_1_2' title="bbox 155 1908 1607 2850">
    <p class='ocr_par' dir='ltr' id='par_1_7' title="bbox 155 1908 1607 2850">
     <span class='ocr_line' id='line_1_26' title="bbox 159 1908 1606 1961; baseline 0 -12"><span class='ocrx_word' id='word_1_215' title='bbox 159 1908 309 1950; x_wconf 70' lang='lat' dir='ltr'><strong>Romani</strong></span> <span class='ocrx_word' id='word_1_216' title='bbox 334 1916 611 1961; x_wconf 86' lang='lat' dir='ltr'><strong>responderunt,</strong></span> <span class='ocrx_word' id='word_1_217' title='bbox 636 1926 674 1949; x_wconf 89' lang='lat' dir='ltr'><strong>se</strong></span> <span class='ocrx_word' id='word_1_218' title='bbox 698 1915 745 1947; x_wconf 89' lang='lat' dir='ltr'><strong>ad</strong></span> <span class='ocrx_word' id='word_1_219' title='bbox 764 1916 1024 1961; x_wconf 78' lang='lat' dir='ltr'>Imperatorem</span> <span class='ocrx_word' id='word_1_220' title='bbox 1051 1927 1176 1952; x_wconf 84' lang='lat' dir='ltr'><strong>eorum</strong></span> <span class='ocrx_word' id='word_1_221' title='bbox 1200 1915 1383 1959; x_wconf 84' lang='lat' dir='ltr'><strong>postulata</strong></span> <span class='ocrx_word' id='word_1_222' title='bbox 1408 1914 1606 1950; x_wconf 60' lang='lat' dir='ltr'><strong>delaturo&amp;</strong></span> 
     </span>
     <span class='ocr_line' id='line_1_27' title="bbox 158 1960 1605 2008; baseline -0.001 -11"><span class='ocrx_word' id='word_1_223' title='bbox 158 1964 207 1997; x_wconf 88' lang='lat' dir='ltr'><strong>At</strong></span> <span class='ocrx_word' id='word_1_224' title='bbox 235 1962 386 2007; x_wconf 84' lang='lat' dir='ltr'><strong>Scythae</strong></span> <span class='ocrx_word' id='word_1_225' title='bbox 418 1968 568 2008; x_wconf 87' lang='lat' dir='ltr'><strong>propter</strong></span> <span class='ocrx_word' id='word_1_226' title='bbox 599 1962 755 2003; x_wconf 89' lang='lat' dir='ltr'><strong>famem,</strong></span> <span class='ocrx_word' id='word_1_227' title='bbox 793 1973 887 2007; x_wconf 88' lang='lat' dir='ltr'><strong>quae</strong></span> <span class='ocrx_word' id='word_1_228' title='bbox 928 1974 988 1996; x_wconf 88' lang='lat' dir='ltr'><strong>eos</strong></span> <span class='ocrx_word' id='word_1_229' title='bbox 1022 1960 1231 2007; x_wconf 78' lang='lat' dir='ltr'><strong>premebat,</strong></span> <span class='ocrx_word' id='word_1_230' title='bbox 1276 1962 1472 2007; x_wconf 78' lang='lat' dir='ltr'><strong>transigere</strong></span> <span class='ocrx_word' id='word_1_231' title='bbox 1508 1962 1605 1996; x_wconf 80' lang='lat' dir='ltr'><strong>velle&#39;</strong></span> 
     </span>
     <span class='ocr_line' id='line_1_28' title="bbox 160 2008 1607 2055; baseline 0 -13"><span class='ocrx_word' id='word_1_232' title='bbox 160 2009 352 2050; x_wconf 85' lang='lat' dir='ltr'><strong>dixerunt,</strong></span> <span class='ocrx_word' id='word_1_233' title='bbox 377 2020 498 2055; x_wconf 88' lang='lat' dir='ltr'><strong>neque</strong></span> <span class='ocrx_word' id='word_1_234' title='bbox 524 2009 706 2054; x_wconf 86' lang='lat' dir='ltr'><strong>longiores</strong></span> <span class='ocrx_word' id='word_1_235' title='bbox 731 2019 849 2042; x_wconf 88' lang='lat' dir='ltr'><strong>moras</strong></span> <span class='ocrx_word' id='word_1_236' title='bbox 873 2009 969 2042; x_wconf 85' lang='lat' dir='ltr'><strong>ferre</strong></span> <span class='ocrx_word' id='word_1_237' title='bbox 991 2015 1111 2053; x_wconf 85' lang='lat' dir='ltr'><strong>posse.</strong></span> <span class='ocrx_word' id='word_1_238' title='bbox 1160 2009 1253 2042; x_wconf 88' lang='lat' dir='ltr'><strong>Tum</strong></span> <span class='ocrx_word' id='word_1_239' title='bbox 1264 2009 1433 2041; x_wconf 79' lang='lat' dir='ltr'><strong>Romanis</strong></span> <span class='ocrx_word' id='word_1_240' title='bbox 1459 2008 1607 2053; x_wconf 67' lang='lat' dir='ltr'><strong>ordini—</strong></span> 
     </span>
     <span class='ocr_line' id='line_1_29' title="bbox 157 2055 1605 2102; baseline 0 -13"><span class='ocrx_word' id='word_1_241' title='bbox 157 2056 228 2089; x_wconf 87' lang='lat' dir='ltr'><strong>bus</strong></span> <span class='ocrx_word' id='word_1_242' title='bbox 253 2057 475 2102; x_wconf 80' lang='lat' dir='ltr'>praepositi,</span> <span class='ocrx_word' id='word_1_243' title='bbox 500 2056 628 2090; x_wconf 85' lang='lat' dir='ltr'><strong>habito</strong></span> <span class='ocrx_word' id='word_1_244' title='bbox 656 2056 830 2097; x_wconf 85' lang='lat' dir='ltr'><strong>consilio,</strong></span> <span class='ocrx_word' id='word_1_245' title='bbox 859 2057 1037 2100; x_wconf 83' lang='lat' dir='ltr'><strong>tantisper</strong></span> <span class='ocrx_word' id='word_1_246' title='bbox 1062 2055 1148 2089; x_wconf 89' lang='lat' dir='ltr'><strong>dum</strong></span> <span class='ocrx_word' id='word_1_247' title='bbox 1174 2056 1373 2100; x_wconf 82' lang='lat' dir='ltr'><strong>Imperator</strong></span> <span class='ocrx_word' id='word_1_248' title='bbox 1396 2055 1506 2089; x_wconf 83' lang='lat' dir='ltr'><strong>aliter</strong></span> <span class='ocrx_word' id='word_1_249' title='bbox 1529 2061 1605 2089; x_wconf 83' lang='lat' dir='ltr'><strong>sta-</strong></span> 
     </span>
     <span class='ocr_line' id='line_1_30' title="bbox 158 2101 1602 2148; baseline 0 -12"><span class='ocrx_word' id='word_1_250' title='bbox 158 2108 299 2145; x_wconf 89' lang='lat' dir='ltr'><strong>tueret,</strong></span> <span class='ocrx_word' id='word_1_251' title='bbox 325 2103 497 2137; x_wconf 79' lang='lat' dir='ltr'><strong>alimenta</strong></span> <span class='ocrx_word' id='word_1_252' title='bbox 522 2114 560 2136; x_wconf 89' lang='lat' dir='ltr'><strong>se</strong></span> <span class='ocrx_word' id='word_1_253' title='bbox 574 2101 802 2148; x_wconf 85' lang='lat' dir='ltr'><strong>praebituros</strong></span> <span class='ocrx_word' id='word_1_254' title='bbox 827 2102 988 2147; x_wconf 87' lang='lat' dir='ltr'><strong>polliciti</strong></span> <span class='ocrx_word' id='word_1_255' title='bbox 1013 2107 1108 2143; x_wconf 90' lang='lat' dir='ltr'><strong>sunt,</strong></span> <span class='ocrx_word' id='word_1_256' title='bbox 1135 2102 1167 2134; x_wconf 87' lang='lat' dir='ltr'><strong>si</strong></span> <span class='ocrx_word' id='word_1_257' title='bbox 1188 2101 1341 2145; x_wconf 83' lang='lat' dir='ltr'><strong>Scythae</strong></span> <span class='ocrx_word' id='word_1_258' title='bbox 1359 2102 1602 2136; x_wconf 82' lang='lat' dir='ltr'><strong>Romanorum</strong></span> 
     </span>
     <span class='ocr_line' id='line_1_31' title="bbox 157 2148 1601 2196; baseline -0.001 -12"><span class='ocrx_word' id='word_1_259' title='bbox 157 2160 259 2184; x_wconf 87' lang='lat' dir='ltr'><strong>more</strong></span> <span class='ocrx_word' id='word_1_260' title='bbox 285 2151 462 2184; x_wconf 83' lang='lat' dir='ltr'><strong>exercitus</strong></span> <span class='ocrx_word' id='word_1_261' title='bbox 488 2151 528 2184; x_wconf 91' lang='lat' dir='ltr'><strong>in</strong></span> <span class='ocrx_word' id='word_1_262' title='bbox 547 2154 665 2196; x_wconf 86' lang='lat' dir='ltr'><strong>partes</strong></span> <span class='ocrx_word' id='word_1_263' title='bbox 693 2160 730 2183; x_wconf 89' lang='lat' dir='ltr'><strong>se</strong></span> <span class='ocrx_word' id='word_1_264' title='bbox 755 2149 853 2193; x_wconf 86' lang='lat' dir='ltr'><strong>ipsos</strong></span> <span class='ocrx_word' id='word_1_265' title='bbox 880 2148 1094 2183; x_wconf 82' lang='lat' dir='ltr'><strong>dividerent.</strong></span> <span class='ocrx_word' id='word_1_266' title='bbox 1143 2149 1203 2182; x_wconf 88' lang='lat' dir='ltr'><strong>Sic</strong></span> <span class='ocrx_word' id='word_1_267' title='bbox 1226 2149 1323 2182; x_wconf 90' lang='lat' dir='ltr'><strong>enim</strong></span> <span class='ocrx_word' id='word_1_268' title='bbox 1349 2149 1492 2183; x_wconf 80' lang='lat' dir='ltr'><strong>facilius</strong></span> <span class='ocrx_word' id='word_1_269' title='bbox 1519 2159 1601 2191; x_wconf 65' lang='lat' dir='ltr'><strong>eos,</strong></span> 
     </span>
     <span class='ocr_line' id='line_1_32' title="bbox 159 2194 1600 2243; baseline 0 -14"><span class='ocrx_word' id='word_1_270' title='bbox 159 2209 272 2243; x_wconf 88' lang='lat' dir='ltr'><strong>quum</strong></span> <span class='ocrx_word' id='word_1_271' title='bbox 298 2197 432 2242; x_wconf 83' lang='lat' dir='ltr'><strong>singuli</strong></span> <span class='ocrx_word' id='word_1_272' title='bbox 458 2197 630 2237; x_wconf 85' lang='lat' dir='ltr'><strong>ordines,</strong></span> <span class='ocrx_word' id='word_1_273' title='bbox 655 2207 730 2229; x_wconf 91' lang='lat' dir='ltr'><strong>non</strong></span> <span class='ocrx_word' id='word_1_274' title='bbox 754 2197 915 2229; x_wconf 86' lang='lat' dir='ltr'><strong>universi</strong></span> <span class='ocrx_word' id='word_1_275' title='bbox 940 2196 1049 2229; x_wconf 88' lang='lat' dir='ltr'><strong>simul</strong></span> <span class='ocrx_word' id='word_1_276' title='bbox 1074 2194 1292 2242; x_wconf 76' lang='lat' dir='ltr'><strong>respiciendi</strong></span> <span class='ocrx_word' id='word_1_277' title='bbox 1316 2201 1459 2237; x_wconf 83' lang='lat' dir='ltr'><strong>essent,</strong></span> <span class='ocrx_word' id='word_1_278' title='bbox 1480 2206 1500 2228; x_wconf 89' lang='lat' dir='ltr'><strong>a</strong></span> <span class='ocrx_word' id='word_1_279' title='bbox 1527 2195 1600 2229; x_wconf 91' lang='lat' dir='ltr'><strong>du·-</strong></span> 
     </span>
     <span class='ocr_line' id='line_1_33' title="bbox 157 2241 1600 2290; baseline -0.001 -13"><span class='ocrx_word' id='word_1_280' title='bbox 157 2244 261 2289; x_wconf 70' lang='lat' dir='ltr'><strong>cibqs</strong></span> <span class='ocrx_word' id='word_1_281' title='bbox 286 2244 403 2277; x_wconf 86' lang='lat' dir='ltr'><strong>curari</strong></span> <span class='ocrx_word' id='word_1_282' title='bbox 426 2254 554 2290; x_wconf 88' lang='lat' dir='ltr'><strong>posse,</strong></span> <span class='ocrx_word' id='word_1_283' title='bbox 579 2244 715 2290; x_wconf 90' lang='lat' dir='ltr'><strong>quippe</strong></span> <span class='ocrx_word' id='word_1_284' title='bbox 731 2242 795 2289; x_wconf 91' lang='lat' dir='ltr'><strong>qui</strong></span> <span class='ocrx_word' id='word_1_285' title='bbox 819 2253 902 2275; x_wconf 88' lang='lat' dir='ltr'><strong>cura</strong></span> <span class='ocrx_word' id='word_1_286' title='bbox 927 2248 965 2276; x_wconf 87' lang='lat' dir='ltr'><strong>et</strong></span> <span class='ocrx_word' id='word_1_287' title='bbox 988 2241 1177 2286; x_wconf 87' lang='lat' dir='ltr'><strong>diligentia</strong></span> <span class='ocrx_word' id='word_1_288' title='bbox 1202 2243 1298 2276; x_wconf 87' lang='lat' dir='ltr'><strong>inter</strong></span> <span class='ocrx_word' id='word_1_289' title='bbox 1323 2252 1361 2275; x_wconf 90' lang='lat' dir='ltr'><strong>se</strong></span> <span class='ocrx_word' id='word_1_290' title='bbox 1386 2243 1460 2276; x_wconf 82' lang='lat' dir='ltr'><strong>sint</strong></span> <span class='ocrx_word' id='word_1_291' title='bbox 1482 2248 1600 2279; x_wconf 79' lang='lat' dir='ltr'><strong>certa-·</strong></span> 
     </span>
     <span class='ocr_line' id='line_1_34' title="bbox 157 2289 1598 2336; baseline -0.001 -13"><span class='ocrx_word' id='word_1_292' title='bbox 157 2292 243 2324; x_wconf 86' lang='lat' dir='ltr'><strong>turi.</strong></span> <span class='ocrx_word' id='word_1_293' title='bbox 292 2291 420 2336; x_wconf 89' lang='lat' dir='ltr'><strong>Itaque</strong></span> <span class='ocrx_word' id='word_1_294' title='bbox 447 2290 597 2335; x_wconf 80' lang='lat' dir='ltr'><strong>Scythae</strong></span> <span class='ocrx_word' id='word_1_295' title='bbox 621 2289 677 2323; x_wconf 89' lang='lat' dir='ltr'><strong>his</strong></span> <span class='ocrx_word' id='word_1_296' title='bbox 694 2315 703 2330; x_wconf 95' lang='lat'><strong>,</strong></span> <span class='ocrx_word' id='word_1_297' title='bbox 728 2301 822 2335; x_wconf 82' lang='lat' dir='ltr'><strong>quae</strong></span> <span class='ocrx_word' id='word_1_298' title='bbox 845 2289 957 2333; x_wconf 82' lang='lat' dir='ltr'><strong>legati</strong></span> <span class='ocrx_word' id='word_1_299' title='bbox 981 2289 1254 2330; x_wconf 82' lang='lat' dir='ltr'><strong>renuntiarunt,</strong></span> <span class='ocrx_word' id='word_1_300' title='bbox 1278 2294 1498 2334; x_wconf 83' lang='lat' dir='ltr'><strong>paruerunt,</strong></span> <span class='ocrx_word' id='word_1_301' title='bbox 1535 2300 1598 2322; x_wconf 89' lang='lat' dir='ltr'><strong>se-</strong></span> 
     </span>
     <span class='ocr_line' id='line_1_35' title="bbox 157 2334 1597 2382; baseline -0.001 -12"><span class='ocrx_word' id='word_1_302' title='bbox 157 2348 230 2382; x_wconf 88' lang='lat' dir='ltr'><strong>que</strong></span> <span class='ocrx_word' id='word_1_303' title='bbox 254 2337 294 2371; x_wconf 87' lang='lat' dir='ltr'><strong>in</strong></span> <span class='ocrx_word' id='word_1_304' title='bbox 316 2336 472 2371; x_wconf 82' lang='lat' dir='ltr'><strong>totidem</strong></span> <span class='ocrx_word' id='word_1_305' title='bbox 497 2336 642 2371; x_wconf 86' lang='lat' dir='ltr'><strong>ordines</strong></span> <span class='ocrx_word' id='word_1_306' title='bbox 669 2336 957 2377; x_wconf 87' lang='lat' dir='ltr'><strong>distribuerunt,</strong></span> <span class='ocrx_word' id='word_1_307' title='bbox 980 2338 1020 2369; x_wconf 86' lang='lat' dir='ltr'><strong>in</strong></span> <span class='ocrx_word' id='word_1_308' title='bbox 1051 2346 1142 2381; x_wconf 76' lang='lat' dir='ltr'><strong>quos</strong></span> <span class='ocrx_word' id='word_1_309' title='bbox 1168 2334 1321 2369; x_wconf 82' lang='lat' dir='ltr'><strong>Romani</strong></span> <span class='ocrx_word' id='word_1_310' title='bbox 1345 2341 1448 2370; x_wconf 85' lang='lat' dir='ltr'><strong>erant</strong></span> <span class='ocrx_word' id='word_1_311' title='bbox 1470 2335 1597 2377; x_wconf 78' lang='lat' dir='ltr'><strong>distri-</strong></span> 
     </span>
     <span class='ocr_line' id='line_1_36' title="bbox 155 2382 1595 2429; baseline 0.001 -13"><span class='ocrx_word' id='word_1_312' title='bbox 155 2382 249 2416; x_wconf 85' lang='lat' dir='ltr'><strong>buti.</strong></span> <span class='ocrx_word' id='word_1_313' title='bbox 298 2383 380 2429; x_wconf 83' lang='lat' dir='ltr'><strong>Quo</strong></span> <span class='ocrx_word' id='word_1_314' title='bbox 404 2382 697 2425; x_wconf 84' lang='lat' dir='ltr'><strong>factochelcha1‚</strong></span> <span class='ocrx_word' id='word_1_315' title='bbox 723 2394 852 2429; x_wconf 84' lang='lat' dir='ltr'><strong>genere</strong></span> <span class='ocrx_word' id='word_1_316' title='bbox 878 2383 1050 2423; x_wconf 87' lang='lat' dir='ltr'><strong>Hunnus,</strong></span> <span class='ocrx_word' id='word_1_317' title='bbox 1078 2382 1143 2428; x_wconf 91' lang='lat' dir='ltr'><strong>qui</strong></span> <span class='ocrx_word' id='word_1_318' title='bbox 1166 2382 1365 2417; x_wconf 85' lang='lat' dir='ltr'><strong>secundum</strong></span> <span class='ocrx_word' id='word_1_319' title='bbox 1388 2383 1435 2416; x_wconf 88' lang='lat' dir='ltr'><strong>ab</strong></span> <span class='ocrx_word' id='word_1_320' title='bbox 1460 2385 1595 2428; x_wconf 67' lang='lat' dir='ltr'><strong>Aspare</strong></span> 
     </span>
     <span class='ocr_line' id='line_1_37' title="bbox 156 2426 1595 2476; baseline 0 -14"><span class='ocrx_word' id='word_1_321' title='bbox 156 2430 301 2475; x_wconf 87' lang='lat' dir='ltr'><strong>imperii</strong></span> <span class='ocrx_word' id='word_1_322' title='bbox 335 2430 485 2476; x_wconf 87' lang='lat' dir='ltr'><strong>gradum</strong></span> <span class='ocrx_word' id='word_1_323' title='bbox 526 2430 566 2465; x_wconf 92' lang='lat' dir='ltr'><strong>in</strong></span> <span class='ocrx_word' id='word_1_324' title='bbox 597 2442 679 2472; x_wconf 87' lang='lat' dir='ltr'><strong>eos,</strong></span> <span class='ocrx_word' id='word_1_325' title='bbox 720 2430 791 2476; x_wconf 32' lang='lat' dir='ltr'><strong>&#39;qui</strong></span> <span class='ocrx_word' id='word_1_326' title='bbox 821 2426 887 2462; x_wconf 85' lang='lat' dir='ltr'><strong>sub</strong></span> <span class='ocrx_word' id='word_1_327' title='bbox 922 2439 964 2463; x_wconf 92' lang='lat' dir='ltr'><strong>eo</strong></span> <span class='ocrx_word' id='word_1_328' title='bbox 999 2428 1145 2463; x_wconf 86' lang='lat' dir='ltr'><strong>ordines</strong></span> <span class='ocrx_word' id='word_1_329' title='bbox 1181 2429 1386 2470; x_wconf 85' lang='lat' dir='ltr'><strong>ducebant,</strong></span> <span class='ocrx_word' id='word_1_330' title='bbox 1424 2429 1595 2472; x_wconf 82' lang='lat' dir='ltr'><strong>tenebat,</strong></span> 
     </span>
     <span class='ocr_line' id='line_1_38' title="bbox 155 2475 1594 2524; baseline 0.001 -15"><span class='ocrx_word' id='word_1_331' title='bbox 155 2476 416 2517; x_wconf 87' lang='lat' dir='ltr'><strong>barbarorum,</strong></span> <span class='ocrx_word' id='word_1_332' title='bbox 454 2488 547 2524; x_wconf 88' lang='lat' dir='ltr'><strong>quae</strong></span> <span class='ocrx_word' id='word_1_333' title='bbox 583 2477 655 2511; x_wconf 89' lang='lat' dir='ltr'><strong>suis</strong></span> <span class='ocrx_word' id='word_1_334' title='bbox 692 2476 883 2512; x_wconf 90' lang='lat' dir='ltr'><strong>ordinibus</strong></span> <span class='ocrx_word' id='word_1_335' title='bbox 916 2481 1129 2518; x_wconf 86' lang='lat' dir='ltr'><strong>accesserat,</strong></span> <span class='ocrx_word' id='word_1_336' title='bbox 1161 2475 1346 2520; x_wconf 69' lang='lat' dir='ltr'><strong>cohortem</strong></span> <span class='ocrx_word' id='word_1_337' title='bbox 1369 2475 1517 2518; x_wconf 75' lang='lat' dir='ltr'><strong>obiens,</strong></span> <span class='ocrx_word' id='word_1_338' title='bbox 1554 2477 1594 2511; x_wconf 84' lang='lat' dir='ltr'><strong>in</strong></span> 
     </span>
     <span class='ocr_line' id='line_1_39' title="bbox 156 2522 1592 2570; baseline -0.001 -14"><span class='ocrx_word' id='word_1_339' title='bbox 156 2535 230 2569; x_wconf 90' lang='lat' dir='ltr'><strong>qua</strong></span> <span class='ocrx_word' id='word_1_340' title='bbox 258 2529 361 2556; x_wconf 83' lang='lat' dir='ltr'><strong>erant</strong></span> <span class='ocrx_word' id='word_1_341' title='bbox 383 2524 505 2568; x_wconf 84' lang='lat' dir='ltr'><strong>plures</strong></span> <span class='ocrx_word' id='word_1_342' title='bbox 528 2534 678 2558; x_wconf 87' lang='lat' dir='ltr'><strong>numero</strong></span> <span class='ocrx_word' id='word_1_343' title='bbox 705 2522 839 2564; x_wconf 86' lang='lat' dir='ltr'><strong>Gothi,</strong></span> <span class='ocrx_word' id='word_1_344' title='bbox 872 2534 980 2568; x_wconf 84' lang='lat' dir='ltr'><strong>quam</strong></span> <span class='ocrx_word' id='word_1_345' title='bbox 1015 2523 1174 2570; x_wconf 87' lang='lat' dir='ltr'><strong>reliqui,</strong></span> <span class='ocrx_word' id='word_1_346' title='bbox 1212 2524 1336 2556; x_wconf 89' lang='lat' dir='ltr'><strong>accitis</strong></span> <span class='ocrx_word' id='word_1_347' title='bbox 1370 2522 1592 2567; x_wconf 60' lang='lat' dir='ltr'><strong>prirnoribus</strong></span> 
     </span>
     <span class='ocr_line' id='line_1_40' title="bbox 155 2568 1591 2616; baseline 0.001 -14"><span class='ocrx_word' id='word_1_348' title='bbox 155 2569 366 2603; x_wconf 84' lang='lat' dir='ltr'><strong>huiusmodi</strong></span> <span class='ocrx_word' id='word_1_349' title='bbox 391 2571 591 2605; x_wconf 79' lang='lat' dir='ltr'><strong>orationem</strong></span> <span class='ocrx_word' id='word_1_350' title='bbox 615 2570 750 2604; x_wconf 88' lang='lat' dir='ltr'><strong>habere</strong></span> <span class='ocrx_word' id='word_1_351' title='bbox 787 2571 917 2615; x_wconf 87' lang='lat' dir='ltr'><strong>coepit.</strong></span> <span class='ocrx_word' id='word_1_352' title='bbox 966 2570 1115 2604; x_wconf 89' lang='lat' dir='ltr'><strong>Terram</strong></span> <span class='ocrx_word' id='word_1_353' title='bbox 1149 2568 1298 2616; x_wconf 72' lang='lat' dir='ltr'><strong>quidem</strong></span> <span class='ocrx_word' id='word_1_354' title='bbox 1332 2569 1591 2614; x_wconf 79' lang='lat' dir='ltr'><strong>Imperatorem</strong></span> 
     </span>
     <span class='ocr_line' id='line_1_41' title="bbox 156 2614 1592 2662; baseline -0.001 -12"><span class='ocrx_word' id='word_1_355' title='bbox 156 2617 203 2656; x_wconf 81' lang='lat' dir='ltr'><strong>ad</strong></span> <span class='ocrx_word' id='word_1_356' title='bbox 222 2616 500 2659; x_wconf 75' lang='lat' dir='ltr'><strong>inhabitandum</strong></span> <span class='ocrx_word' id='word_1_357' title='bbox 526 2617 717 2658; x_wconf 84' lang='lat' dir='ltr'><strong>daturum,</strong></span> <span class='ocrx_word' id='word_1_358' title='bbox 744 2628 837 2662; x_wconf 89' lang='lat' dir='ltr'><strong>quae</strong></span> <span class='ocrx_word' id='word_1_359' title='bbox 862 2627 936 2650; x_wconf 89' lang='lat' dir='ltr'><strong>non</strong></span> <span class='ocrx_word' id='word_1_360' title='bbox 960 2615 1035 2651; x_wconf 82' lang='lat' dir='ltr'><strong>illis</strong></span> <span class='ocrx_word' id='word_1_361' title='bbox 1059 2617 1199 2653; x_wconf 78' lang='lat' dir='ltr'><strong>fructui·</strong></span> <span class='ocrx_word' id='word_1_362' title='bbox 1220 2621 1256 2650; x_wconf 82' lang='lat' dir='ltr'><strong>et</strong></span> <span class='ocrx_word' id='word_1_363' title='bbox 1272 2614 1460 2651; x_wconf 86' lang='lat' dir='ltr'><strong>commodo</strong></span> <span class='ocrx_word' id='word_1_364' title='bbox 1486 2617 1592 2650; x_wconf 83' lang='lat' dir='ltr'><strong>futu-</strong></span> 
     </span>
     <span class='ocr_line' id='line_1_42' title="bbox 155 2662 1591 2706; baseline 0 -10"><span class='ocrx_word' id='word_1_365' title='bbox 155 2675 194 2696; x_wconf 87' lang='lat' dir='ltr'><strong>ra</strong></span> <span class='ocrx_word' id='word_1_366' title='bbox 216 2668 333 2704; x_wconf 86' lang='lat' dir='ltr'><strong>esset,</strong></span> <span class='ocrx_word' id='word_1_367' title='bbox 370 2664 434 2697; x_wconf 83' lang='lat' dir='ltr'><strong>sed</strong></span> <span class='ocrx_word' id='word_1_368' title='bbox 459 2665 561 2698; x_wconf 88' lang='lat' dir='ltr'><strong>cuius</strong></span> <span class='ocrx_word' id='word_1_369' title='bbox 586 2664 724 2698; x_wconf 87' lang='lat' dir='ltr'><strong>utilitas</strong></span> <span class='ocrx_word' id='word_1_370' title='bbox 750 2662 794 2696; x_wconf 82' lang='lat' dir='ltr'><strong>ad</strong></span> <span class='ocrx_word' id='word_1_371' title='bbox 820 2663 915 2697; x_wconf 79' lang='lat' dir='ltr'><strong>solos</strong></span> <span class='ocrx_word' id='word_1_372' title='bbox 941 2663 1090 2697; x_wconf 82' lang='lat' dir='ltr'><strong>Hunnos</strong></span> <span class='ocrx_word' id='word_1_373' title='bbox 1114 2662 1344 2706; x_wconf 79' lang='lat' dir='ltr'><strong>redundaret.</strong></span> <span class='ocrx_word' id='word_1_374' title='bbox 1393 2664 1465 2696; x_wconf 88' lang='lat' dir='ltr'><strong>Hos</strong></span> <span class='ocrx_word' id='word_1_375' title='bbox 1492 2664 1591 2696; x_wconf 84' lang='lat' dir='ltr'><strong>enim·</strong></span> 
     </span>
     <span class='ocr_line' id='line_1_43' title="bbox 155 2705 1591 2756; baseline 0 -14"><span class='ocrx_word' id='word_1_376' title='bbox 155 2712 274 2743; x_wconf 88' lang='lat' dir='ltr'><strong>terrae</strong></span> <span class='ocrx_word' id='word_1_377' title='bbox 299 2710 435 2752; x_wconf 83' lang='lat' dir='ltr'><strong>cultum</strong></span> <span class='ocrx_word' id='word_1_378' title='bbox 459 2711 668 2756; x_wconf 70' lang='lat' dir='ltr'><strong>negligere,</strong></span> <span class='ocrx_word' id='word_1_379' title='bbox 693 2715 730 2744; x_wconf 81' lang='lat' dir='ltr'><strong>et</strong></span> <span class='ocrx_word' id='word_1_380' title='bbox 752 2711 922 2754; x_wconf 87' lang='lat' dir='ltr'><strong>luporum</strong></span> <span class='ocrx_word' id='word_1_381' title='bbox 944 2720 1042 2755; x_wconf 70' lang='lat' dir='ltr'><strong>more</strong></span> <span class='ocrx_word' id='word_1_382' title='bbox 1066 2711 1164 2755; x_wconf 78' lang='lat' dir='ltr'><strong>bona</strong></span> <span class='ocrx_word' id='word_1_383' title='bbox 1188 2705 1388 2744; x_wconf 86' lang='lat' dir='ltr'><strong>Gothorum</strong></span> <span class='ocrx_word' id='word_1_384' title='bbox 1414 2708 1591 2747; x_wconf 80' lang='lat' dir='ltr'><strong>invaden-</strong></span> 
     </span>
     <span class='ocr_line' id='line_1_44' title="bbox 155 2755 1590 2805; baseline 0.001 -17"><span class='ocrx_word' id='word_1_385' title='bbox 155 2762 210 2789; x_wconf 87' lang='lat' dir='ltr'><strong>tes</strong></span> <span class='ocrx_word' id='word_1_386' title='bbox 243 2756 424 2801; x_wconf 83' lang='lat' dir='ltr'><strong>diripere,</strong></span> <span class='ocrx_word' id='word_1_387' title='bbox 480 2758 519 2791; x_wconf 89' lang='lat' dir='ltr'><strong>ui</strong></span> <span class='ocrx_word' id='word_1_388' title='bbox 548 2757 620 2805; x_wconf 88' lang='lat' dir='ltr'><strong>ipsi</strong></span> <span class='ocrx_word' id='word_1_389' title='bbox 655 2768 836 2791; x_wconf 83' lang='lat' dir='ltr'><strong>servorum</strong></span> <span class='ocrx_word' id='word_1_390' title='bbox 871 2756 1083 2802; x_wconf 74' lang='lat' dir='ltr'><strong>conditione</strong></span> <span class='ocrx_word' id='word_1_391' title='bbox 1117 2756 1236 2802; x_wconf 72' lang='lat' dir='ltr'><strong>habiti</strong></span> <span class='ocrx_word' id='word_1_392' title='bbox 1268 2755 1315 2800; x_wconf 82' lang='lat' dir='ltr'><strong>ad.</strong></span> <span class='ocrx_word' id='word_1_393' title='bbox 1347 2758 1482 2799; x_wconf 67' lang='lat' dir='ltr'><strong>victura</strong></span> <span class='ocrx_word' id='word_1_394' title='bbox 1515 2756 1590 2790; x_wconf 79' lang='lat' dir='ltr'><strong>illis</strong></span> 
     </span>
     <span class='ocr_line' id='line_1_45' title="bbox 157 2802 1591 2850; baseline 0 -14"><span class='ocrx_word' id='word_1_395' title='bbox 157 2803 437 2849; x_wconf 84' lang='lat' dir='ltr'><strong>comparandum</strong></span> <span class='ocrx_word' id='word_1_396' title='bbox 477 2803 628 2838; x_wconf 85' lang='lat' dir='ltr'><strong>aborare</strong></span> <span class='ocrx_word' id='word_1_397' title='bbox 654 2804 767 2838; x_wconf 85' lang='lat' dir='ltr'><strong>coacti</strong></span> <span class='ocrx_word' id='word_1_398' title='bbox 791 2808 931 2838; x_wconf 83' lang='lat' dir='ltr'><strong>essent:</strong></span> <span class='ocrx_word' id='word_1_399' title='bbox 957 2803 1119 2849; x_wconf 84' lang='lat' dir='ltr'><strong>quamvis</strong></span> <span class='ocrx_word' id='word_1_400' title='bbox 1154 2802 1297 2838; x_wconf 88' lang='lat' dir='ltr'><strong>nullum</strong></span> <span class='ocrx_word' id='word_1_401' title='bbox 1327 2815 1487 2850; x_wconf 84' lang='lat' dir='ltr'><strong>unquam</strong></span> <span class='ocrx_word' id='word_1_402' title='bbox 1511 2803 1591 2839; x_wconf 81' lang='lat' dir='ltr'><strong>foe-</strong></span> 
     </span>
    </p>
   </div>
  </div>
 </body>
</html>
