1924 3164
545 146 580 187 E
615 141 902 188 MENANDm
940 137 1216 185 ms'romA.
1503 107 1616 189 345¹

170 252 390 308 Σανδίλχῳ
423 248 482 306 τῷ
517 251 602 291 τῶν
640 249 910 302 Οὕτιγούρων
947 243 1151 301 ἡγεμόνι,
1190 243 1300 286 οἷνίει
1343 244 1394 286 δὲ’
1419 237 1820 297 οὗδαμῶςΡ-Δ-0-558

170 320 419 374 παραινῶν,
452 316 679 372 πρεσβείας
704 329 748 355 τε
784 311 947 366 συχνὰς
983 311 1207 365 ἐκπέμπων
1227 310 1313 352 καὶ
1337 304 1484 353 ἄλλοτε
1513 291 1822 374 ἅλλῳῙΙῗιὲἰίῗᾘδῖ

171 384 315 441 ’τρόπῳ
344 379 600 438 ἇνερεθίζων
618 414 632 434 ,
672 380 730 429 ὥς
757 375 810 421 ἂν
840 379 1101 433 ἀμωσγέπως
1127 373 1395 435 ἐκπολεμώσῃ
1423 392 1471 431 γε
1499 374 1629 418 αὐτὸν
1642 389 1674 422 D

171 449 232 500 ὥς
274 448 349 491 τὸν
388 444 630 502 Ζαβεργοίν.
687 447 930 501 προσετίθει
975 446 1023 486 δὲ
1063 448 1156 492 ταῖς
1195 442 1254 493 ὥς
1291 441 1361 485 τὸν
1388 440 1628 496 Σάνδιλχον

145 511 387 570 ὄᾶγγελίαις
415 511 437 554 ὃ
480 511 764 568 αὐτοκράτωρ,
793 510 877 563 ὥς,
908 509 953 552 εἴ
982 525 1029 565 γε
1057 511 1379 564 καταγωνίσοιτο
1414 507 1516 558 τούς
1540 511 1632 551 Κο-

172 579 455 637 τριγούρους,
492 580 566 620 καί
598 576 651 619 τὰ
693 573 771 618 ὅσα
813 577 961 630 ἐτήσια
1001 574 1205 630 χρήματα
1233 576 1280 617 ἐκ
1306 577 1381 631 τῆς
1401 573 1633 627 ιΡωμαίων

175 645 449 700 ἐπικρατείας
486 643 804 697 ἅπονεμηθέντα
859 638 969 696 ἦσαν
1011 642 1071 698 τῷ
1115 642 1337 698 Ζαβέργᾳ,
1374 638 1633 695 μεταθήσειν

171 712 230 763 ὥς
259 708 404 754 αὗτόν.
459 709 533 752 καὶ
559 707 701 751 τοίνυν
738 707 760 749 ὅ
791 706 1025 762 Σάνδιλχος
1065 707 1084 763 (
1096 705 1330 760 εΡωμαίοις
1365 705 1447 763 γὰρ
1486 703 1634 760 ἐπιτή-

171 781 286 828 δειος
320 774 520 832 ἐβούλετο
565 772 691 833 εἶναι)
736 777 910 828 βασιλεῖ’
947 771 1180 829 ἐσήμηνεν,
1223 771 1282 823 ὥς
1304 774 1521 829 ,,πε’φυκεν
1551 768 1634 827 οὔχ

91 840 293 889 ,ῐοὸσιον
326 845 406 897 μὲν
451 838 553 884 οὐδὲ
591 838 730 891 ἄλλως
769 837 973 896 εὐπρεπὲς
1008 837 1106 889 τούς
1146 836 1387 895 ὁμοφύλους
1424 834 1635 894 ἀφανίσαι

173 906 330 967 ἄρδην,
359 907 420 965 μή
449 924 547 952 ποτε
577 907 849 963 ὁμόγλωσσοί
869 908 916 949 τέ
943 907 1026 949 εἶσι
1056 903 1130 947 καὶ
1157 903 1388 959 ὄμόσκευοι
1414 905 1534 960 ἡμῖν,
1562 906 1639 947 καὶ

174 976 305 1035 ὁμοίᾳ
330 977 523 1032 χρῶνται
550 976 679 1031 στολῇ
706 975 780 1015 καί
807 975 969 1031 διαίτῃ,
1009 968 1102 1014 ἀλλ’
1130 967 1194 1014 ὅτι
1220 970 1296 1014 καὶ
1321 977 1532 1027 συγγενεῖς
1557 974 1632 1015 καί
1642 978 1677 1012 Ρ.
1696 979 1761 1014 133

171 1041 333 1100 ἑτέροις
361 1044 451 1084 τισί
478 1039 714 1095 τετάχαται
744 1037 957 1096 ἡγεμόσιν.
1005 1035 1121 1092 ὅμως
1150 1039 1187 1080 δ’
1216 1033 1292 1080 οὖν
1323 1034 1638 1095 (Ἰουοτινιανὸς

172 1111 252 1164 μὲν
278 1107 360 1164 γὰρ
393 1106 416 1149 ὅ
445 1106 500 1149 τοὶ
526 1107 670 1149 τοιάδε
699 1103 1066 1162 ἐγκελευσάμενος)
1105 1105 1181 1146 καί
1216 1100 1368 1146 αὕτίκα
1405 1102 1482 1159 τήν
1509 1106 1637 1147 ἵππον

120 1173 280 1224 Ι5τοῦς
303 1171 622 1230 Κοτριγούρους
653 1169 914 1229 ἀφελόμενος
944 1173 1093 1213 οἰκεῖον
1120 1169 1351 1226 ποιήσομαι
1378 1171 1519 1226 κτῆμα
1535 1202 1549 1226 ,
1578 1169 1638 1220 ὥς

174 1237 227 1284 ἂν
251 1238 313 1295 μὴ
343 1238 482 1294 ἔχοιεν
508 1235 588 1296 ὅτῳ
618 1236 844 1293 ὀχούμενοι
872 1239 1053 1279 σι’νοιντο
1079 1234 1178 1286 τούς
1199 1234 1492 1288 (ΡωμαίουςΡ

284 1304 336 1360 β’.
385 1302 474 1348 Ὅτι
495 1299 706 1359 ’Ἀμμιγος
734 1301 758 1344 ὅ
789 1303 984 1358 Φράγγος
1011 1300 1421 1359 ἐστρατοπεδεύσατο
1458 1297 1633 1359 ἅντικρυ
1646 1309 1824 1345 f.A.c.561

173 1373 252 1417 τοῦ
277 1372 469 1424 ποταμοῦ
493 1370 704 1424 Ἀττίσου,
734 1365 763 1427 ᾗ
794 1368 1074 1425 προσδόκιμοι
1103 1363 1211 1424 ἦσαν
1241 1367 1280 1411 οἷ
1303 1365 1515 1422 Ῥωμαῖοι
1544 1358 1762 1440 δια-ῙῙΞὲῙί·ἰΞ
1783 1403 1829 1438 35

1521 1431 1541 1447 ss
1599 1437 1612 1449 Ἰ
1763 1432 1771 1440 ⁶

172 1435 401 1493 βήσεσθαι.
457 1435 482 1478 0‘
513 1438 561 1478 δὲ
593 1440 773 1491 Ναρσῆς
801 1438 926 1478 τοῦτο
954 1433 1145 1490 ἐγνωκώς
1174 1433 1486 1492 Παμφρόνιον,
1516 1451 1564 1485 ος
1591 1453 1637 1478 εν

118 1510 263 1552 ποτοῖς
298 1504 504 1558 βασιλέως
531 1502 744 1559 πατράσιν
771 1501 924 1556 ἐτέλει,
969 1503 1044 1544 καὶ
1077 1503 1256 1555 Βοῦνον,
1292 1503 1535 1558 προεστῶτα
1561 1505 1639 1558 τῆς

172 1569 310 1611 αὐτοῦ
336 1570 544 1623 βασιλέως
570 1571 844 1625 περιουσίας,
887 1569 1088 1622 ἐκπέμπει
1117 1569 1471 1623 πρεσβευσομένω
1503 1564 1676 1626 ἆμφωΒ

173 1634 231 1686 ὥς
248 1630 485 1689 ’Ἀμμιγον,
524 1635 713 1690 ἐδήλωσέ
750 1651 796 1677 τε
836 1635 951 1691 αὐτῷ
992 1633 1039 1676 ἐκ
1065 1636 1208 1676 ποδῶν
1232 1634 1429 1690 γενέσθαι
1456 1636 1530 1677 καί
1554 1653 1639 1691 μη-

273 1724 301 1748 ι.
330 1712 583 1759 Ου’τηγούρων
609 1715 705 1760 vulg.
763 1712 818 1761 δὲ]
846 1723 886 1747 τε
911 1714 1006 1747 coni.
1031 1714 1068 1747 Β.
1119 1713 1152 1758 4.
1183 1715 1409 1757 προσετίθει
1433 1714 1491 1754 Η.,
1514 1723 1639 1760 προσ-

266 1761 371 1793 τίθει
396 1760 491 1805 vulg.
585 1773 620 1806 9.
640 1762 828 1807 ἐσήμηνεν
861 1761 925 1802 Η,,
951 1762 1158 1807 σεσέμηνεν
1180 1761 1276 1806 vulg.
1358 1773 1409 1795 ιι.
1427 1760 1535 1808 ποτε]
1576 1760 1639 1795 ὅτι

268 1807 363 1839 coni.
387 1807 424 1839 B.
497 1805 708 1852 ὅμόσκευοι
734 1807 795 1848 Η.,
821 1807 1029 1854 ὁμόσκενοι
1061 1808 1159 1853 vulg.
1258 1818 1309 1842 ια.
1334 1806 1410 1842 κᾶν
1435 1807 1637 1854 ἑτέροις-ΙΝ.

271 1854 326 1888 18.
353 1845 378 1900 ᾗ
400 1853 444 1887 Η.
452 1877 467 1895 ,
487 1849 510 1896 ἢ
536 1854 630 1900 vulg.
679 1866 734 1889 20.
750 1856 885 1890 Βῶνον
909 1855 991 1889 coni
1016 1854 1061 1893 N.
1122 1866 1178 1890 αι.
1205 1857 1525 1902 πρεσβευσαμένω
1541 1856 1636 1901 vulg,

173 1943 369 1979 Thraciam
403 1943 707 1989 populationibus
746 1950 916 1979 vexatum
950 1950 1144 1986 venturos,
1181 1949 1281 1980 totus
1318 1946 1358 1980 in
1385 1947 1637 1990 Saudsschnm,

173 1991 408 2036 Utigurorum
426 1991 568 2031 ducem,
593 1992 786 2032 incubuit,
808 2003 916 2040 quem
943 1992 1200 2039 frequentibus
1226 1993 1472 2037 legationibus
1496 1994 1637 2030 hortari

173 2049 251 2072 non
282 2038 426 2071 destitit
441 2063 451 2079 ,
477 2044 514 2071 et
538 2039 639 2071 omni
658 2040 801 2071 ratione
827 2039 874 2072 ad
898 2040 1039 2073 bellum
1065 2045 1190 2073 contra
1210 2040 1449 2085 Zaberganem
1473 2043 1635 2076 excitare

175 2090 327 2118 conatus
359 2090 422 2118 est.
473 2086 618 2118 Praeter
649 2087 738 2118 alias
766 2086 996 2120 conditiones
1029 2088 1231 2131 Imperator
1254 2086 1451 2121 Sandilcho
1485 2089 1635 2133 pollici-

175 2137 234 2165 tus
262 2138 337 2173 est,
363 2132 393 2165 si
410 2131 618 2176 Cotriguros
646 2132 889 2173 debellasset,
913 2133 959 2165 ad
985 2135 1105 2177 ipsum
1122 2145 1260 2168 annuas
1275 2135 1513 2178 pecuniarum
1539 2147 1635 2181 pen-

176 2180 319 2219 siones,
352 2189 448 2223 quae
473 2180 671 2225 quotannis
699 2179 896 2224 Zabergani
923 2179 1192 2224 pendebantur,
1217 2181 1397 2215 redituras
1420 2193 1509 2215 esse.
1557 2184 1634 2217 Ita-

178 2236 251 2271 que
276 2225 517 2267 Sandilchus‚
552 2226 696 2259 tametsi
721 2226 1029 2265 necessitudinem
1065 2227 1138 2260 sibi
1165 2238 1246 2262 cum
1272 2228 1441 2262 Romanis
1465 2240 1543 2263 esse
1566 2242 1634 2263 cu-

175 2277 301 2317 peret,
338 2274 553 2317 Imperatori
592 2273 830 2317 significavit‚
863 2274 1015 2307 minime
1047 2274 1118 2307 sibi
1150 2276 1254 2318 pium
1288 2279 1351 2308 aut
1387 2275 1520 2309 decens
1553 2277 1632 2312 sore

177 2329 304 2352 omnes
327 2331 411 2353 suos
435 2319 660 2353 contribules
695 2320 742 2354 ad
774 2322 1061 2354 internecionem
1087 2332 1204 2366 usque
1237 2321 1371 2356 delere.
1418 2323 1531 2361 „Nam
1555 2335 1633 2358 nou

177 2366 320 2405 solum,
347 2367 494 2411 inquit,
518 2367 575 2399 illi
600 2366 727 2400 eadem
750 2367 940 2400 nobiscum
963 2367 1088 2412 lingua
1114 2374 1152 2401 et
1177 2368 1325 2402 vivendi
1351 2370 1495 2403 ratione
1520 2375 1635 2403 utun—

176 2416 258 2451 tur,
283 2412 348 2445 sed
361 2416 469 2446 etiam
486 2419 571 2446 sunt
583 2415 699 2447 nostri
715 2415 998 2459 consanguinei,
1023 2416 1188 2460 quamvis
1203 2417 1286 2450 aliis
1300 2415 1457 2453 ducibus
1470 2422 1633 2461 pareant.

176 2457 425 2493 Nihilominus
453 2459 701 2505 (Iustinianus
726 2461 824 2494 enim
848 2467 925 2502 est,
961 2460 1025 2507 qui
1049 2460 1120 2495 hoc
1145 2459 1250 2496 nobis
1287 2462 1472 2507 imperet‚)
1507 2474 1634 2498 omnes

178 2504 451 2549 Gotrigurorum
477 2518 590 2553 equos
625 2509 700 2541 illis
741 2507 904 2541 ademtos
935 2514 1078 2542 nostros
1116 2508 1315 2552 faciemus,
1359 2521 1406 2543 ne
1443 2510 1633 2553 habeant,

179 2562 252 2597 quo
277 2554 372 2586 vecti
398 2560 436 2588 et
457 2554 660 2588 insidentes
685 2554 852 2588 Romanis
884 2555 1043 2599 amplius
1069 2561 1238 2590 noceant.

273 2610 305 2632 α.
353 2600 537 2644 Ammigus
563 2603 720 2635 Francus
745 2606 859 2634 castra
880 2602 1013 2635 locavit
1039 2614 1084 2636 ex
1108 2602 1257 2637 adverso
1281 2603 1441 2637 fluminis
1466 2603 1632 2644 Athesis,

180 2644 282 2690 quod
307 2647 458 2681 Romani
483 2650 636 2681 transire
664 2650 940 2682 constituerant.
995 2647 1074 2682 Hoc
1106 2652 1251 2696 cognito
1277 2650 1407 2684 Narses
1432 2650 1632 2694 Pamphro-

179 2691 302 2732 nium,
327 2694 390 2738 qui
413 2705 506 2727 unus
533 2706 578 2727 ex
602 2696 767 2729 Patriciis
793 2700 888 2735 erat,
923 2699 960 2728 el:
982 2697 1145 2740 Bonum,
1179 2697 1348 2730 comitem
1382 2698 1435 2731 rei
1469 2697 1632 2740 privatae

180 2738 412 2784 lmperatotis
460 2741 598 2787 legatos
646 2742 693 2776 ad
734 2742 936 2788 Ammigum
982 2744 1108 2780 mittit.
1177 2745 1246 2780 Pet
1295 2742 1362 2778 hos
1399 2742 1634 2779 denuntiavit
