1924 3164
326 145 442 214 410
921 157 1201 202 EXCERPTA

139 269 317 318 A.(3.579
330 263 657 323 Περσαρμενίας
679 276 731 306 τε
763 261 898 317 πάσης
925 262 1194 318 ἀφίστασθαι
1234 261 1309 304 καὶ
1340 260 1535 319 Ἰβηρίας
1553 295 1568 318 ,
1610 263 1664 306 οὔ
1691 261 1777 319 μὴν

154 318 263 400 Τξζὲ·
280 331 412 374 12τῶν
437 329 701 385 βουλομένων
739 328 842 382 ἡμῖν
877 326 1106 371 ὖπακούειν
1145 327 1331 384 Περσῶν
1359 327 1581 384 Ἀρμενίας
1622 344 1669 372 τε
1706 327 1783 371 καὶ

253 377 316 447 Γίῗ
326 394 517 453 Ἰβήρων.
554 393 794 447 ἆναδίδωμι
820 393 868 436 δὲ
898 393 974 436 καί
997 391 1045 436 τὸ
1069 393 1303 451 Ἀφουμῶν
1339 393 1568 452 φρούριον,
1604 394 1679 437 καὶ
1702 395 1780 450 τῆς

316 463 577 519 Ἀρζανηνῆς
603 461 706 514 ὑμῖν
737 457 1065 517 παραχωρήσω,
1093 458 1141 502 τὸ
1171 457 1323 515 Δάρας
1345 458 1475 514 μόνον
1503 456 1601 504 οἷντί
1626 457 1778 504 τοσού-

319 545 402 572 των
416 525 772 581 ἀνακομιζόμενος
787 524 895 582 πρὸς
908 525 1072 579 ὑμῶν.”
1091 527 1229 568 ταῦτα
1248 527 1440 581 Τιβέριος
1455 526 1478 568 ὅ
1492 524 1791 586 αὕτοκράτωρό
1825 521 1835 528 “

319 589 495 651 Χοσρόῃ
525 589 739 648 σημήνας,
768 592 899 649 ἐφῆκε
926 591 1129 651 Ζαχαρία
1155 607 1199 635 τε
1228 593 1304 635 καί
1342 590 1549 651 Θεοδώρῳ
1589 594 1665 635 καί
1700 607 1778 646 με·-

306 660 471 716 »γίστων
497 660 717 714 πρέσβεων
741 656 858 713 ἔχειν
889 656 1017 713 ἰσχὺν
1043 657 1118 700 καὶ
1153 657 1228 714 τήν
1257 655 1426 715 εἰρήνην
1455 656 1513 708 ὥς
1553 652 1608 701 ἂν
1649 654 1777 702 οἷοίτε

318 724 481 768 ἔσοιντο
511 724 762 767 διατιθέναι.
787 722 897 782 μετὰ
926 725 1060 767 ταῦτα
1087 724 1161 780 τῆς
1189 722 1433 780 ὁδοιπορίας
1465 722 1529 766 ἔτι·
1565 725 1776 779 σχομένω,

317 791 519 835 σταλέντε
543 786 671 847 ἄνδρε
703 787 817 834 οὕτω
844 788 1087 848 παρασχὸν,
1118 788 1194 832 καὶ
1217 788 1415 848 Χοσρόης
1435 789 1458 832 ὅ
1488 793 1674 848 Περσῶν
1696 793 1792 845 βα-ι,

317 855 462 907 σιλεύς
487 857 768 912 καταπλαγείς
795 863 884 907 τοῖς
921 856 1203 913 ξυμβεβηκόσι
1219 889 1233 910 ,
1278 854 1536 913 προφθάσας
1572 857 1829 910 ἑκπέμπειιο

282 922 381 973 Οῶς
408 921 484 966 τὸν
518 922 751 978 (Ρωμαίων
788 920 1084 980 αὐτοκράτορα
1122 922 1406 980 πρεσβευτὴν,
1435 924 1510 965 καί
1535 922 1774 979 α’φικνεῖται

313 991 521 1044 χειμῶνος
549 989 789 1045 ἀρχομένου
815 985 897 1046 ἤδη
945 986 991 1041 ὂς
1028 990 1101 1032 ἐπὶ
1140 991 1194 1047 τῇ
1230 987 1431 1047 πρεσβείᾳ
1475 985 1773 1044 ἐχειροτονήθη

313 1057 493 1112 Πέρσης
520 1054 627 1112 ἀνὴρ
651 1088 664 1110 ,
695 1051 883 1110 τοῦνομα
915 1053 1199 1112 Φερογδάθης
1220 1087 1232 1110 ,
1264 1057 1346 1110 οὔχ
1382 1049 1505 1110 ἦττον
1540 1052 1615 1096 καί
1640 1051 1774 1102 αὐτὸς

186 1128 307 1178 V.113
319 1119 750 1179 φιλανθρωποτάτους
778 1122 823 1165 ἐν
851 1123 1052 1179 ἐπιστολῇ
1080 1123 1338 1176 διακομίζων
1364 1118 1514 1176 λόγους
1550 1118 1657 1178 πρὸς
1693 1121 1772 1162 τοῦ

311 1190 500 1245 Περσῶν
526 1189 765 1243 βασιλέως,
808 1190 855 1233 ἐν
880 1183 909 1247 ᾖ
935 1185 1165 1245 ἐγέγραπτο
1193 1182 1296 1230 αἵδε·
1325 1188 1396 1242 „⁸2
1417 1189 1498 1242 μὲν
1524 1187 1572 1229 τὸ
1607 1185 1824 1231 δίκαιονιό

310 1255 487 1310 ποιῆσαι
517 1255 797 1310 βουληθείης,
837 1249 873 1297 ὦ
895 1253 1117 1310 Ῥωμαίων
1154 1256 1359 1309 βασιλεῦ’,
1398 1253 1536 1304 καλῶς
1575 1248 1629 1295 ἂν
1659 1249 1771 1308 πρά-

309 1323 398 1371 ξοις
421 1321 523 1369 τούς
552 1336 599 1362 τε
626 1318 704 1377 τήν
732 1319 997 1364 α’ποστασίαν
1026 1323 1100 1376 τῆς
1137 1321 1473 1378 Περσαρμενίας
1509 1319 1769 1374 βουλεύσαν-

307 1401 386 1436 τας
415 1384 647 1441 γενεάρχας
672 1385 864 1436 ἐκδιδούς
888 1387 990 1442 ἡμῖν
1018 1384 1247 1443 ὑφέξοντας
1288 1385 1460 1439 ποινὰς,
1487 1387 1535 1428 ἐν
1564 1390 1651 1435 τοῖς
1678 1383 1768 1439 ὅρι’-ι

306 1467 373 1502 οις
394 1468 440 1495 τε
469 1454 544 1508 τῆς
571 1454 758 1508 Περσῶν
783 1468 828 1496 τε
855 1454 932 1495 καί
960 1453 1191 1506 (Ρωμαίων
1227 1447 1660 1508 ἆναρτηθησομένους·
1701 1452 1767 1491 δι-

307 1515 409 1568 δούς
438 1519 486 1561 δὲ
514 1519 589 1560 καί
612 1517 686 1575 τὴν
714 1520 915 1562 ἐντεῦθεν
954 1521 1181 1574 συμβᾶσαν
1210 1520 1365 1575 ζημίαν
1394 1519 1605 1574 Πέρσαις.
1649 1517 1692 1559 εἰ
1717 1517 1825 1565 δερο-

268 1581 419 1640 Βπρὸς
443 1585 582 1627 ταῦτα
608 1585 806 1635 ἐναντίως
832 1583 945 1640 ἔχεις
962 1617 975 1640 ,
1015 1587 1174 1640 πρᾶξαι
1199 1583 1245 1627 τὸ
1288 1585 1428 1641 φίλοις
1459 1585 1634 1640 πρέπον·
1663 1585 1765 1626 τοῦ-

305 1665 352 1693 το
382 1651 431 1694 δέ
456 1651 548 1694 ἐστι
575 1652 830 1708 ξυνδραμεῖν
867 1654 914 1695 ἐν
953 1657 1040 1702 τοῖς
1076 1650 1207 1709 ὁρίοις
1247 1646 1376 1700 αὖθις
1416 1648 1518 1700 τούς
1560 1645 1764 1706 ἑκατέρας

400 1727 679 1810 ᾼυῗΑρζῗνικῆς
699 1730 795 1777 vulg.
888 1743 923 1778 9.
947 1732 1146 1780 παρέσχην
1171 1741 1239 1776 mg.
1261 1730 1318 1765 ed.
1341 1731 1420 1769 Par.
1534 1740 1586 1765 ιι.
1612 1720 1684 1766 τόν
1709 1730 1766 1772 B..

398 1789 477 1814 των
502 1788 548 1813 vu
566 1789 598 1824 g.

306 1862 406 1894 ratus
429 1869 523 1900 sum,
547 1869 691 1893 omnem
714 1858 998 1894 Persarmeniam
1026 1862 1064 1894 et
1087 1858 1245 1893 Iberiam
1277 1858 1383 1893 vobis
1414 1857 1631 1898 concedere,
1654 1867 1763 1901 prae-

304 1911 364 1940 ter
388 1917 450 1940 eos
475 1905 740 1940 Persarmenios
765 1908 840 1940 sive
865 1906 1004 1948 Iberos,
1028 1906 1093 1953 qui
1117 1907 1225 1940 nobis
1254 1917 1382 1952 parere
1408 1905 1549 1939 malint.
1584 1904 1763 1945 ¹Restituo

305 1958 346 1987 et
367 1953 538 1987 Afumum
563 1953 765 1995 castellum,
798 1957 836 1987 et
846 1954 1067 1988 Arzanenem
1091 1952 1194 1988 vobis
1222 1953 1324 1995 cedo,
1349 1952 1459 1986 modo
1484 1950 1659 1998 oppidum
1681 1952 1760 1985 Da-

305 2011 362 2035 ras
386 2012 452 2045 pro
476 1999 534 2033 his
558 1998 729 2034 omnibus
755 2011 775 2032 a
798 1999 903 2035 vobis
929 2000 1150 2035 obtineam.”
1214 2001 1314 2034 Haec
1341 2000 1512 2033 Tiberius
1537 2000 1759 2043 Imperator,

304 2058 372 2093 per
397 2046 602 2080 Zachariam
629 2052 666 2080 et
692 2046 949 2089 Theodorum,
975 2047 1111 2095 quibus
1141 2048 1382 2082 maximorum
1414 2047 1615 2090 legatorum
1649 2050 1759 2089 pote-

304 2098 435 2127 statem
470 2093 574 2128 dedit
599 2118 609 2135 ,
650 2092 806 2128 Chosroi
836 2095 971 2129 litteris
1010 2094 1237 2140 significavit.
1295 2095 1359 2128 His
1395 2093 1505 2126 etiam
1537 2102 1661 2137 pacem
1689 2103 1760 2136 pro
1812 2120 1815 2122 μ

306 2140 484 2182 arbitrio,
519 2146 560 2174 ut
583 2151 638 2174 res
664 2140 822 2182 ferrent,
860 2141 978 2176 facere
1002 2142 1178 2185 permisit.
1226 2142 1273 2176 Et
1295 2141 1352 2174 illi
1388 2139 1548 2185 quidem,
1580 2138 1666 2171 dum
1691 2138 1759 2171 ad-

300 2185 376 2221 huc
401 2188 471 2220 iter
497 2186 706 2228 faciebant,
730 2187 886 2231 accidit,
911 2194 954 2222 ut
976 2189 1156 2222 chosroes
1181 2199 1351 2236 quoque,
1379 2187 1561 2220 Persarum
1585 2196 1648 2218 rex
1669 2210 1678 2226 ‚
1698 2186 1758 2227 iis,

303 2244 397 2279 quae
427 2234 484 2266 illi
509 2239 636 2268 contra
660 2235 880 2269 sententiam
904 2241 1119 2278 evenerant,
1143 2236 1352 2281 perculsus,
1379 2244 1543 2279 propere·
1559 2231 1605 2265 ad
1630 2233 1760 2266 Roma-

299 2290 432 2314 norum
457 2282 715 2326 Imperatorem
740 2282 898 2326 legatum
922 2284 1110 2324 mitteret,
1144 2284 1209 2329 qui
1235 2282 1308 2315 iam
1340 2280 1461 2315 hicme
1490 2281 1644 2313 ineunte
1671 2290 1758 2324 pro-

301 2327 419 2362 fectus
445 2333 531 2361 erat.
579 2329 614 2361 Is
639 2329 797 2363 erat‘vir
820 2331 939 2370 Persa,
965 2330 1030 2376 qui
1054 2328 1100 2362 ad
1123 2329 1219 2363 hanc
1240 2330 1460 2373 legationem
1484 2327 1556 2360 fuit
1580 2325 1759 2367 delectus,

300 2374 450 2408 nomine
485 2374 747 2420 Pherogdates,
778 2379 817 2410 et
846 2388 868 2410 a
905 2377 1091 2411 Persarum
1128 2387 1221 2421 rege
1245 2376 1293 2408 ad
1324 2377 1579 2419 Imperatorem
1613 2373 1756 2406 litteras

306 2432 383 2455 non
415 2421 536 2454 minus
569 2420 746 2456 humanas
780 2427 818 2456 et
853 2424 1035 2458 officiosas
1069 2424 1214 2458 detulit.
1269 2423 1343 2456 Hae
1380 2422 1432 2454 sic
1467 2431 1504 2453 se
1537 2419 1755 2454 habebant:

305 2468 525 2513 „Siquidem
549 2479 625 2502 rem
654 2470 789 2504 iustam
814 2470 933 2505 facere
956 2471 1094 2512 velles,
1129 2470 1326 2516 imperator
1358 2468 1621 2507 Romanorum,
1658 2473 1757 2502 recte

305 2514 455 2560 quidem
481 2519 518 2548 te
543 2526 682 2559 gereres
700 2542 711 2558 ,
747 2517 778 2550 si
803 2517 1071 2552 Persarmenios
1104 2515 1320 2562 genearchas
1346 2513 1563 2548 defectionis
1590 2520 1758 2548 auctores

303 2561 413 2595 nobis
435 2561 612 2604 traderes,
635 2568 678 2597 ut
703 2564 851 2598 meritas
870 2575 1004 2609 poenas
1028 2563 1120 2598 mihi
1147 2563 1285 2603 darent,
1309 2561 1399 2595 etin
1415 2560 1548 2594 finibus
1568 2561 1757 2594 Persarum

304 2614 343 2650 et
362 2609 603 2642 Romanorum
626 2610 956 2655 suspenderentur3
982 2616 1020 2644 et
1046 2611 1078 2644 si
1103 2606 1235 2645 damna
1258 2608 1371 2643 Persis
1396 2607 1499 2640 illata
1525 2607 1756 2652 rependeres.

305 2656 344 2690 si
370 2654 439 2689 ista
462 2656 795 2702 improbas‚amicis
822 2658 942 2691 officia
969 2657 1094 2691 debita
1120 2669 1168 2691 ne
1193 2656 1355 2699 deneges.
1377 2654 1454 2686 Hoc
1479 2653 1621 2694 feceris,
1640 2655 1671 2688 si
1690 2653 1756 2688 de-

307 2701 403 2736 deris
429 2714 587 2749 operam,
598 2707 639 2736 ut
662 2703 854 2748 utriusque
869 2705 919 2738 rei
934 2705 1103 2751 publicae
1128 2703 1293 2750 primarii
1317 2702 1385 2735 viri
1403 2701 1440 2733 in
1473 2701 1643 2735 confiniis
1668 2711 1755 2734 cou-

305 2751 456 2785 veniant
480 2755 518 2784 et
539 2761 689 2797 pacem,
713 2751 744 2786 si
770 2751 847 2786 fieri
872 2752 1008 2797 possit,
1033 2752 1130 2787 inter
1153 2757 1342 2797 utramque
1367 2752 1510 2795 gentem
1533 2752 1695 2783 statuant
1717 2752 1756 2781 et
