<?xml version="1.0" encoding="UTF-8"?>
<!DOCTYPE html PUBLIC "-//W3C//DTD XHTML 1.0 Transitional//EN"
    "http://www.w3.org/TR/xhtml1/DTD/xhtml1-transitional.dtd">
<html xmlns="http://www.w3.org/1999/xhtml" xml:lang="en" lang="en">
 <head>
  <title>
</title>
<meta http-equiv="Content-Type" content="text/html;charset=utf-8" />
  <meta name='ocr-system' content='tesseract 3.04.00' />
  <meta name='ocr-capabilities' content='ocr_page ocr_carea ocr_par ocr_line ocrx_word'/>
</head>
<body>
  <div class='ocr_page' id='page_1' title='image "./corpusscriptorum10niebuoft/corpusscriptorum10niebuoft_0389.png"; bbox 0 0 1924 3164; ppageno 0'>
   <div class='ocr_carea' id='block_1_1' title="bbox 557 165 1610 235">
    <p class='ocr_par' dir='ltr' id='par_1_1' title="bbox 557 165 1610 235">
     <span class='ocr_line' id='line_1_1' title="bbox 557 165 1610 235; baseline -0.003 -10"><span class='ocrx_word' id='word_1_1' title='bbox 557 185 591 225; x_wconf 79' lang='lat' dir='ltr'>E</span> <span class='ocrx_word' id='word_1_2' title='bbox 628 183 913 226; x_wconf 74' lang='lat' dir='ltr'><strong>MENANDRI</strong></span> <span class='ocrx_word' id='word_1_3' title='bbox 948 182 1220 227; x_wconf 69' lang='lat' dir='ltr'><strong>ms&#39;romA.</strong></span> <span class='ocrx_word' id='word_1_4' title='bbox 1315 233 1317 235; x_wconf 49' lang='grc'><em>,</em></span> <span class='ocrx_word' id='word_1_5' title='bbox 1496 165 1610 230; x_wconf 79' lang='lat'><em>335</em></span> 
     </span>
    </p>
   </div>
   <div class='ocr_carea' id='block_1_2' title="bbox 114 283 1799 1732">
    <p class='ocr_par' dir='ltr' id='par_1_2' title="bbox 114 283 1799 1732">
     <span class='ocr_line' id='line_1_2' title="bbox 163 283 1799 344; baseline 0 -14"><span class='ocrx_word' id='word_1_6' title='bbox 163 289 262 344; x_wconf 69' lang='grc' dir='ltr'><em>περὶ</em></span> <span class='ocrx_word' id='word_1_7' title='bbox 296 288 373 342; x_wconf 81' lang='grc' dir='ltr'><em>τῆς</em></span> <span class='ocrx_word' id='word_1_8' title='bbox 410 284 577 342; x_wconf 78' lang='grc' dir='ltr'><strong><em>εἰρήνης</em></strong></span> <span class='ocrx_word' id='word_1_9' title='bbox 618 287 792 341; x_wconf 77' lang='grc' dir='ltr'><strong><em>ἐμμένοι</em></strong></span> <span class='ocrx_word' id='word_1_10' title='bbox 838 285 1094 342; x_wconf 73' lang='grc' dir='ltr'><strong><em>συνθήκαις,</em></strong></span> <span class='ocrx_word' id='word_1_11' title='bbox 1135 285 1249 329; x_wconf 77' lang='grc' dir='ltr'><em>κατὰ·</em></span> <span class='ocrx_word' id='word_1_12' title='bbox 1277 287 1324 328; x_wconf 82' lang='grc' dir='ltr'><em>δὲ</em></span> <span class='ocrx_word' id='word_1_13' title='bbox 1352 287 1436 329; x_wconf 76' lang='grc' dir='ltr'><em>τῶν</em></span> <span class='ocrx_word' id='word_1_14' title='bbox 1462 283 1799 344; x_wconf 69' lang='grc' dir='ltr'><em>ἓαυτοῦΔ.Ο.5·,-9</em></span> 
     </span>
     <span class='ocr_line' id='line_1_3' title="bbox 163 345 1767 427; baseline 0 -32"><span class='ocrx_word' id='word_1_15' title='bbox 163 370 207 396; x_wconf 81' lang='grc' dir='ltr'><em>τε</em></span> <span class='ocrx_word' id='word_1_16' title='bbox 234 352 308 395; x_wconf 75' lang='grc' dir='ltr'><em>καὶ</em></span> <span class='ocrx_word' id='word_1_17' title='bbox 325 353 555 406; x_wconf 67' lang='grc' dir='ltr'><em>ζΡωμαίων</em></span> <span class='ocrx_word' id='word_1_18' title='bbox 591 353 799 406; x_wconf 85' lang='grc' dir='ltr'><em>πολεμίων</em></span> <span class='ocrx_word' id='word_1_19' title='bbox 826 354 1079 408; x_wconf 78' lang='grc' dir='ltr'><em>Σκλαβηνῶν</em></span> <span class='ocrx_word' id='word_1_20' title='bbox 1101 354 1257 409; x_wconf 75' lang='grc' dir='ltr'><em>χωρῶν</em></span> <span class='ocrx_word' id='word_1_21' title='bbox 1295 352 1372 393; x_wconf 75' lang='grc' dir='ltr'><em>οὔκ</em></span> <span class='ocrx_word' id='word_1_22' title='bbox 1411 353 1614 409; x_wconf 69' lang='grc' dir='ltr'><em>ἀφέξεται</em></span> <span class='ocrx_word' id='word_1_23' title='bbox 1624 345 1707 427; x_wconf 53' lang='lat' dir='ltr'><em>{Hg-</em></span> <span class='ocrx_word' id='word_1_24' title='bbox 1729 357 1767 379; x_wconf 79' lang='lat'><em>&#39;²</em></span> 
     </span>
     <span class='ocr_line' id='line_1_4' title="bbox 163 403 1780 475; baseline -0.001 -13"><span class='ocrx_word' id='word_1_25' title='bbox 163 421 243 462; x_wconf 75' lang='grc' dir='ltr'><em>τοῦ</em></span> <span class='ocrx_word' id='word_1_26' title='bbox 281 416 404 474; x_wconf 78' lang='grc' dir='ltr'><em>ἔργου</em></span> <span class='ocrx_word' id='word_1_27' title='bbox 444 419 520 474; x_wconf 81' lang='grc' dir='ltr'><em>τῆς</em></span> <span class='ocrx_word' id='word_1_28' title='bbox 547 416 855 475; x_wconf 79' lang='grc' dir='ltr'><em>γεφυρώσεως·</em></span> <span class='ocrx_word' id='word_1_29' title='bbox 893 420 935 461; x_wconf 82' lang='grc' dir='ltr'><em>εἰ</em></span> <span class='ocrx_word' id='word_1_30' title='bbox 975 420 1022 462; x_wconf 69' lang='grc' dir='ltr'><em>δέ</em></span> <span class='ocrx_word' id='word_1_31' title='bbox 1059 435 1123 469; x_wconf 88' lang='grc' dir='ltr'><em>τις</em></span> <span class='ocrx_word' id='word_1_32' title='bbox 1150 415 1364 475; x_wconf 73' lang='grc' dir='ltr'><em>θαρ’ᾆήσοι</em></span> <span class='ocrx_word' id='word_1_33' title='bbox 1387 418 1616 472; x_wconf 66' lang='grc' dir='ltr'><em>ζ,Ρωμαίων</em></span> <span class='ocrx_word' id='word_1_34' title='bbox 1628 404 1670 473; x_wconf 73' lang='grc' dir='ltr'><em>Βι</em></span> <span class='ocrx_word' id='word_1_35' title='bbox 1699 403 1780 426; x_wconf 58' lang='lat'><em>⁶¹⁰²</em></span> 
     </span>
     <span class='ocr_line' id='line_1_5' title="bbox 165 482 1618 541; baseline 0 -15"><span class='ocrx_word' id='word_1_36' title='bbox 165 487 212 527; x_wconf 72' lang='grc' dir='ltr'><em>ἓν</em></span> <span class='ocrx_word' id='word_1_37' title='bbox 237 487 340 539; x_wconf 80' lang='grc' dir='ltr'><em>γοῦν</em></span> <span class='ocrx_word' id='word_1_38' title='bbox 368 484 539 541; x_wconf 85' lang='grc' dir='ltr'><em>α’φεῖναι</em></span> <span class='ocrx_word' id='word_1_39' title='bbox 566 486 688 538; x_wconf 81' lang='grc' dir='ltr'><strong><em>βέλος</em></strong></span> <span class='ocrx_word' id='word_1_40' title='bbox 713 483 819 526; x_wconf 71' lang='grc' dir='ltr'><em>κατὰ</em></span> <span class='ocrx_word' id='word_1_41' title='bbox 848 486 933 527; x_wconf 79' lang='grc' dir='ltr'><em>τῶν</em></span> <span class='ocrx_word' id='word_1_42' title='bbox 953 484 1279 541; x_wconf 74' lang='grc' dir='ltr'><em>ἐπιχειρούντων</em></span> <span class='ocrx_word' id='word_1_43' title='bbox 1305 483 1507 539; x_wconf 77' lang='grc' dir='ltr'><em>πηγνύναι</em></span> <span class='ocrx_word' id='word_1_44' title='bbox 1539 482 1618 539; x_wconf 74' lang='grc' dir='ltr'><em>τήν</em></span> 
     </span>
     <span class='ocr_line' id='line_1_6' title="bbox 141 548 1627 607; baseline -0.001 -14"><span class='ocrx_word' id='word_1_45' title='bbox 141 552 390 607; x_wconf 81' lang='grc' dir='ltr'><em>5γέφυραν,</em></span> <span class='ocrx_word' id='word_1_46' title='bbox 427 548 646 605; x_wconf 78' lang='grc' dir='ltr'><em>γινώσκειν</em></span> <span class='ocrx_word' id='word_1_47' title='bbox 683 549 854 603; x_wconf 77' lang='grc' dir='ltr'><em>αύτούς,</em></span> <span class='ocrx_word' id='word_1_48' title='bbox 894 550 952 599; x_wconf 69' lang='grc' dir='ltr'><em>οἷς</em></span> <span class='ocrx_word' id='word_1_49' title='bbox 998 552 1124 592; x_wconf 78' lang='grc' dir='ltr'><em>αυ’τοι“</em></span> <span class='ocrx_word' id='word_1_50' title='bbox 1155 552 1229 606; x_wconf 81' lang='grc' dir='ltr'><em>τῆς</em></span> <span class='ocrx_word' id='word_1_51' title='bbox 1263 550 1400 599; x_wconf 81' lang='grc' dir='ltr'><strong><em>αἰτίας</em></strong></span> <span class='ocrx_word' id='word_1_52' title='bbox 1426 552 1503 606; x_wconf 83' lang='grc' dir='ltr'><em>τῆς</em></span> <span class='ocrx_word' id='word_1_53' title='bbox 1538 552 1627 592; x_wconf 74' lang='grc' dir='ltr'><em>τῶν</em></span> 
     </span>
     <span class='ocr_line' id='line_1_7' title="bbox 166 610 1627 671; baseline -0.001 -13"><span class='ocrx_word' id='word_1_54' title='bbox 166 619 359 659; x_wconf 74' lang='grc' dir='ltr'><em>σπονδῶν</em></span> <span class='ocrx_word' id='word_1_55' title='bbox 389 610 568 671; x_wconf 76' lang='grc' dir='ltr'><em>ἤρξαντο</em></span> <span class='ocrx_word' id='word_1_56' title='bbox 598 613 866 664; x_wconf 82' lang='grc' dir='ltr'><em>καταλύσεως</em></span> <span class='ocrx_word' id='word_1_57' title='bbox 885 650 899 669; x_wconf 86' lang='grc'><em>,</em></span> <span class='ocrx_word' id='word_1_58' title='bbox 925 614 1000 658; x_wconf 81' lang='grc' dir='ltr'><em>καὶ</em></span> <span class='ocrx_word' id='word_1_59' title='bbox 1025 614 1072 658; x_wconf 85' lang='grc' dir='ltr'><em>τὸ</em></span> <span class='ocrx_word' id='word_1_60' title='bbox 1101 617 1325 669; x_wconf 80' lang='grc' dir='ltr'><em>ἐντεῦθεν,</em></span> <span class='ocrx_word' id='word_1_61' title='bbox 1353 613 1428 657; x_wconf 78' lang='grc' dir='ltr'><em>ἅτε</em></span> <span class='ocrx_word' id='word_1_62' title='bbox 1455 617 1627 657; x_wconf 76' lang='grc' dir='ltr'><em>ἐκπολε-</em></span> 
     </span>
     <span class='ocr_line' id='line_1_8' title="bbox 136 677 1628 739; baseline -0.001 -14"><span class='ocrx_word' id='word_1_63' title='bbox 136 712 138 715; x_wconf 84' lang='lat'><em>.</em></span> <span class='ocrx_word' id='word_1_64' title='bbox 166 681 392 736; x_wconf 79' lang='grc' dir='ltr'><em>μώσαντας</em></span> <span class='ocrx_word' id='word_1_65' title='bbox 420 677 577 731; x_wconf 76' lang='grc' dir='ltr'><em>αὖτοὺς</em></span> <span class='ocrx_word' id='word_1_66' title='bbox 605 680 652 723; x_wconf 80' lang='grc' dir='ltr'><em>τὰ</em></span> <span class='ocrx_word' id='word_1_67' title='bbox 684 680 875 737; x_wconf 82' lang='grc' dir='ltr'><em>Ἀβάρων</em></span> <span class='ocrx_word' id='word_1_68' title='bbox 902 679 1038 734; x_wconf 79' lang='grc' dir='ltr'><em>ἔθνος,</em></span> <span class='ocrx_word' id='word_1_69' title='bbox 1067 681 1128 737; x_wconf 79' lang='grc' dir='ltr'><em>μή</em></span> <span class='ocrx_word' id='word_1_70' title='bbox 1158 683 1421 739; x_wconf 77' lang='grc' dir='ltr'><em>μέμφεσθαι,</em></span> <span class='ocrx_word' id='word_1_71' title='bbox 1451 677 1534 735; x_wconf 79' lang='grc' dir='ltr'><em>ὅ,τι</em></span> <span class='ocrx_word' id='word_1_72' title='bbox 1573 681 1628 723; x_wconf 74' lang='grc' dir='ltr'><em>ἂν</em></span> 
     </span>
     <span class='ocr_line' id='line_1_9' title="bbox 165 744 1631 805; baseline -0.001 -15"><span class='ocrx_word' id='word_1_73' title='bbox 165 751 266 804; x_wconf 89' lang='grc' dir='ltr'><em>παρ’</em></span> <span class='ocrx_word' id='word_1_74' title='bbox 296 749 434 791; x_wconf 74' lang='grc' dir='ltr'><em>αὐτῶν</em></span> <span class='ocrx_word' id='word_1_75' title='bbox 466 747 493 803; x_wconf 81' lang='grc' dir='ltr'><em>ἦ</em></span> <span class='ocrx_word' id='word_1_76' title='bbox 528 746 761 800; x_wconf 66' lang='grc' dir='ltr'><em>εΡωμαίων</em></span> <span class='ocrx_word' id='word_1_77' title='bbox 798 744 1000 803; x_wconf 72' lang='grc' dir='ltr'><em>ἡγεμονία</em></span> <span class='ocrx_word' id='word_1_78' title='bbox 1034 747 1170 805; x_wconf 82' lang='grc' dir='ltr'><em>πάθῃ.</em></span> <span class='ocrx_word' id='word_1_79' title='bbox 1236 750 1372 790; x_wconf 78' lang='grc' dir='ltr'><em>ταῦτα</em></span> <span class='ocrx_word' id='word_1_80' title='bbox 1415 748 1631 797; x_wconf 79' lang='grc' dir='ltr'><em>δείσαντες</em></span> 
     </span>
     <span class='ocr_line' id='line_1_10' title="bbox 167 809 1628 870; baseline -0.001 -12"><span class='ocrx_word' id='word_1_81' title='bbox 167 814 208 858; x_wconf 80' lang='grc' dir='ltr'><em>οἱ</em></span> <span class='ocrx_word' id='word_1_82' title='bbox 249 813 294 857; x_wconf 79' lang='grc' dir='ltr'><em>ἐν</em></span> <span class='ocrx_word' id='word_1_83' title='bbox 329 813 550 870; x_wconf 79' lang='grc' dir='ltr'><em>Σιγγηδόνι</em></span> <span class='ocrx_word' id='word_1_84' title='bbox 573 811 675 863; x_wconf 75' lang='grc' dir='ltr'><em>τούς</em></span> <span class='ocrx_word' id='word_1_85' title='bbox 712 809 865 869; x_wconf 72' lang='grc' dir='ltr'><em>ὅρκους</em></span> <span class='ocrx_word' id='word_1_86' title='bbox 898 815 1003 868; x_wconf 79' lang='grc' dir='ltr'><em>γοῦν</em></span> <span class='ocrx_word' id='word_1_87' title='bbox 1053 812 1185 856; x_wconf 67' lang='grc' dir='ltr'><em>αὐτὸν</em></span> <span class='ocrx_word' id='word_1_88' title='bbox 1223 811 1406 867; x_wconf 80' lang='grc' dir='ltr'><em>ὄμνύναι</em></span> <span class='ocrx_word' id='word_1_89' title='bbox 1445 828 1628 869; x_wconf 87' lang='grc' dir='ltr'><em>προεκα-</em></span> 
     </span>
     <span class='ocr_line' id='line_1_11' title="bbox 114 874 1628 936; baseline -0.003 -12"><span class='ocrx_word' id='word_1_90' title='bbox 114 882 329 933; x_wconf 59' lang='grc' dir='ltr'><em>ιολοῦντο.</em></span> <span class='ocrx_word' id='word_1_91' title='bbox 368 882 459 926; x_wconf 23' lang='grc' dir='ltr'><em>ξκαί</em></span> <span class='ocrx_word' id='word_1_92' title='bbox 494 877 541 929; x_wconf 79' lang='grc' dir='ltr'><em>ὃς</em></span> <span class='ocrx_word' id='word_1_93' title='bbox 576 880 816 936; x_wconf 80' lang='grc' dir='ltr'><em>παραυτίκα</em></span> <span class='ocrx_word' id='word_1_94' title='bbox 856 878 956 928; x_wconf 88' lang='grc' dir='ltr'><em>τούς</em></span> <span class='ocrx_word' id='word_1_95' title='bbox 993 895 1038 921; x_wconf 83' lang='grc' dir='ltr'><em>τε</em></span> <span class='ocrx_word' id='word_1_96' title='bbox 1079 879 1331 935; x_wconf 82' lang='grc' dir='ltr'><em>Ἀβαρικοὺς</em></span> <span class='ocrx_word' id='word_1_97' title='bbox 1359 874 1525 933; x_wconf 69' lang='grc' dir='ltr'><em>ὤμνυεν</em></span> <span class='ocrx_word' id='word_1_98' title='bbox 1554 875 1628 935; x_wconf 76' lang='grc' dir='ltr'><em>ὅρ-</em></span> 
     </span>
     <span class='ocr_line' id='line_1_12' title="bbox 165 941 1661 1004; baseline 0 -16"><span class='ocrx_word' id='word_1_99' title='bbox 165 962 288 1000; x_wconf 81' lang='grc' dir='ltr'><em>κους,</em></span> <span class='ocrx_word' id='word_1_100' title='bbox 325 949 446 1003; x_wconf 81' lang='grc' dir='ltr'><em>ξίφος</em></span> <span class='ocrx_word' id='word_1_101' title='bbox 488 944 759 999; x_wconf 79' lang='grc' dir='ltr'><em>σπασάμενος</em></span> <span class='ocrx_word' id='word_1_102' title='bbox 807 946 882 988; x_wconf 83' lang='grc' dir='ltr'>καί</span> <span class='ocrx_word' id='word_1_103' title='bbox 928 946 1246 1002; x_wconf 76' lang='grc' dir='ltr'><em>ἐπαρασάμενος</em></span> <span class='ocrx_word' id='word_1_104' title='bbox 1288 941 1428 1004; x_wconf 71' lang='grc' dir='ltr'><em>ἑαυτῷ</em></span> <span class='ocrx_word' id='word_1_105' title='bbox 1463 961 1510 988; x_wconf 89' lang='grc' dir='ltr'><em>τε</em></span> <span class='ocrx_word' id='word_1_106' title='bbox 1548 948 1661 989; x_wconf 69' lang='lat' dir='ltr'><em>‚calc</em></span> 
     </span>
     <span class='ocr_line' id='line_1_13' title="bbox 167 1008 1632 1070; baseline -0.001 -15"><span class='ocrx_word' id='word_1_107' title='bbox 167 1015 228 1070; x_wconf 74' lang='grc' dir='ltr'><em>τῷ</em></span> <span class='ocrx_word' id='word_1_108' title='bbox 259 1009 452 1066; x_wconf 77' lang='grc' dir='ltr'><em>Ἀβάρων</em></span> <span class='ocrx_word' id='word_1_109' title='bbox 480 1009 597 1054; x_wconf 77' lang='grc' dir='ltr'><em>ἔθνει</em></span> <span class='ocrx_word' id='word_1_110' title='bbox 623 1011 760 1064; x_wconf 79' lang='grc' dir='ltr'><em>παντί,</em></span> <span class='ocrx_word' id='word_1_111' title='bbox 802 1010 873 1063; x_wconf 73' lang='grc' dir='ltr'><em>αἷς,</em></span> <span class='ocrx_word' id='word_1_112' title='bbox 903 1012 944 1054; x_wconf 86' lang='grc' dir='ltr'><em>εἰ</em></span> <span class='ocrx_word' id='word_1_113' title='bbox 969 1010 1076 1053; x_wconf 79' lang='grc' dir='ltr'><em>κατὰ</em></span> <span class='ocrx_word' id='word_1_114' title='bbox 1105 1008 1337 1065; x_wconf 66' lang='grc' dir='ltr'><em>εΡωμαίων</em></span> <span class='ocrx_word' id='word_1_115' title='bbox 1362 1028 1402 1054; x_wconf 89' lang='grc' dir='ltr'><em>τι</em></span> <span class='ocrx_word' id='word_1_116' title='bbox 1429 1009 1632 1067; x_wconf 76' lang='grc' dir='ltr'><em>μηχανώ-</em></span> 
     </span>
     <span class='ocr_line' id='line_1_14' title="bbox 166 1074 1631 1135; baseline 0 -15"><span class='ocrx_word' id='word_1_117' title='bbox 166 1094 293 1133; x_wconf 87' lang='grc' dir='ltr'><em>μενος</em></span> <span class='ocrx_word' id='word_1_118' title='bbox 320 1080 538 1134; x_wconf 79' lang='grc' dir='ltr'><em>γεφυροῦν</em></span> <span class='ocrx_word' id='word_1_119' title='bbox 564 1076 812 1131; x_wconf 82' lang='grc' dir='ltr'><em>βουλεύοιτο</em></span> <span class='ocrx_word' id='word_1_120' title='bbox 840 1076 915 1119; x_wconf 84' lang='grc' dir='ltr'><em>τόν</em></span> <span class='ocrx_word' id='word_1_121' title='bbox 934 1078 1066 1130; x_wconf 78' lang='grc' dir='ltr'><em>Σάον,</em></span> <span class='ocrx_word' id='word_1_122' title='bbox 1095 1074 1179 1118; x_wconf 74' lang='grc' dir='ltr'><em>ὖπό</em></span> <span class='ocrx_word' id='word_1_123' title='bbox 1211 1076 1364 1135; x_wconf 82' lang='grc' dir='ltr'><em>ξίφους</em></span> <span class='ocrx_word' id='word_1_124' title='bbox 1391 1079 1472 1132; x_wconf 81' lang='grc' dir='ltr'><em>μὲν</em></span> <span class='ocrx_word' id='word_1_125' title='bbox 1500 1077 1631 1128; x_wconf 73' lang='grc' dir='ltr'><em>αύτός</em></span> 
     </span>
     <span class='ocr_line' id='line_1_15' title="bbox 167 1138 1632 1200; baseline -0.001 -13"><span class='ocrx_word' id='word_1_126' title='bbox 167 1161 212 1187; x_wconf 89' lang='grc' dir='ltr'><em>τε</em></span> <span class='ocrx_word' id='word_1_127' title='bbox 240 1143 313 1186; x_wconf 84' lang='grc' dir='ltr'>καί</span> <span class='ocrx_word' id='word_1_128' title='bbox 337 1142 384 1187; x_wconf 88' lang='grc' dir='ltr'><em>τὸ</em></span> <span class='ocrx_word' id='word_1_129' title='bbox 411 1141 607 1200; x_wconf 77' lang='grc' dir='ltr'><em>Ἀβὰρων</em></span> <span class='ocrx_word' id='word_1_130' title='bbox 637 1140 751 1185; x_wconf 75' lang='grc' dir='ltr'><em>ἅπαν</em></span> <span class='ocrx_word' id='word_1_131' title='bbox 778 1138 1020 1197; x_wconf 71' lang='grc' dir='ltr'><em>ἀναλωθείη</em></span> <span class='ocrx_word' id='word_1_132' title='bbox 1050 1145 1211 1200; x_wconf 79' lang='grc' dir='ltr'><em>φῦλον,</em></span> <span class='ocrx_word' id='word_1_133' title='bbox 1249 1142 1322 1186; x_wconf 85' lang='grc' dir='ltr'><em>τὸν</em></span> <span class='ocrx_word' id='word_1_134' title='bbox 1359 1145 1406 1187; x_wconf 78' lang='grc' dir='ltr'><em>δὲ</em></span> <span class='ocrx_word' id='word_1_135' title='bbox 1449 1141 1632 1199; x_wconf 77' lang='grc' dir='ltr'><em>ου’ρανόν</em></span> 
     </span>
     <span class='ocr_line' id='line_1_16' title="bbox 121 1205 1635 1266; baseline 0.001 -15"><span class='ocrx_word' id='word_1_136' title='bbox 121 1205 338 1254; x_wconf 74' lang='grc' dir='ltr'><em>ι5ἅνωθεν</em></span> <span class='ocrx_word' id='word_1_137' title='bbox 366 1209 510 1258; x_wconf 72' lang='grc' dir='ltr'><em>αὐτοῖς</em></span> <span class='ocrx_word' id='word_1_138' title='bbox 537 1207 610 1250; x_wconf 78' lang='grc' dir='ltr'><em>καί</em></span> <span class='ocrx_word' id='word_1_139' title='bbox 633 1206 703 1250; x_wconf 87' lang='grc' dir='ltr'><em>τὸν</em></span> <span class='ocrx_word' id='word_1_140' title='bbox 728 1209 800 1251; x_wconf 81' lang='grc' dir='ltr'><em>ἒπί</em></span> <span class='ocrx_word' id='word_1_141' title='bbox 822 1210 901 1251; x_wconf 78' lang='grc' dir='ltr'><em>τοῦ</em></span> <span class='ocrx_word' id='word_1_142' title='bbox 924 1209 1109 1264; x_wconf 78' lang='grc' dir='ltr'><em>οὐρανοῦ</em></span> <span class='ocrx_word' id='word_1_143' title='bbox 1133 1208 1239 1251; x_wconf 80' lang='grc' dir='ltr'><em>θεὸν</em></span> <span class='ocrx_word' id='word_1_144' title='bbox 1265 1211 1349 1265; x_wconf 78' lang='grc' dir='ltr'><em>πῦρ</em></span> <span class='ocrx_word' id='word_1_145' title='bbox 1379 1208 1635 1266; x_wconf 75' lang='grc' dir='ltr'><em>ἐπαφήσειν,</em></span> 
     </span>
     <span class='ocr_line' id='line_1_17' title="bbox 169 1269 1634 1331; baseline -0.001 -12"><span class='ocrx_word' id='word_1_146' title='bbox 169 1278 244 1319; x_wconf 83' lang='grc' dir='ltr'><em>καί</em></span> <span class='ocrx_word' id='word_1_147' title='bbox 266 1274 320 1318; x_wconf 80' lang='grc' dir='ltr'><em>τοὶ</em></span> <span class='ocrx_word' id='word_1_148' title='bbox 346 1277 466 1331; x_wconf 83' lang='grc' dir='ltr'><em>πέριξ</em></span> <span class='ocrx_word' id='word_1_149' title='bbox 495 1269 572 1330; x_wconf 77' lang='grc' dir='ltr'><em>ὅρη</em></span> <span class='ocrx_word' id='word_1_150' title='bbox 599 1275 675 1316; x_wconf 81' lang='grc' dir='ltr'>καί</span> <span class='ocrx_word' id='word_1_151' title='bbox 699 1272 779 1323; x_wconf 79' lang='grc' dir='ltr'><em>τὰς</em></span> <span class='ocrx_word' id='word_1_152' title='bbox 806 1271 912 1324; x_wconf 71' lang='grc' dir='ltr'><em>ὕλας</em></span> <span class='ocrx_word' id='word_1_153' title='bbox 937 1275 1083 1324; x_wconf 77' lang='grc' dir='ltr'><em>αὐτοῖς</em></span> <span class='ocrx_word' id='word_1_154' title='bbox 1111 1277 1405 1318; x_wconf 78' lang='grc' dir='ltr'><em>ἐπιπεσεῖσθαι</em></span> <span class='ocrx_word' id='word_1_155' title='bbox 1419 1309 1433 1329; x_wconf 84' lang='grc'><em>,</em></span> <span class='ocrx_word' id='word_1_156' title='bbox 1461 1277 1538 1317; x_wconf 81' lang='grc' dir='ltr'><em>καί</em></span> <span class='ocrx_word' id='word_1_157' title='bbox 1563 1274 1634 1317; x_wconf 85' lang='grc' dir='ltr'><em>τὸν</em></span> 
     </span>
     <span class='ocr_line' id='line_1_18' title="bbox 169 1336 1633 1395; baseline -0.003 -10"><span class='ocrx_word' id='word_1_158' title='bbox 169 1342 285 1385; x_wconf 74' lang='grc' dir='ltr'><em>Σάον</em></span> <span class='ocrx_word' id='word_1_159' title='bbox 313 1339 501 1394; x_wconf 81' lang='grc' dir='ltr'><em>ποταμὸν</em></span> <span class='ocrx_word' id='word_1_160' title='bbox 542 1337 866 1395; x_wconf 74' lang='grc' dir='ltr'><em>ὑπερβλύσαντα</em></span> <span class='ocrx_word' id='word_1_161' title='bbox 903 1339 1194 1395; x_wconf 81' lang='grc' dir='ltr'><em>συγκαλύψειν</em></span> <span class='ocrx_word' id='word_1_162' title='bbox 1226 1336 1395 1390; x_wconf 77' lang='grc' dir='ltr'><em>αύτούς.</em></span> <span class='ocrx_word' id='word_1_163' title='bbox 1449 1341 1633 1383; x_wconf 76' lang='grc' dir='ltr'><em>τοιαῦτα</em></span> 
     </span>
     <span class='ocr_line' id='line_1_19' title="bbox 163 1403 1634 1464; baseline -0.002 -14"><span class='ocrx_word' id='word_1_164' title='bbox 163 1408 436 1464; x_wconf 66' lang='grc' dir='ltr'><em>βαρβαρικαῖς</em></span> <span class='ocrx_word' id='word_1_165' title='bbox 463 1403 787 1460; x_wconf 80' lang='grc' dir='ltr'><em>οἶπομοσάμενος</em></span> <span class='ocrx_word' id='word_1_166' title='bbox 815 1405 839 1447; x_wconf 80' lang='grc' dir='ltr'>ὅ</span> <span class='ocrx_word' id='word_1_167' title='bbox 853 1404 1069 1461; x_wconf 76' lang='grc' dir='ltr'><em>Χαγάνος,</em></span> <span class='ocrx_word' id='word_1_168' title='bbox 1095 1408 1244 1461; x_wconf 81' lang='grc' dir='ltr'><em>,,νῦ’ν,”</em></span> <span class='ocrx_word' id='word_1_169' title='bbox 1275 1404 1373 1463; x_wconf 81' lang='grc' dir='ltr'><em>ἔφη,</em></span> <span class='ocrx_word' id='word_1_170' title='bbox 1401 1408 1507 1460; x_wconf 75' lang='grc' dir='ltr'><em>υκαί</em></span> <span class='ocrx_word' id='word_1_171' title='bbox 1531 1404 1634 1455; x_wconf 80' lang='grc' dir='ltr'><em>τούς</em></span> 
     </span>
     <span class='ocr_line' id='line_1_20' title="bbox 166 1467 1633 1530; baseline -0.002 -14"><span class='ocrx_word' id='word_1_172' title='bbox 166 1474 403 1528; x_wconf 85' lang='grc' dir='ltr'><em>Ῥωμαίους</em></span> <span class='ocrx_word' id='word_1_173' title='bbox 443 1468 597 1528; x_wconf 75' lang='grc' dir='ltr'><em>ὅρκους</em></span> <span class='ocrx_word' id='word_1_174' title='bbox 635 1469 815 1525; x_wconf 82' lang='grc' dir='ltr'><em>ὄμνύναι</em></span> <span class='ocrx_word' id='word_1_175' title='bbox 845 1470 1096 1527; x_wconf 84' lang='grc' dir='ltr'><em>βούλομαι.”</em></span> <span class='ocrx_word' id='word_1_176' title='bbox 1168 1475 1243 1515; x_wconf 80' lang='grc' dir='ltr'>καί</span> <span class='ocrx_word' id='word_1_177' title='bbox 1283 1470 1376 1526; x_wconf 76' lang='grc' dir='ltr'><em>ἅμα</em></span> <span class='ocrx_word' id='word_1_178' title='bbox 1405 1467 1499 1530; x_wconf 78' lang='grc' dir='ltr'><em>ᾔτει</em></span> <span class='ocrx_word' id='word_1_179' title='bbox 1528 1475 1633 1526; x_wconf 85' lang='grc' dir='ltr'><em>παρ’</em></span> 
     </span>
     <span class='ocr_line' id='line_1_21' title="bbox 119 1535 1635 1594; baseline -0.002 -12"><span class='ocrx_word' id='word_1_180' title='bbox 119 1537 345 1594; x_wconf 63' lang='grc' dir='ltr'><em>ᾳοαῦτῶν,</em></span> <span class='ocrx_word' id='word_1_181' title='bbox 374 1540 423 1581; x_wconf 88' lang='grc' dir='ltr'><em>τί</em></span> <span class='ocrx_word' id='word_1_182' title='bbox 445 1536 496 1594; x_wconf 69' lang='grc' dir='ltr'><em>δὴ</em></span> <span class='ocrx_word' id='word_1_183' title='bbox 526 1535 672 1580; x_wconf 85' lang='grc' dir='ltr'><em>πιστόν</em></span> <span class='ocrx_word' id='word_1_184' title='bbox 698 1554 743 1580; x_wconf 88' lang='grc' dir='ltr'><em>τε</em></span> <span class='ocrx_word' id='word_1_185' title='bbox 770 1537 844 1581; x_wconf 79' lang='grc' dir='ltr'><em>καί</em></span> <span class='ocrx_word' id='word_1_186' title='bbox 869 1540 1100 1593; x_wconf 73' lang='grc' dir='ltr'><em>σεβάσμιον</em></span> <span class='ocrx_word' id='word_1_187' title='bbox 1129 1537 1242 1594; x_wconf 81' lang='grc' dir='ltr'><em>ἔχειν</em></span> <span class='ocrx_word' id='word_1_188' title='bbox 1270 1539 1506 1592; x_wconf 86' lang='grc' dir='ltr'><em>νομίζοιεν,</em></span> <span class='ocrx_word' id='word_1_189' title='bbox 1534 1540 1635 1579; x_wconf 85' lang='grc' dir='ltr'><em>καθ’</em></span> 
     </span>
     <span class='ocr_line' id='line_1_22' title="bbox 172 1600 1674 1661; baseline -0.003 -14"><span class='ocrx_word' id='word_1_190' title='bbox 172 1601 226 1648; x_wconf 68' lang='grc' dir='ltr'><em>οὗ</em></span> <span class='ocrx_word' id='word_1_191' title='bbox 251 1603 352 1654; x_wconf 79' lang='grc' dir='ltr'><em>τούς</em></span> <span class='ocrx_word' id='word_1_192' title='bbox 381 1601 590 1658; x_wconf 76' lang='grc' dir='ltr'><em>ὀμνύντας</em></span> <span class='ocrx_word' id='word_1_193' title='bbox 618 1602 699 1659; x_wconf 76' lang='grc' dir='ltr'><em>τὴν</em></span> <span class='ocrx_word' id='word_1_194' title='bbox 726 1605 806 1647; x_wconf 69' lang='lat' dir='ltr'><strong>‘tofi&#39;</strong></span> <span class='ocrx_word' id='word_1_195' title='bbox 835 1606 944 1647; x_wconf 75' lang='grc' dir='ltr'><em>θεοῦ</em></span> <span class='ocrx_word' id='word_1_196' title='bbox 981 1605 1131 1660; x_wconf 79' lang='grc' dir='ltr'><em>μῆνιν,</em></span> <span class='ocrx_word' id='word_1_197' title='bbox 1176 1600 1227 1661; x_wconf 77' lang='grc' dir='ltr'><em>ἢν</em></span> <span class='ocrx_word' id='word_1_198' title='bbox 1255 1606 1514 1660; x_wconf 81' lang='grc' dir='ltr'><em>ἐπιορκοῖεν,</em></span> <span class='ocrx_word' id='word_1_199' title='bbox 1555 1604 1674 1645; x_wconf 79' lang='grc' dir='ltr'><em>ου’κΙ)</em></span> 
     </span>
     <span class='ocr_line' id='line_1_23' title="bbox 172 1664 1640 1732; baseline 0 -19"><span class='ocrx_word' id='word_1_200' title='bbox 172 1673 467 1732; x_wconf 75' lang='grc' dir='ltr'><em>ἐκφεύξεσθαι.</em></span> <span class='ocrx_word' id='word_1_201' title='bbox 522 1671 790 1726; x_wconf 84' lang='grc' dir='ltr'><em>παραχρῆμα</em></span> <span class='ocrx_word' id='word_1_202' title='bbox 819 1664 897 1731; x_wconf 74' lang='grc' dir='ltr'><em>οὖν</em></span> <span class='ocrx_word' id='word_1_203' title='bbox 922 1669 947 1712; x_wconf 81' lang='grc' dir='ltr'>ὅ</span> <span class='ocrx_word' id='word_1_204' title='bbox 974 1672 1049 1726; x_wconf 86' lang='grc' dir='ltr'><em>τῆς</em></span> <span class='ocrx_word' id='word_1_205' title='bbox 1078 1671 1330 1727; x_wconf 80' lang='grc' dir='ltr'><em>Σιγγηδόνος</em></span> <span class='ocrx_word' id='word_1_206' title='bbox 1373 1668 1534 1721; x_wconf 82' lang='grc' dir='ltr'><em>πόλεως</em></span> <span class='ocrx_word' id='word_1_207' title='bbox 1559 1669 1640 1726; x_wconf 62' lang='grc' dir='ltr'><em>τήν</em></span> 
     </span>
    </p>
   </div>
   <div class='ocr_carea' id='block_1_3' title="bbox 265 1748 1640 1885">
    <p class='ocr_par' dir='ltr' id='par_1_3' title="bbox 265 1748 1640 1885">
     <span class='ocr_line' id='line_1_24' title="bbox 271 1748 1639 1796; baseline -0.002 -11"><span class='ocrx_word' id='word_1_208' title='bbox 271 1763 322 1785; x_wconf 78' lang='lat'><em>12.</em></span> <span class='ocrx_word' id='word_1_209' title='bbox 345 1752 561 1790; x_wconf 86' lang='grc' dir='ltr'><em>παντοίως,</em></span> <span class='ocrx_word' id='word_1_210' title='bbox 594 1751 630 1783; x_wconf 76' lang='grc' dir='ltr'><em>εἰ</em></span> <span class='ocrx_word' id='word_1_211' title='bbox 666 1750 710 1783; x_wconf 87' lang='grc' dir='ltr'><em>Η.</em></span> <span class='ocrx_word' id='word_1_212' title='bbox 737 1761 806 1796; x_wconf 84' lang='lat' dir='ltr'><em>mg.</em></span> <span class='ocrx_word' id='word_1_213' title='bbox 885 1751 936 1784; x_wconf 82' lang='lat'><em>13.</em></span> <span class='ocrx_word' id='word_1_214' title='bbox 963 1748 1040 1783; x_wconf 79' lang='grc' dir='ltr'><em>ιῗπό</em></span> <span class='ocrx_word' id='word_1_215' title='bbox 1071 1761 1130 1784; x_wconf 88' lang='lat' dir='ltr'><em>om</em></span> <span class='ocrx_word' id='word_1_216' title='bbox 1158 1749 1214 1783; x_wconf 86' lang='lat' dir='ltr'><strong>ed.</strong></span> <span class='ocrx_word' id='word_1_217' title='bbox 1241 1749 1316 1784; x_wconf 87' lang='lat' dir='ltr'><strong>Par.</strong></span> <span class='ocrx_word' id='word_1_218' title='bbox 1420 1752 1471 1790; x_wconf 83' lang='lat'><em>16.</em></span> <span class='ocrx_word' id='word_1_219' title='bbox 1506 1748 1639 1787; x_wconf 70' lang='grc' dir='ltr'><em>αὐτοῖς</em></span> 
     </span>
     <span class='ocr_line' id='line_1_25' title="bbox 265 1786 1640 1877; baseline 0.001 -48"><span class='ocrx_word' id='word_1_220' title='bbox 265 1797 325 1853; x_wconf 59' lang='lat' dir='ltr'><em>IJ„</em></span> <span class='ocrx_word' id='word_1_221' title='bbox 357 1795 472 1877; x_wconf 55' lang='lat' dir='ltr'><strong>gffrgg</strong></span> <span class='ocrx_word' id='word_1_222' title='bbox 493 1797 589 1841; x_wconf 82' lang='lat' dir='ltr'><strong>vulg.</strong></span> <span class='ocrx_word' id='word_1_223' title='bbox 709 1807 765 1831; x_wconf 68' lang='grc' dir='ltr'><em>αι.</em></span> <span class='ocrx_word' id='word_1_224' title='bbox 802 1786 852 1830; x_wconf 77' lang='grc' dir='ltr'><em>οὗ</em></span> <span class='ocrx_word' id='word_1_225' title='bbox 885 1788 977 1834; x_wconf 80' lang='grc' dir='ltr'><em>τοῦς</em></span> <span class='ocrx_word' id='word_1_226' title='bbox 1008 1798 1072 1838; x_wconf 76' lang='grc' dir='ltr'><em>Β.,</em></span> <span class='ocrx_word' id='word_1_227' title='bbox 1107 1793 1251 1834; x_wconf 79' lang='grc' dir='ltr'><em>αὑτούς</em></span> <span class='ocrx_word' id='word_1_228' title='bbox 1282 1796 1379 1843; x_wconf 81' lang='lat' dir='ltr'><strong>vulg.</strong></span> <span class='ocrx_word' id='word_1_229' title='bbox 1497 1794 1558 1843; x_wconf 71' lang='grc' dir='ltr'><em>ἢν]</em></span> <span class='ocrx_word' id='word_1_230' title='bbox 1589 1795 1640 1831; x_wconf 76' lang='grc' dir='ltr'><em>ἄν</em></span> 
     </span>
     <span class='ocr_line' id='line_1_26' title="bbox 269 1855 893 1885; baseline 0 0"><span class='ocrx_word' id='word_1_231' title='bbox 269 1856 318 1885; x_wconf 71' lang='lat'><em>²1³</em></span> <span class='ocrx_word' id='word_1_232' title='bbox 352 1855 397 1885; x_wconf 65' lang='grc' dir='ltr'><em>ην</em></span> <span class='ocrx_word' id='word_1_233' title='bbox 457 1867 465 1876; x_wconf 92' lang='grc'>·</span> <span class='ocrx_word' id='word_1_234' title='bbox 891 1855 893 1858; x_wconf 50' lang='lat'><strong>⁴</strong></span> 
     </span>
    </p>
   </div>
   <div class='ocr_carea' id='block_1_4' title="bbox 177 1912 1642 2800">
    <p class='ocr_par' dir='ltr' id='par_1_4' title="bbox 177 1912 1642 2800">
     <span class='ocr_line' id='line_1_27' title="bbox 178 1912 1638 1957; baseline -0.002 -9"><span class='ocrx_word' id='word_1_235' title='bbox 178 1912 454 1949; x_wconf 83' lang='lat' dir='ltr'><strong>conditionibus</strong></span> <span class='ocrx_word' id='word_1_236' title='bbox 495 1916 609 1952; x_wconf 81' lang='lat' dir='ltr'><strong>stare,</strong></span> <span class='ocrx_word' id='word_1_237' title='bbox 645 1916 682 1944; x_wconf 88' lang='lat' dir='ltr'><strong>et</strong></span> <span class='ocrx_word' id='word_1_238' title='bbox 715 1912 888 1957; x_wconf 80' lang='lat' dir='ltr'><strong>quoniam</strong></span> <span class='ocrx_word' id='word_1_239' title='bbox 917 1912 957 1945; x_wconf 89' lang='lat' dir='ltr'><strong>in</strong></span> <span class='ocrx_word' id='word_1_240' title='bbox 991 1922 1198 1945; x_wconf 82' lang='lat' dir='ltr'><strong>communes</strong></span> <span class='ocrx_word' id='word_1_241' title='bbox 1225 1922 1308 1945; x_wconf 80' lang='lat' dir='ltr'><strong>suos</strong></span> <span class='ocrx_word' id='word_1_242' title='bbox 1334 1916 1372 1945; x_wconf 84' lang='lat' dir='ltr'><strong>et</strong></span> <span class='ocrx_word' id='word_1_243' title='bbox 1395 1912 1638 1945; x_wconf 88' lang='lat' dir='ltr'><strong>Romanorum</strong></span> 
     </span>
     <span class='ocr_line' id='line_1_28' title="bbox 177 1958 1636 2004; baseline -0.002 -9"><span class='ocrx_word' id='word_1_244' title='bbox 177 1960 301 1995; x_wconf 82' lang='lat' dir='ltr'><strong>hostes</strong></span> <span class='ocrx_word' id='word_1_245' title='bbox 339 1963 491 2004; x_wconf 84' lang='lat' dir='ltr'>pergat,</span> <span class='ocrx_word' id='word_1_246' title='bbox 529 1960 680 1992; x_wconf 86' lang='lat' dir='ltr'><strong>minime</strong></span> <span class='ocrx_word' id='word_1_247' title='bbox 713 1969 750 1992; x_wconf 85' lang='lat' dir='ltr'><strong>se</strong></span> <span class='ocrx_word' id='word_1_248' title='bbox 781 1970 872 2003; x_wconf 82' lang='lat' dir='ltr'><strong>opus</strong></span> <span class='ocrx_word' id='word_1_249' title='bbox 906 1960 1032 2002; x_wconf 87' lang='lat' dir='ltr'><strong>pontis</strong></span> <span class='ocrx_word' id='word_1_250' title='bbox 1066 1958 1303 1992; x_wconf 86' lang='lat' dir='ltr'><strong>construendi</strong></span> <span class='ocrx_word' id='word_1_251' title='bbox 1334 1958 1636 1992; x_wconf 76' lang='lat' dir='ltr'><strong>intermissurum.</strong></span> 
     </span>
     <span class='ocr_line' id='line_1_29' title="bbox 178 2005 1639 2053; baseline -0.002 -12"><span class='ocrx_word' id='word_1_252' title='bbox 178 2006 323 2053; x_wconf 82' lang='lat' dir='ltr'><strong>Quodsi</strong></span> <span class='ocrx_word' id='word_1_253' title='bbox 350 2006 431 2052; x_wconf 86' lang='lat' dir='ltr'><strong>quis</strong></span> <span class='ocrx_word' id='word_1_254' title='bbox 458 2007 697 2039; x_wconf 81' lang='lat' dir='ltr'><strong>Romanorum</strong></span> <span class='ocrx_word' id='word_1_255' title='bbox 730 2005 865 2039; x_wconf 82' lang='lat' dir='ltr'><strong>audeat</strong></span> <span class='ocrx_word' id='word_1_256' title='bbox 896 2005 956 2038; x_wconf 83' lang='lat' dir='ltr'><strong>vel</strong></span> <span class='ocrx_word' id='word_1_257' title='bbox 983 2015 1097 2037; x_wconf 89' lang='lat' dir='ltr'><strong>unum</strong></span> <span class='ocrx_word' id='word_1_258' title='bbox 1134 2005 1251 2038; x_wconf 91' lang='lat' dir='ltr'><strong>telum</strong></span> <span class='ocrx_word' id='word_1_259' title='bbox 1290 2005 1472 2037; x_wconf 88' lang='lat' dir='ltr'><strong>coniicere</strong></span> <span class='ocrx_word' id='word_1_260' title='bbox 1497 2005 1537 2037; x_wconf 88' lang='lat' dir='ltr'><strong>in</strong></span> <span class='ocrx_word' id='word_1_261' title='bbox 1563 2016 1639 2045; x_wconf 84' lang='lat' dir='ltr'><strong>eos,</strong></span> 
     </span>
     <span class='ocr_line' id='line_1_30' title="bbox 207 2050 1642 2099; baseline -0.001 -13"><span class='ocrx_word' id='word_1_262' title='bbox 207 2055 246 2087; x_wconf 90' lang='lat' dir='ltr'><em>ui</em></span> <span class='ocrx_word' id='word_1_263' title='bbox 269 2054 375 2099; x_wconf 89' lang='lat' dir='ltr'><strong>ponti</strong></span> <span class='ocrx_word' id='word_1_264' title='bbox 400 2051 630 2086; x_wconf 79' lang='lat' dir='ltr'><strong>aedificando</strong></span> <span class='ocrx_word' id='word_1_265' title='bbox 645 2063 792 2084; x_wconf 82' lang='lat' dir='ltr'><strong>manum</strong></span> <span class='ocrx_word' id='word_1_266' title='bbox 810 2051 1065 2090; x_wconf 83' lang='lat' dir='ltr'><strong>admoverent,</strong></span> <span class='ocrx_word' id='word_1_267' title='bbox 1098 2051 1145 2084; x_wconf 90' lang='lat' dir='ltr'><em>ab</em></span> <span class='ocrx_word' id='word_1_268' title='bbox 1172 2052 1262 2095; x_wconf 92' lang='lat' dir='ltr'><strong>ipsis</strong></span> <span class='ocrx_word' id='word_1_269' title='bbox 1279 2050 1469 2084; x_wconf 82' lang='lat' dir='ltr'><strong>foederum</strong></span> <span class='ocrx_word' id='word_1_270' title='bbox 1494 2051 1642 2086; x_wconf 76' lang='lat' dir='ltr'><strong>violan—</strong></span> 
     </span>
     <span class='ocr_line' id='line_1_31' title="bbox 180 2066 1639 2144; baseline -0.002 -10"><span class='ocrx_word' id='word_1_271' title='bbox 180 2066 311 2134; x_wconf 60' lang='lat' dir='ltr'><strong>:iorum</strong></span> <span class='ocrx_word' id='word_1_272' title='bbox 329 2100 478 2133; x_wconf 85' lang='lat' dir='ltr'><strong>initium</strong></span> <span class='ocrx_word' id='word_1_273' title='bbox 503 2100 636 2132; x_wconf 81' lang='lat' dir='ltr'><strong>factum</strong></span> <span class='ocrx_word' id='word_1_274' title='bbox 663 2109 762 2139; x_wconf 87' lang='lat' dir='ltr'><strong>esse,</strong></span> <span class='ocrx_word' id='word_1_275' title='bbox 791 2098 997 2130; x_wconf 86' lang='lat' dir='ltr'><strong>meminisse</strong></span> <span class='ocrx_word' id='word_1_276' title='bbox 1024 2107 1085 2131; x_wconf 85' lang='lat' dir='ltr'><strong>eos</strong></span> <span class='ocrx_word' id='word_1_277' title='bbox 1111 2098 1236 2138; x_wconf 86' lang='lat' dir='ltr'><strong>iussit,</strong></span> <span class='ocrx_word' id='word_1_278' title='bbox 1264 2104 1302 2131; x_wconf 86' lang='lat' dir='ltr'><strong>et</strong></span> <span class='ocrx_word' id='word_1_279' title='bbox 1325 2109 1436 2144; x_wconf 90' lang='lat' dir='ltr'><strong>quum</strong></span> <span class='ocrx_word' id='word_1_280' title='bbox 1459 2098 1530 2141; x_wconf 86' lang='lat' dir='ltr'><strong>ipsi</strong></span> <span class='ocrx_word' id='word_1_281' title='bbox 1544 2098 1639 2132; x_wconf 84' lang='lat' dir='ltr'><strong>Ava-</strong></span> 
     </span>
     <span class='ocr_line' id='line_1_32' title="bbox 181 2143 1636 2191; baseline -0.002 -10"><span class='ocrx_word' id='word_1_282' title='bbox 181 2159 238 2181; x_wconf 80' lang='lat' dir='ltr'><em>res</em></span> <span class='ocrx_word' id='word_1_283' title='bbox 268 2148 307 2180; x_wconf 87' lang='lat' dir='ltr'><strong>in</strong></span> <span class='ocrx_word' id='word_1_284' title='bbox 331 2146 469 2180; x_wconf 85' lang='lat' dir='ltr'><strong>bellum</strong></span> <span class='ocrx_word' id='word_1_285' title='bbox 497 2146 753 2191; x_wconf 86' lang='lat' dir='ltr'><strong>impulissent,</strong></span> <span class='ocrx_word' id='word_1_286' title='bbox 783 2146 813 2178; x_wconf 88' lang='lat' dir='ltr'><strong>si</strong></span> <span class='ocrx_word' id='word_1_287' title='bbox 839 2143 1034 2191; x_wconf 86' lang='lat' dir='ltr'><strong>quidinde</strong></span> <span class='ocrx_word' id='word_1_288' title='bbox 1055 2145 1297 2178; x_wconf 86' lang='lat' dir='ltr'><strong>Romanorum</strong></span> <span class='ocrx_word' id='word_1_289' title='bbox 1320 2156 1376 2178; x_wconf 83' lang='lat' dir='ltr'><em>res</em></span> <span class='ocrx_word' id='word_1_290' title='bbox 1391 2143 1539 2189; x_wconf 83' lang='lat' dir='ltr'><strong>publica</strong></span> <span class='ocrx_word' id='word_1_291' title='bbox 1568 2145 1636 2178; x_wconf 85' lang='lat' dir='ltr'><strong>de-</strong></span> 
     </span>
     <span class='ocr_line' id='line_1_33' title="bbox 181 2191 1638 2239; baseline -0.003 -11"><span class='ocrx_word' id='word_1_292' title='bbox 181 2194 346 2229; x_wconf 79' lang='lat' dir='ltr'><strong>trimenti</strong></span> <span class='ocrx_word' id='word_1_293' title='bbox 373 2193 535 2239; x_wconf 84' lang='lat' dir='ltr'><strong>ceperit,</strong></span> <span class='ocrx_word' id='word_1_294' title='bbox 571 2192 616 2226; x_wconf 87' lang='lat' dir='ltr'><strong>de</strong></span> <span class='ocrx_word' id='word_1_295' title='bbox 640 2203 683 2226; x_wconf 89' lang='lat' dir='ltr'><strong>eo</strong></span> <span class='ocrx_word' id='word_1_296' title='bbox 708 2191 811 2237; x_wconf 88' lang='lat' dir='ltr'><strong>queri</strong></span> <span class='ocrx_word' id='word_1_297' title='bbox 835 2191 963 2225; x_wconf 88' lang='lat' dir='ltr'><strong>vetuit.</strong></span> <span class='ocrx_word' id='word_1_298' title='bbox 1013 2191 1224 2224; x_wconf 18' lang='lat' dir='ltr'><strong>Hocrveriti</strong></span> <span class='ocrx_word' id='word_1_299' title='bbox 1249 2193 1421 2230; x_wconf 83' lang='lat' dir='ltr'><strong>Romani,</strong></span> <span class='ocrx_word' id='word_1_300' title='bbox 1454 2191 1520 2237; x_wconf 91' lang='lat' dir='ltr'><em>qui</em></span> <span class='ocrx_word' id='word_1_301' title='bbox 1547 2191 1638 2225; x_wconf 64' lang='lat' dir='ltr'><strong>Sin-</strong></span> 
     </span>
     <span class='ocr_line' id='line_1_34' title="bbox 182 2236 1640 2286; baseline -0.001 -13"><span class='ocrx_word' id='word_1_302' title='bbox 182 2241 322 2286; x_wconf 85' lang='lat' dir='ltr'><strong>gedone</strong></span> <span class='ocrx_word' id='word_1_303' title='bbox 347 2246 472 2279; x_wconf 80' lang='lat' dir='ltr'><strong>erant,</strong></span> <span class='ocrx_word' id='word_1_304' title='bbox 507 2239 717 2284; x_wconf 85' lang='lat' dir='ltr'><strong>Chaganum</strong></span> <span class='ocrx_word' id='word_1_305' title='bbox 745 2238 790 2271; x_wconf 87' lang='lat' dir='ltr'><em>ad</em></span> <span class='ocrx_word' id='word_1_306' title='bbox 816 2236 1071 2271; x_wconf 85' lang='lat' dir='ltr'><strong>iusiurandum</strong></span> <span class='ocrx_word' id='word_1_307' title='bbox 1094 2244 1348 2282; x_wconf 86' lang='lat' dir='ltr'><strong>provocarunt.</strong></span> <span class='ocrx_word' id='word_1_308' title='bbox 1396 2238 1526 2283; x_wconf 86' lang='lat' dir='ltr'><strong>Itaque</strong></span> <span class='ocrx_word' id='word_1_309' title='bbox 1550 2249 1640 2272; x_wconf 89' lang='lat' dir='ltr'><strong>con-</strong></span> 
     </span>
     <span class='ocr_line' id='line_1_35' title="bbox 183 2282 1639 2330; baseline -0.003 -9"><span class='ocrx_word' id='word_1_310' title='bbox 183 2287 307 2321; x_wconf 82' lang='lat' dir='ltr'><strong>festim</strong></span> <span class='ocrx_word' id='word_1_311' title='bbox 344 2287 496 2321; x_wconf 78' lang='lat' dir='ltr'><strong>Avarico</strong></span> <span class='ocrx_word' id='word_1_312' title='bbox 531 2289 604 2320; x_wconf 86' lang='lat' dir='ltr'><strong>ritu</strong></span> <span class='ocrx_word' id='word_1_313' title='bbox 639 2284 894 2319; x_wconf 87' lang='lat' dir='ltr'><strong>iusiurandum</strong></span> <span class='ocrx_word' id='word_1_314' title='bbox 928 2284 974 2317; x_wconf 86' lang='lat' dir='ltr'><em>ad</em></span> <span class='ocrx_word' id='word_1_315' title='bbox 1002 2282 1102 2317; x_wconf 84' lang='lat' dir='ltr'><strong>hunc</strong></span> <span class='ocrx_word' id='word_1_316' title='bbox 1125 2284 1273 2318; x_wconf 85' lang='lat' dir='ltr'><strong>modum</strong></span> <span class='ocrx_word' id='word_1_317' title='bbox 1301 2284 1494 2330; x_wconf 78' lang='lat' dir='ltr'><strong>praestitit.</strong></span> <span class='ocrx_word' id='word_1_318' title='bbox 1542 2285 1639 2319; x_wconf 80' lang='lat' dir='ltr'><strong>Ense</strong></span> 
     </span>
     <span class='ocr_line' id='line_1_36' title="bbox 183 2330 1639 2377; baseline -0.002 -9"><span class='ocrx_word' id='word_1_319' title='bbox 183 2334 337 2374; x_wconf 81' lang='lat' dir='ltr'><strong>educto,</strong></span> <span class='ocrx_word' id='word_1_320' title='bbox 367 2334 440 2367; x_wconf 84' lang='lat' dir='ltr'><strong>sibi</strong></span> <span class='ocrx_word' id='word_1_321' title='bbox 470 2338 507 2366; x_wconf 87' lang='lat' dir='ltr'><strong>et</strong></span> <span class='ocrx_word' id='word_1_322' title='bbox 530 2335 686 2367; x_wconf 78' lang='lat' dir='ltr'><strong>Avarum</strong></span> <span class='ocrx_word' id='word_1_323' title='bbox 711 2333 809 2377; x_wconf 82' lang='lat' dir='ltr'><strong>genti</strong></span> <span class='ocrx_word' id='word_1_324' title='bbox 835 2330 914 2365; x_wconf 88' lang='lat' dir='ltr'><strong>dira</strong></span> <span class='ocrx_word' id='word_1_325' title='bbox 935 2334 991 2364; x_wconf 86' lang='lat' dir='ltr'><strong>est</strong></span> <span class='ocrx_word' id='word_1_326' title='bbox 1014 2330 1254 2375; x_wconf 78' lang='lat' dir='ltr'><strong>imprecatus,</strong></span> <span class='ocrx_word' id='word_1_327' title='bbox 1279 2333 1310 2365; x_wconf 85' lang='lat' dir='ltr'><strong>si</strong></span> <span class='ocrx_word' id='word_1_328' title='bbox 1334 2331 1424 2377; x_wconf 85' lang='lat' dir='ltr'><strong>quid</strong></span> <span class='ocrx_word' id='word_1_329' title='bbox 1439 2331 1524 2365; x_wconf 85' lang='lat' dir='ltr'><strong>mali</strong></span> <span class='ocrx_word' id='word_1_330' title='bbox 1542 2343 1639 2365; x_wconf 89' lang='lat' dir='ltr'><strong>com-</strong></span> 
     </span>
     <span class='ocr_line' id='line_1_37' title="bbox 184 2377 1637 2423; baseline -0.001 -9"><span class='ocrx_word' id='word_1_331' title='bbox 184 2381 438 2414; x_wconf 84' lang='lat' dir='ltr'><strong>minisceretur</strong></span> <span class='ocrx_word' id='word_1_332' title='bbox 461 2380 632 2413; x_wconf 83' lang='lat' dir='ltr'><strong>Romanis</strong></span> <span class='ocrx_word' id='word_1_333' title='bbox 658 2379 696 2413; x_wconf 88' lang='lat' dir='ltr'><strong>in</strong></span> <span class='ocrx_word' id='word_1_334' title='bbox 722 2390 786 2419; x_wconf 88' lang='lat' dir='ltr'><strong>eo,</strong></span> <span class='ocrx_word' id='word_1_335' title='bbox 824 2377 924 2423; x_wconf 88' lang='lat' dir='ltr'><strong>quod</strong></span> <span class='ocrx_word' id='word_1_336' title='bbox 947 2379 1096 2422; x_wconf 71' lang='lat' dir='ltr'><strong>pentem</strong></span> <span class='ocrx_word' id='word_1_337' title='bbox 1121 2388 1231 2423; x_wconf 87' lang='lat' dir='ltr'><strong>super</strong></span> <span class='ocrx_word' id='word_1_338' title='bbox 1254 2378 1323 2412; x_wconf 84' lang='lat' dir='ltr'><em>Sao</em></span> <span class='ocrx_word' id='word_1_339' title='bbox 1347 2379 1497 2414; x_wconf 87' lang='lat' dir='ltr'><strong>flumine</strong></span> <span class='ocrx_word' id='word_1_340' title='bbox 1518 2379 1637 2413; x_wconf 80' lang='lat' dir='ltr'><strong>facere</strong></span> 
     </span>
     <span class='ocr_line' id='line_1_38' title="bbox 185 2423 1635 2472; baseline -0.001 -12"><span class='ocrx_word' id='word_1_341' title='bbox 185 2428 406 2471; x_wconf 83' lang='lat' dir='ltr'><strong>susceperit,</strong></span> <span class='ocrx_word' id='word_1_342' title='bbox 446 2432 487 2460; x_wconf 91' lang='lat' dir='ltr'><strong>ut</strong></span> <span class='ocrx_word' id='word_1_343' title='bbox 523 2429 601 2472; x_wconf 89' lang='lat' dir='ltr'><strong>ipse</strong></span> <span class='ocrx_word' id='word_1_344' title='bbox 635 2431 673 2459; x_wconf 89' lang='lat' dir='ltr'><strong>et</strong></span> <span class='ocrx_word' id='word_1_345' title='bbox 697 2426 866 2458; x_wconf 88' lang='lat' dir='ltr'><strong>universa</strong></span> <span class='ocrx_word' id='word_1_346' title='bbox 901 2435 986 2469; x_wconf 82' lang='lat' dir='ltr'><strong>gens</strong></span> <span class='ocrx_word' id='word_1_347' title='bbox 1013 2423 1061 2456; x_wconf 86' lang='lat' dir='ltr'><em>ad</em></span> <span class='ocrx_word' id='word_1_348' title='bbox 1083 2423 1369 2459; x_wconf 84' lang='lat' dir='ltr'><strong>internecionem</strong></span> <span class='ocrx_word' id='word_1_349' title='bbox 1395 2436 1512 2470; x_wconf 88' lang='lat' dir='ltr'><strong>usque</strong></span> <span class='ocrx_word' id='word_1_350' title='bbox 1537 2426 1635 2459; x_wconf 85' lang='lat' dir='ltr'><strong>ferro</strong></span> 
     </span>
     <span class='ocr_line' id='line_1_39' title="bbox 183 2471 1634 2519; baseline -0.001 -12"><span class='ocrx_word' id='word_1_351' title='bbox 183 2473 346 2519; x_wconf 80' lang='lat' dir='ltr'><strong>periret,</strong></span> <span class='ocrx_word' id='word_1_352' title='bbox 383 2475 526 2507; x_wconf 90' lang='lat' dir='ltr'><strong>coelum</strong></span> <span class='ocrx_word' id='word_1_353' title='bbox 563 2485 607 2507; x_wconf 82' lang='lat' dir='ltr'><strong>ex</strong></span> <span class='ocrx_word' id='word_1_354' title='bbox 639 2473 713 2505; x_wconf 86' lang='lat' dir='ltr'><strong>alto</strong></span> <span class='ocrx_word' id='word_1_355' title='bbox 745 2482 854 2517; x_wconf 83' lang='lat' dir='ltr'><strong>super</strong></span> <span class='ocrx_word' id='word_1_356' title='bbox 890 2471 1000 2515; x_wconf 71' lang='lat' dir='ltr'><strong>ipsiS,</strong></span> <span class='ocrx_word' id='word_1_357' title='bbox 1041 2476 1079 2504; x_wconf 80' lang='lat' dir='ltr'><strong>et</strong></span> <span class='ocrx_word' id='word_1_358' title='bbox 1109 2471 1227 2512; x_wconf 85' lang='lat' dir='ltr'><strong>Deus,</strong></span> <span class='ocrx_word' id='word_1_359' title='bbox 1265 2472 1328 2518; x_wconf 85' lang='lat' dir='ltr'><em>qui</em></span> <span class='ocrx_word' id='word_1_360' title='bbox 1361 2473 1401 2504; x_wconf 89' lang='lat' dir='ltr'><strong>in</strong></span> <span class='ocrx_word' id='word_1_361' title='bbox 1426 2472 1528 2506; x_wconf 89' lang='lat' dir='ltr'><strong>coelo</strong></span> <span class='ocrx_word' id='word_1_362' title='bbox 1555 2479 1634 2513; x_wconf 84' lang='lat' dir='ltr'><strong>est,</strong></span> 
     </span>
     <span class='ocr_line' id='line_1_40' title="bbox 187 2518 1635 2564; baseline 0 -11"><span class='ocrx_word' id='word_1_363' title='bbox 187 2523 306 2564; x_wconf 81' lang='lat' dir='ltr'><strong>ignem</strong></span> <span class='ocrx_word' id='word_1_364' title='bbox 330 2521 565 2561; x_wconf 86' lang='lat' dir='ltr'><strong>immitteret,</strong></span> <span class='ocrx_word' id='word_1_365' title='bbox 599 2520 709 2553; x_wconf 80' lang='lat' dir='ltr'><strong>silvae</strong></span> <span class='ocrx_word' id='word_1_366' title='bbox 743 2524 780 2553; x_wconf 90' lang='lat' dir='ltr'><strong>et</strong></span> <span class='ocrx_word' id='word_1_367' title='bbox 810 2524 951 2552; x_wconf 84' lang='lat' dir='ltr'><strong>montes</strong></span> <span class='ocrx_word' id='word_1_368' title='bbox 985 2528 1068 2551; x_wconf 82' lang='lat' dir='ltr'><strong>casu</strong></span> <span class='ocrx_word' id='word_1_369' title='bbox 1094 2523 1132 2552; x_wconf 84' lang='lat' dir='ltr'><strong>et</strong></span> <span class='ocrx_word' id='word_1_370' title='bbox 1159 2518 1263 2552; x_wconf 84' lang='lat' dir='ltr'><strong>ruina</strong></span> <span class='ocrx_word' id='word_1_371' title='bbox 1286 2519 1368 2552; x_wconf 85' lang='lat' dir='ltr'><strong>illos</strong></span> <span class='ocrx_word' id='word_1_372' title='bbox 1401 2519 1635 2557; x_wconf 78' lang='lat' dir='ltr'><strong>obtererent‚</strong></span> 
     </span>
     <span class='ocr_line' id='line_1_41' title="bbox 189 2565 1635 2610; baseline -0.002 -10"><span class='ocrx_word' id='word_1_373' title='bbox 189 2572 226 2600; x_wconf 74' lang='lat' dir='ltr'><strong>et</strong></span> <span class='ocrx_word' id='word_1_374' title='bbox 239 2567 326 2600; x_wconf 87' lang='lat' dir='ltr'><strong>Saus</strong></span> <span class='ocrx_word' id='word_1_375' title='bbox 346 2567 475 2603; x_wconf 75' lang='lat' dir='ltr'><strong>fluvius</strong></span> <span class='ocrx_word' id='word_1_376' title='bbox 500 2567 742 2601; x_wconf 81' lang='lat' dir='ltr'><strong>inundatione</strong></span> <span class='ocrx_word' id='word_1_377' title='bbox 766 2576 827 2599; x_wconf 87' lang='lat' dir='ltr'><strong>eos</strong></span> <span class='ocrx_word' id='word_1_378' title='bbox 850 2565 1108 2610; x_wconf 72' lang='lat' dir='ltr'><strong>submergeret.</strong></span> <span class='ocrx_word' id='word_1_379' title='bbox 1155 2565 1252 2599; x_wconf 80' lang='lat' dir='ltr'><strong>Haec</strong></span> <span class='ocrx_word' id='word_1_380' title='bbox 1274 2565 1340 2599; x_wconf 90' lang='lat' dir='ltr'><em>ubi</em></span> <span class='ocrx_word' id='word_1_381' title='bbox 1356 2565 1508 2600; x_wconf 87' lang='lat' dir='ltr'><strong>barbaro</strong></span> <span class='ocrx_word' id='word_1_382' title='bbox 1533 2577 1635 2598; x_wconf 86' lang='lat' dir='ltr'><strong>more</strong></span> 
     </span>
     <span class='ocr_line' id='line_1_42' title="bbox 188 2611 1635 2657; baseline -0.001 -11"><span class='ocrx_word' id='word_1_383' title='bbox 188 2612 378 2657; x_wconf 74' lang='lat' dir='ltr'><strong>Chaganus</strong></span> <span class='ocrx_word' id='word_1_384' title='bbox 407 2614 539 2654; x_wconf 85' lang='lat' dir='ltr'><strong>emisit,</strong></span> <span class='ocrx_word' id='word_1_385' title='bbox 588 2614 721 2654; x_wconf 86' lang='lat' dir='ltr'><strong>„Nunc</strong></span> <span class='ocrx_word' id='word_1_386' title='bbox 745 2623 834 2657; x_wconf 88' lang='lat' dir='ltr'><strong>ego,</strong></span> <span class='ocrx_word' id='word_1_387' title='bbox 863 2612 1006 2657; x_wconf 87' lang='lat' dir='ltr'><strong>inquit,</strong></span> <span class='ocrx_word' id='word_1_388' title='bbox 1031 2611 1282 2647; x_wconf 80' lang='lat' dir='ltr'><strong>iusiurandum</strong></span> <span class='ocrx_word' id='word_1_389' title='bbox 1309 2615 1550 2646; x_wconf 83' lang='lat' dir='ltr'><strong>Romanorum</strong></span> <span class='ocrx_word' id='word_1_390' title='bbox 1575 2613 1635 2645; x_wconf 92' lang='lat' dir='ltr'><em>iu-</em></span> 
     </span>
     <span class='ocr_line' id='line_1_43' title="bbox 189 2658 1635 2706; baseline -0.001 -14"><span class='ocrx_word' id='word_1_391' title='bbox 189 2670 268 2692; x_wconf 87' lang='lat' dir='ltr'><strong>rare</strong></span> <span class='ocrx_word' id='word_1_392' title='bbox 300 2660 394 2692; x_wconf 85' lang='lat' dir='ltr'><strong>volo.</strong></span> <span class='ocrx_word' id='word_1_393' title='bbox 443 2661 537 2694; x_wconf 88' lang='lat' dir='ltr'><strong>Tum</strong></span> <span class='ocrx_word' id='word_1_394' title='bbox 565 2661 746 2706; x_wconf 83' lang='lat' dir='ltr'><strong>quaesivit</strong></span> <span class='ocrx_word' id='word_1_395' title='bbox 778 2670 822 2692; x_wconf 82' lang='lat' dir='ltr'><strong>ex</strong></span> <span class='ocrx_word' id='word_1_396' title='bbox 854 2659 963 2703; x_wconf 83' lang='lat' dir='ltr'><strong>ipsis,</strong></span> <span class='ocrx_word' id='word_1_397' title='bbox 999 2658 1089 2703; x_wconf 88' lang='lat' dir='ltr'><strong>quid</strong></span> <span class='ocrx_word' id='word_1_398' title='bbox 1123 2664 1240 2699; x_wconf 80' lang='lat' dir='ltr'><strong>esset,</strong></span> <span class='ocrx_word' id='word_1_399' title='bbox 1281 2660 1381 2704; x_wconf 87' lang='lat' dir='ltr'><strong>quod</strong></span> <span class='ocrx_word' id='word_1_400' title='bbox 1409 2665 1572 2693; x_wconf 84' lang='lat' dir='ltr'><strong>sanctum</strong></span> <span class='ocrx_word' id='word_1_401' title='bbox 1597 2663 1635 2693; x_wconf 88' lang='lat' dir='ltr'><strong>et</strong></span> 
     </span>
     <span class='ocr_line' id='line_1_44' title="bbox 190 2702 1634 2753; baseline -0.001 -13"><span class='ocrx_word' id='word_1_402' title='bbox 190 2706 400 2751; x_wconf 82' lang='lat' dir='ltr'><strong>religiosum</strong></span> <span class='ocrx_word' id='word_1_403' title='bbox 425 2707 620 2748; x_wconf 88' lang='lat' dir='ltr'><strong>ducerent,</strong></span> <span class='ocrx_word' id='word_1_404' title='bbox 655 2717 721 2752; x_wconf 85' lang='lat' dir='ltr'><em>per</em></span> <span class='ocrx_word' id='word_1_405' title='bbox 736 2705 849 2753; x_wconf 80' lang='lat' dir='ltr'><strong>&#39;quod</strong></span> <span class='ocrx_word' id='word_1_406' title='bbox 872 2707 1034 2739; x_wconf 83' lang='lat' dir='ltr'><strong>iurantes</strong></span> <span class='ocrx_word' id='word_1_407' title='bbox 1051 2731 1062 2745; x_wconf 95' lang='lat'>‚</span> <span class='ocrx_word' id='word_1_408' title='bbox 1083 2706 1116 2739; x_wconf 81' lang='lat' dir='ltr'><strong>si</strong></span> <span class='ocrx_word' id='word_1_409' title='bbox 1140 2705 1331 2748; x_wconf 79' lang='lat' dir='ltr'><strong>fallerent,</strong></span> <span class='ocrx_word' id='word_1_410' title='bbox 1356 2702 1416 2740; x_wconf 82' lang='lat' dir='ltr'><strong>dei</strong></span> <span class='ocrx_word' id='word_1_411' title='bbox 1441 2707 1531 2739; x_wconf 80' lang='lat' dir='ltr'><strong>iram</strong></span> <span class='ocrx_word' id='word_1_412' title='bbox 1560 2706 1634 2739; x_wconf 89' lang='lat' dir='ltr'><strong>mi-</strong></span> 
     </span>
     <span class='ocr_line' id='line_1_45' title="bbox 188 2751 1633 2800; baseline 0 -13"><span class='ocrx_word' id='word_1_413' title='bbox 188 2752 287 2787; x_wconf 74' lang='lat' dir='ltr'><strong>nime</strong></span> <span class='ocrx_word' id='word_1_414' title='bbox 323 2753 518 2791; x_wconf 65' lang='lat' dir='ltr'><strong>evitatus-os</strong></span> <span class='ocrx_word' id='word_1_415' title='bbox 554 2754 772 2791; x_wconf 86' lang='lat' dir='ltr'><strong>crederent.·</strong></span> <span class='ocrx_word' id='word_1_416' title='bbox 802 2753 897 2788; x_wconf 89' lang='lat' dir='ltr'><em>Tum</em></span> <span class='ocrx_word' id='word_1_417' title='bbox 927 2752 993 2800; x_wconf 85' lang='lat' dir='ltr'><em>qui</em></span> <span class='ocrx_word' id='word_1_418' title='bbox 1023 2751 1064 2789; x_wconf 83' lang='lat' dir='ltr'><em>in</em></span> <span class='ocrx_word' id='word_1_419' title='bbox 1098 2752 1303 2799; x_wconf 83' lang='lat' dir='ltr'><strong>Singedone</strong></span> <span class='ocrx_word' id='word_1_420' title='bbox 1340 2753 1431 2788; x_wconf 86' lang='lat' dir='ltr'><strong>urbe</strong></span> <span class='ocrx_word' id='word_1_421' title='bbox 1458 2764 1633 2787; x_wconf 79' lang='lat' dir='ltr'><strong>summam</strong></span> 
     </span>
    </p>
   </div>
  </div>
 </body>
</html>
