1924 3164
313 182 380 236 72
895 174 1171 218 EXCERPTA

309 297 386 338 περ
413 279 438 323 δ
465 280 622 327 ἐκείνου
651 279 873 334 Σωκράτης
901 277 1027 333 φησί·
1055 275 1189 331 ,μετὰ
1222 278 1302 330 μὲν
1330 274 1432 327 Διὸς
1457 278 1591 333 ἡμεῖς,
1622 274 1742 322 ἄλλοι

309 348 357 390 δὲ
392 348 482 400 μετ’
510 341 637 388 ἄλλον
676 345 759 386 τῶν
785 344 942 396 θεῶν,”
984 341 1138 397 ταύτην
1171 343 1246 383 καί
1272 340 1404 391 αὐτὸς
1431 344 1491 392 εἷς
1516 342 1591 399 τήν
1617 344 1742 400 ἡλια-

267 409 382 467 -Ῠκὴν
418 410 635 465 βασιλείαν
675 406 768 451 τινα
797 406 869 450 καὶ
896 407 1062 464 χρυσῆν
1093 405 1238 464 σειρὰν
1265 403 1489 464 ἀναφέρων
1516 408 1590 452 καὶ
1614 426 1745 453 συνα-

308 475 516 531 πτόμενος.

119 547 137 593 [
187 543 306 581 anes
412 542 487 583 κδ’.
517 539 631 583 Ἀλλ’
661 536 783 581 ὁπότε
811 536 1056 596 σκήπτροισι
1082 545 1190 589 τεοῖς
1217 537 1435 594 Περσήϊον
1464 535 1573 592 αἷμα
1749 539 1774 583 5

530 601 634 661 ἄχρι
660 607 901 660 Σελευκείης
928 606 1103 647 κλονέων
1131 607 1320 661 ξιφέεσσι
1349 602 1581 661 δαμάσσῃς,

530 668 583 725 δή
614 668 704 713 τότε
731 672 779 713 σὲ
805 669 911 727 πρὸς
939 665 1149 724 Ὄλυμπον
1174 665 1263 725 ἄγει
1289 671 1554 725 πυριλαμπὲς
1580 664 1723 727 ὄχημα

531 734 648 791 α’μφί
669 737 908 793 θυελλείῃσι
934 733 1169 789 κυκώμενον
1196 737 1242 778 ἐν
1267 734 1536 791 στροφάλιγξι
1549 769 1562 789 ,

529 799 758 855 λυσάμενοι)
785 803 966 858 βροτέων
993 801 1153 857 ῥεθέων
1179 799 1431 856 πολύτλητον
1459 797 1594 856 ἆνίην.

530 863 644 922 ἥξεις
671 868 711 908 δ’
741 867 931 922 αἰθερίου
962 864 1092 923 φάεος
1118 866 1328 923 πατρώϊον
1356 863 1504 921 αὐλὴν,
1758 879 1805 907 ιο

530 930 652 974 ἔνθεν
679 928 992 986 ἀποπλαγχθεὶς
1018 932 1248 988 μεροπήϊον
1275 933 1318 980 ἐς
1346 933 1475 985 δέμας
1502 926 1644 986 ἦλθες.

190 1007 311 1044 naso
442 998 610 1047 Τούτοις
651 996 835 1053 ἀρθέντα
873 1002 958 1046 τοῖς
987 995 1128 1040 ἔπεσιν
1171 996 1299 1039 αὐτὸν
1341 995 1414 1038 καί
1457 998 1609 1051 λογίοις
1641 995 1758 1051 μάλα

321 1063 453 1118 ἡδέως
483 1061 611 1119 φησὶν
639 1063 856 1104 α’πολιπεῖν
883 1060 929 1104 τὸ
957 1061 1112 1118 θνητὸν
1131 1063 1214 1104 ’καί
1237 1063 1463 1118 ἐπίκαιρον.
1519 1059 1759 1117 πρόκεινται

319 1128 367 1170 δὲ
405 1129 489 1169 τῶν
530 1129 676 1182 λογίων
715 1121 841 1170 ἄλλαι
878 1128 985 1177 τινὲς
1011 1126 1144 1182 εὐχαί
1173 1142 1219 1169 τε
1259 1129 1332 1168 καί
1355 1129 1509 1170 θυσίαι
1538 1129 1637 1183 περὶ
1659 1125 1760 1176 τούς

145 1200 234 1238 cod.
251 1202 313 1247 ¹73
324 1191 472 1246 θεοὺς,
501 1191 552 1241 ἂς
580 1193 719 1250 ἐκείνῳ
746 1193 824 1245 μὲν
863 1194 965 1249 δρᾷν
995 1190 1217 1247 ἀναγκαῖον
1244 1187 1296 1247 ἦν
1323 1191 1444 1246 ἴσως,
1473 1193 1516 1243 ἐς
1559 1194 1606 1235 δὲ
1645 1191 1812 1235 iuro-15

322 1255 440 1314 ρικὸν
467 1258 597 1300 τύπον
625 1259 697 1299 καί
725 1257 857 1312 βάρος
886 1257 1031 1314 φέρειν
1059 1259 1136 1299 οὔκ
1163 1253 1438 1312 ἧν-εῧλογον·
1476 1257 1522 1301 τὸ
1551 1255 1633 1313 γάρ
1662 1259 1759 1299 καθ’

323 1326 477 1367 ἕκαστα
509 1324 585 1364 οὐκ
613 1317 664 1378 ἦν
705 1319 910 1377 ἀλήθειαν
939 1325 1166 1376 τιμῶντος,
1215 1321 1325 1365 ἀλλὰ
1357 1322 1426 1365 διὰ
1465 1328 1762 1379 πολυπραγμο-

321 1387 451 1444 σῦνην
478 1389 522 1437 ἐς
548 1389 674 1443 λῆρον
701 1388 1017 1444 ἆποφερομένου
1046 1389 1120 1431 καί
1145 1390 1557 1445 παρολισθαίνοντος.

431 1452 499 1497 κε’.
543 1449 636 1496 Ὅτι
665 1454 794 1510 φησίν
821 1452 1054 1503 Εὕνοίπιος·
1109 1455 1207 1511 περὶ
1239 1457 1316 1509 μὲν
1354 1450 1430 1497 οὖν
1468 1456 1552 1497 τῶν
1586 1458 1764 1501 παλαιο-

418 1580 447 1604 1.
478 1565 585 1602 ἄλλοι
626 1565 668 1602 δὲ
698 1567 799 1602 Plato
832 1566 981 1602 Phaedr.
1010 1577 1046 1612 p.
1074 1566 1140 1612 47,
1174 1577 1246 1612 17.‚
1264 1564 1340 1600 ἀλλ’
1371 1564 1419 1599 ου’
1443 1566 1497 1600 ed.
1593 1577 1624 1600 2.
1647 1563 1761 1612 ταύτῃ
1791 1560 1793 1562 ’

415 1615 507 1648 coni.
533 1614 576 1648 N.
718 1616 751 1649 5.
768 1613 915 1648 ὁπόταν
944 1613 1073 1647 suidas
1099 1625 1125 1647 s.
1158 1623 1190 1646 v.
1222 1611 1440 1649 Ἰουλιανός.
1591 1613 1625 1647 8.
1651 1619 1763 1654 στρο-

414 1660 553 1707 φάλιξι
577 1660 634 1695 ed.
735 1660 919 1705 θυέλλῃσι
942 1659 1018 1712 ed..
1098 1672 1131 1704 9.
1157 1658 1322 1705 ῥίψαντα
1351 1662 1454 1705 βροτ.
1482 1657 1583 1692 Suid.
1697 1656 1764 1703 ῥο-

414 1707 517 1786 ιῦέωγ
548 1707 605 1741 ed.
654 1751 664 1763 .
724 1718 775 1740 ιο.
810 1700 930 1749 αὐλὴν
955 1705 1075 1748 δοιὼ,
1104 1698 1222 1748 α’λκῆν
1265 1705 1319 1739 ed.
1426 1716 1479 1751 ¹7·
1510 1704 1596 1738 Post
1625 1702 1765 1738 ἕκαστα

450 1777 460 1789 .
490 1764 556 1787 ms.
588 1761 767 1799 γραφειν.

326 1844 547 1878 testimoniis
581 1844 756 1878 subnixus
785 1845 830 1878 ad
854 1845 1038 1878 Platonem
1067 1848 1251 1889 provocat.
1296 1844 1388 1877 Nam
1422 1843 1529 1877 sicuti
1561 1840 1767 1876 Platonicus

326 1892 380 1924 ait
404 1891 587 1925 Socrates:
614 1891 702 1924 Cum
726 1892 809 1924 Iove
832 1902 898 1924 nos
921 1902 1062 1932 sumus,
1086 1891 1150 1924 alii
1174 1902 1253 1924 cum
1283 1891 1358 1924 alio
1384 1889 1553 1931 deorum
1578 1890 1630 1922 ita
1656 1888 1768 1921 etiam

327 1937 489 1971 Iulianus
513 1937 559 1971 ad
583 1937 699 1971 solare
735 1936 916 1983 quoddam
948 1948 1098 1983 regnum
1133 1948 1242 1971 aurea
1275 1937 1393 1974 veluti
1427 1941 1552 1971 catena
1586 1933 1770 1970 referebat

329 1988 441 2018 semet
467 1989 577 2031 atque
608 1983 844 2029 adiungebat.

421 2033 476 2075 24.
519 2029 593 2064 Sed
615 2035 808 2076 postquam
835 2035 974 2075 sceptro
997 2034 1061 2063 tuo
1085 2029 1263 2065 Persicum
1287 2041 1398 2077 genus

518 2076 721 2110 Seleuciam
748 2087 862 2121 usque
886 2086 1106 2122 persequens
1131 2077 1249 2121 gladio
1273 2075 1491 2118 subieceris;

525 2123 631 2157 Tunc
654 2128 691 2156 te
716 2121 762 2156 ad
787 2123 980 2167 Olympum
1003 2121 1360 2167 splendidus'currus
1386 2120 1577 2163 subvehet,

523 2169 668 2203 Nimbis
696 2169 957 2203 circumdatum
979 2175 1089 2214 atque
1111 2170 1329 2210 vorticibus,

524 2215 644 2249 Variis
666 2215 874 2248 mortalium
899 2215 1141 2250 membrorum
1163 2217 1341 2249 aerumnis
1365 2214 1572 2250 liberatum.

507 2261 658 2295 'Venies
683 2267 805 2295 autem
831 2259 878 2294 ad
902 2261 1057 2295 aetherii
1082 2262 1229 2296 luminis
1255 2267 1442 2307 paternam
1466 2260 1612 2299 aulam,

527 2307 630 2341 Unde
655 2307 742 2340 olim
767 2318 934 2341 excussus
961 2307 1007 2342 ad
1030 2307 1226 2342 humanum
1250 2318 1378 2353 corpus
1402 2307 1554 2343 abieras.

424 2352 489 2386 His
513 2353 648 2388 elatum
671 2353 835 2389 versibus
860 2360 970 2400 atque
1000 2353 1154 2388 oraculis
1187 2354 1357 2388 lubenter
1380 2352 1573 2387 admodum
1595 2349 1767 2385 mortales

332 2395 624 2444 temporalesque
647 2401 792 2434 exuvias
811 2400 991 2433 dimisisse
1012 2402 1072 2435 ait.
1121 2401 1194 2434 Iam
1218 2406 1363 2446 praeter
1385 2400 1475 2433 haec
1506 2398 1649 2431 oracula
1671 2398 1766 2441 aliae

331 2455 407 2492 quo
434 2456 479 2479 ue
503 2451 645 2479 exstant
668 2447 791 2480 nescio
816 2457 908 2492 quae
932 2458 1054 2491 preces
1069 2451 1106 2481 et
1127 2446 1329 2492 peragenda
1354 2445 1424 2479 diis
1448 2445 1643 2489 sacrificia3
1678 2454 1766 2489 quas

332 2493 397 2537 qui
426 2502 482 2524 em
505 2503 560 2525 res
585 2492 629 2524 ab
656 2504 698 2527 eo
724 2494 804 2526 fieri
831 2492 983 2527 fortasse
1007 2503 1152 2528 necesse
1177 2499 1277 2535 erat,
1309 2492 1372 2526 sed
1395 2490 1537 2525 easdem
1563 2492 1602 2523 in
1625 2500 1769 2535 gravem

331 2537 519 2572 historiam
544 2539 656 2581 recipi
686 2549 760 2571 uon
786 2545 841 2572 est
867 2539 1049 2578 decorum,
1095 2538 1186 2572 Nam
1211 2538 1422 2584 singillatim
1448 2537 1568 2571 omnia
1591 2536 1764 2582 persequi

332 2583 432 2619 haud
453 2584 640 2618 veritatem
663 2586 832 2618 sectantis
857 2590 945 2626 est,·
964 2585 1027 2619 sed
1050 2585 1220 2627 hominis,
1252 2585 1316 2632 qui
1341 2584 1549 2618 curiositate
1580 2582 1765 2629 prolectas

333 2630 380 2665 ad
402 2630 557 2674 ineptias
582 2641 713 2674 pronus
739 2629 930 2664 delabitur.

427 2676 482 2712 25.
529 2675 590 2710 Ait
612 2676 814 2720 Eunapius:
883 2677 992 2722 Quod
1024 2677 1170 2722 quidem
1194 2676 1241 2709 ad
1266 2675 1490 2722 antiquiores
1516 2685 1571 2710 res
1602 2673 1762 2714 adtinet,

336 2727 372 2758 et
395 2733 486 2770 quae
510 2727 596 2758 ante
616 2733 682 2759 uos
706 2728 923 2764 evenerunt,
958 2724 1062 2757 venia
1095 2721 1328 2770 scriptoribus
1353 2721 1470 2757 danda
1495 2726 1573 2763 est,
1616 2725 1679 2755 aut
1701 2729 1765 2754 ve-
