1924 3164
570 185 606 225 E
643 181 930 224 mmmm
969 174 1242 222 ms'roluA.
1498 154 1609 211 283

164 286 239 331 καὶ
260 278 481 343 χρήμασιν
507 285 688 340 ἐτησίοις
715 285 789 326 καί
811 284 887 338 γῆς
923 279 1220 339 εὖφορωτάτης
1247 277 1419 334 οἰκήσει.
1462 272 1810 327 ’ταῦταμᾼβῶδδ

162 357 222 412 τῷ
250 353 527 410 αὕτοκράτορι
554 349 698 406 ἐπειδὴ
727 345 913 406 ἤγγειλεν
941 348 964 390 ὅ
993 349 1190 401 Κανὸἰχ,
1219 345 1500 388 αὐτίκα-οὕ
1523 342 1606 399 γάρ
1617 329 1811 410 ξῗέἑξω,

165 419 346 476 ἔσφρίγα
391 416 431 460 οἱ
468 416 515 460 τὸ
555 419 694 471 σῶμα,
723 416 823 457 οὐδὲ
862 411 1047 470 ἤκμαζεν
1073 413 1101 469 ἦ
1131 410 1253 467 dam),
1282 406 1422 466 ὥσπερ
1449 410 1739 463 οἷμέλει,Ρ,ωο

164 484 289 539 ἡνίκα
318 486 359 527 Γ
357 482 527 539 ελίμερά
569 497 616 524 τε
649 480 722 524 τὸν
759 480 979 536 Βάνδηλον
1005 478 1079 520 καί
1109 478 1324 532 Ου’ίττιγιν
1349 474 1421 519 τὸν
1447 477 1489 518 Γ
1487 472 1614 517 ότθον

139 545 298 607 5ἇμφω
338 548 403 591 ἔτι
446 547 604 599 νεάζων
631 545 752 588 ἔθετο
780 545 1074 602 δορυάλωτον·
1114 544 1205 585 ἀλλ’
1231 538 1312 598 ἤδη
1339 541 1542 597 γηραλέος
1568 555 1613 582 τε

161 612 244 671 ἦν,
289 615 362 658 καὶ
394 613 443 658 τὸ
473 616 664 669 ἄνδρεῖον
691 614 823 654 ἐκεῖνο
861 612 1060 669 φρόνημα
1086 612 1160 652 καί
1186 607 1466 666 φιλοπόλεμον
1491 621 1613 660 μετε-

162 685 338 738 βέβλητο
377 684 423 731 ἐς
460 679 506 724 τὸ
549 676 857 737 ῥᾳθυμότερον.
911 680 1050 720 ταῦτα
1086 675 1190 732 ἔγνω
1218 674 1343 734 ἑτέρῳ
1372 674 1513 734 τρόπῳ
1539 671 1615 716 καὶ

164 750 264 803 ου’χί
297 749 462 805 πολέμῳ
500 745 576 802 τὴν
612 744 878 803 βαρβαρικὴν
907 741 1258 800 ἀποκρούσασθαι
1286 741 1481 795 δύναμιν.
1536 742 1613 784 καὶ
1668 745 1670 747 ’

163 813 472 869 κατηγωνίσατο
508 807 562 854 ἂν
599 813 673 854 καί
710 807 844 867 ἄρδην
881 807 1089 868 ἠφάνισεν
1099 843 1113 864 ,
1155 809 1196 850 εἰ
1230 808 1305 849 καί
1329 805 1389 862 μὴ
1417 807 1611 863 πολέμῳ,

114 881 258 924 ψάλλ’
295 874 372 922 οὖν
420 877 644 937 εὕβουλιζιι,
667 875 716 920 ἐἴ
737 893 785 933 γε
811 875 870 932 μὴ
900 878 960 936 τῷ
985 876 1242 933 ὀφειλομένη)
1269 875 1378 918 τέλει
1405 871 1623 928 πρότερον

164 945 387 1002 ἠφανίσθη
418 944 571 994 αὐτός·
598 944 648 986 οὗ
676 942 758 1000 γάρ
786 945 924 1001 πολλῷ
952 939 1126 999 ὕστερον
1155 935 1288 999 ᾤχετο
1316 941 1463 982 ἐκεῖσε.
1519 939 1613 981 ἐπεὶ
1621 946 1648 980 Β

165 1007 243 1053 οὖν
268 1007 420 1068 ἥκιστα
447 1007 501 1067 ἦν
529 1006 616 1060 οἷός
643 1025 690 1052 τε
718 1014 924 1065 περιεῖναι
940 1041 952 1063 ,
981 1006 1055 1063 τὴν
1081 1003 1231 1063 ἑτέραν
1257 1003 1471 1062 ἐτράπετο.

272 1079 327 1131 β’.
373 1074 462 1120 Ὅτι
490 1074 786 1132 δημηγορήσας
813 1075 838 1117 ὅ
865 1073 1077 1129 βασιλεῦς,
1097 1074 1171 1116 τοῦ
1197 1089 1241 1115 τε
1267 1071 1385 1127 ἱεροῦ
1413 1068 1612 1125 ξυλλόγου

163 1142 212 1186 τὸ
242 1145 439 1199 α’γχίνουν
467 1159 514 1186 τε
539 1144 615 1184 καί
638 1140 907 1196 βουλευτικὸν
947 1143 1025 1183 τοῦ
1049 1141 1258 1193 βασιλέως
1284 1139 1612 1191 ἐπαινέσαντος,

116 1209 428 1266 ιόπαραχρῆμα
453 1206 507 1251 τά
523 1224 569 1250 τε
595 1209 713 1264 δῶρα
745 1205 928 1261 ἔστελλε,
966 1204 1113 1261 σειράς
1138 1220 1182 1247 τε
1207 1204 1357 1260 χρυσῷ
1396 1203 1615 1243 διαπεποι-

165 1277 362 1331 κιλμένας
399 1277 473 1317 καί
508 1275 674 1326 κλίνας,
701 1271 888 1327 ἐσθῆτάς
913 1288 959 1314 τε
988 1269 1165 1326 σηρικὰς
1194 1270 1267 1311 καί
1289 1270 1410 1325 ἕτερα
1437 1271 1614 1310 πλεῖστα

164 1343 495 1397 ε’κμαλθακῶσαι
521 1337 591 1384 οἶά
619 1354 666 1382 τε
693 1333 794 1381 ὄντα
837 1338 1085 1389 α’λαζονείας
1115 1333 1305 1378 α’νάπλεα
1333 1333 1582 1391 φρονήματα
1601 1367 1616 1386 ,

165 1407 273 1464 πρὸς
297 1413 382 1457 τοῖς
408 1406 482 1449 καὶ
507 1403 865 1462 πρεσβευσάμενον
893 1407 1159 1448 Βαλεντῖνον·
1188 1397 1268 1459 (εἷς
1297 1399 1346 1457 ὃν)
1377 1395 1502 1449 οὗτος
1533 1400 1618 1442 τῶν

165 1475 394 1529 βασιλικῶν
417 1490 478 1527 μα
480 1471 803 1528 χαιροφόρων·)
825 1468 899 1512 καὶ
924 1469 1204 1525 προύτρέπετο
1229 1466 1277 1509 τὸ
1317 1469 1454 1524 φῦλον
1491 1463 1618 1519 ὅμαι-

110 1541 298 1596 αοχμίαν
336 1539 502 1594 ἐσάγειν
541 1538 768 1591 Ῥωμαίοις
807 1535 881 1578 καί
917 1534 1023 1578 κατά
1065 1537 1149 1576 τῶν
1184 1532 1424 1576 α’ντιπάλων
1451 1531 1618 1583 ὁπλίζε-

165 1610 293 1659 σθαι,
319 1607 640 1663 ἐμφρονέστατα
669 1598 790 1656 οἶμαι
816 1599 1220 1658 προμηθευσάμενος
1246 1598 1269 1641 ὅ
1296 1597 1498 1653 βασιλεὺς
1516 1631 1529 1654 ,
1560 1597 1619 1647 ὥς

166 1668 199 1729 ἢ
223 1674 412 1723 νικῶντες
439 1669 478 1712 οἶ
494 1665 681 1727 ’Ἀβαροι
706 1665 735 1725 ἢ
762 1668 836 1711 καί
861 1666 1097 1725 ἡσσώμενοι
1124 1669 1169 1719 ἐξ
1207 1668 1368 1724 α’μφοῖν
1407 1667 1653 1722 περιθῶσια

261 1764 294 1786 2.
320 1750 368 1786 οὐ
388 1750 491 1790 ναι,
519 1749 539 1784 ὅ
564 1750 659 1794 vulg.
782 1760 833 1793 ¹7·
874 1749 1103 1794 φρονήματα
1135 1746 1202 1788 N„
1239 1745 1487 1793 φρονήματος
1519 1746 1618 1791 vulg.

263 1810 317 1878 :593
352 1798 418 1831 καὶ
434 1796 552 1876 ldeest
579 1798 673 1842 vulg.
776 1807 832 1830 22.
866 1797 1060 1842 περιθῶσι
1093 1795 1161 1836 N,
1198 1792 1401 1840 παραδῶσι
1423 1794 1488 1834 Η.,
1526 1794 1619 1838 περὶ

287 1853 360 1878 ωσι
386 1854 431 1876 vu
449 1854 479 1888 g.

169 1918 308 1955 tarent,
333 1912 568 1946 donarentur.
615 1911 713 1945 Haec
738 1909 901 1943 Candich
924 1910 1150 1955 Imperatori.
1198 1909 1285 1942 Erat
1317 1920 1360 1944 ea
1394 1912 1616 1954 tempestate

168 1963 370 2007 Imperator
403 1961 533 1994 effoeto
566 1969 734 2003 corpore:
767 1969 844 1991 non
869 1956 994 1990 eadem
1017 1957 1074 1989 illi
1097 1956 1151 1989 vis
1170 1956 1290 1997 ,animi
1305 1980 1315 1996 ,
1340 1967 1412 2001 qua
1435 1955 1614 1996 florebat,

169 2020 251 2043 cum
285 2007 427 2040 iuvenis
461 2004 582 2039 adhuc
605 2004 828 2040 Gelimerem
852 2002 1056 2036 Vandalum
1082 2008 1120 2036 et
1142 2002 1319 2048 Vittigem
1351 2001 1515 2037 Gothum
1549 2014 1615 2036 ca-

169 2056 289 2101 ptivos
313 2053 411 2088 fecit.
460 2053 589 2098 Itaque
624 2052 697 2084 iam
731 2061 842 2084 senex
879 2055 1004 2084 exacta
1029 2053 1168 2090 aetate,
1192 2060 1273 2082 cum
1299 2050 1413 2083 animi
1440 2048 1552 2083 robur
1576 2054 1616 2083 et

170 2103 263 2137 belli
288 2111 446 2135 amorem
481 2098 624 2133 desidia
655 2104 693 2132 et
718 2098 794 2131 otio
824 2101 1104 2136 commutasset,
1138 2095 1377 2130 barbarorum
1413 2097 1615 2130 exercitum

170 2160 246 2190 non
260 2147 373 2188 bello,
398 2147 462 2181 sed
486 2146 558 2179 alia
582 2146 723 2179 ratione
748 2156 768 2178 a
792 2143 927 2177 finibus
952 2144 1097 2188 imperii
1122 2143 1306 2187 depellere
1329 2143 1535 2177 constituit.
1569 2141 1616 2176 Et

171 2207 258 2229 sane
277 2196 423 2229 vicisset
449 2204 531 2227 eum
557 2198 594 2226 et
616 2192 763 2238 penitus
790 2189 1033 2232 exstinxisset,
1069 2189 1100 2222 si
1124 2190 1245 2224 minus
1269 2189 1438 2235 proeliis,
1464 2195 1504 2223 at
1524 2201 1615 2235 pru-

173 2240 299 2276 dentia
321 2247 359 2276 et
382 2241 555 2281 consilio,
582 2240 655 2273 nisi
678 2239 755 2283 ipse
781 2236 906 2270 debito
932 2237 1003 2271 fine
1029 2238 1131 2281 prius
1156 2238 1354 2271 exstinctus
1378 2240 1483 2270 esset.
1530 2237 1617 2270 Ete-

171 2289 249 2323 nim
273 2300 348 2323 non
372 2288 487 2322 multo
511 2290 594 2332 post
617 2297 661 2319 ex
682 2286 758 2318 vita
781 2283 957 2329 migravit.
1007 2283 1130 2329 Quum
1152 2284 1264 2330 igitur
1288 2284 1326 2319 vi
1348 2281 1519 2317 barbaros
1551 2294 1617 2317 su-

171 2345 300 2382 perare
326 2346 402 2369 non
425 2338 567 2380 posset,
591 2333 699 2366 aliam
722 2332 818 2364 viam
841 2331 1021 2375 ingressus
1045 2336 1110 2364 est.

267 2394 299 2416 2.
347 2383 403 2416 De
440 2391 482 2415 ea
514 2391 553 2414 re
584 2379 785 2425 Imperator
818 2377 1029 2411 concionem
1062 2375 1162 2423 apud
1194 2386 1332 2411 sacrum
1359 2381 1524 2411 senatum
1548 2375 1617 2408 ha-

172 2428 274 2469 buit,
306 2429 371 2474 qui
395 2428 474 2461 eius
499 2426 731 2473 prudentiam
757 2429 794 2458 et
818 2425 857 2457 in
879 2424 986 2458 rebus
1003 2423 1169 2469 gerendis
1187 2424 1332 2458 consilii
1356 2424 1430 2457 vim
1455 2428 1492 2457 et
1516 2434 1617 2456 acer-

173 2475 305 2510 rimum
329 2474 507 2509 iudicium
531 2473 637 2507 valde
666 2471 896 2506 collaudavit.
926 2470 1003 2504 Hoc
1027 2469 1122 2505 facto
1151 2473 1273 2504 statim
1296 2471 1497 2516 Imperator
1521 2468 1615 2503 dona

174 2523 221 2556 ad
246 2522 382 2566 legatos
417 2521 536 2561 misit,
574 2525 717 2553 catenas
743 2522 830 2551 auro
855 2518 1053 2562 variegatas
1079 2523 1116 2552 et
1137 2519 1252 2552 lectos
1285 2524 1322 2552 et
1345 2518 1476 2551 sericas
1498 2522 1616 2549 vestes

173 2575 211 2603 et
233 2570 306 2602 alia
323 2579 430 2615 quam
450 2567 618 2613 plurima,
644 2567 777 2613 quibus
802 2565 935 2598 leniret
959 2570 996 2597 et
1019 2564 1240 2598 demulceret
1260 2565 1401 2599 animos
1422 2563 1616 2608 superbiae

173 2621 210 2649 et
234 2616 453 2649 insolentiae
478 2615 616 2658 plenos.
667 2613 769 2646 Misit
797 2622 944 2656 quoque
978 2612 1134 2657 legatum
1157 2612 1419 2651 Valentinum,
1458 2611 1504 2655 (is
1541 2615 1617 2643 erat

172 2675 266 2695 uuus
291 2672 335 2694 ex
359 2662 603 2706 imperatoriis
630 2657 849 2694 satellitibus
865 2657 893 2700 ‚)
929 2659 988 2691 cui
1013 2660 1218 2704 praecepit,
1252 2664 1294 2691 ut
1317 2663 1460 2704 gentem
1488 2657 1616 2689 Roma-

173 2710 231 2742 nis
261 2709 435 2742 societate
461 2709 695 2753 coniungeret
732 2712 768 2739 et
793 2705 966 2744 efficeret,
1003 2711 1045 2739 ut
1067 2718 1150 2739 suos
1176 2707 1343 2739 inimicos
1368 2704 1467 2737 bello
1493 2715 1616 2748 aggre-

175 2755 359 2791 derentur.
411 2754 471 2789 sie
496 2754 592 2788 enim
616 2754 720 2787 valde
745 2751 965 2799 prudenter,
994 2752 1145 2799 opinor,
1179 2753 1380 2796 Imperator
1410 2750 1612 2791 sentiebat,
