1924 3164
582 195 616 236 E
653 159 939 236 mmm
980 191 1256 235 ms‘romA.
1535 172 1610 228 36
1623 192 1641 227 ι

195 292 280 340 εἶεν
307 292 391 338 εἴτε
415 295 631 351 ζΡωμαῖα,
660 298 979 352 παραδιδοσθαι
1001 294 1188 345 εὐθύνας
1214 294 1460 351 ὖφέξοντας.
1513 291 1563 347 ς’,
1595 293 1839 342 ὦςΑ.(1.56·ι

195 362 242 404 εἴ
262 377 394 415 τινες,
437 362 482 404 έν
511 356 545 420 ᾧ
578 360 719 420 χρόνῳ
757 360 780 402 ὅ
809 361 988 414 πόλεμος
1018 361 1303 416 ξυνειστήκει,
1331 351 1852 432 ηι’)τομόλησαν,Ῑ“(Ῐ·,“ῡ36

197 430 325 470 τοῦτο
353 429 432 481 μὲν
460 425 518 477 ὥς
543 429 724 484 Πέρσας
752 426 835 469 ἀπὸ
873 420 1127 482 Ῥωμαίων,
1164 429 1289 470 τοῦτο
1330 427 1377 469 δὲ
1415 425 1499 468 dnh
1534 401 1793 480 fleo-Iumu'

197 490 286 537 σῶν
332 491 391 543 ὥς
422 493 694 548 ςΡωμαίους,
734 493 818 548 εἴγε
860 493 1080 548 βούλοιντο
1123 493 1162 535 οἱ
1188 491 1583 550 προσκεχωρηκότες
1612 493 1656 541 ές

170 558 252 604 5τὰ
286 558 394 601 οἴκοι
421 560 781 616 ἐπαναστρέφειν,
827 557 890 615 μὴ
917 557 1116 615 γίνεσθαί
1140 576 1289 616 σφισιν
1329 556 1526 612 ἐμποδών
1551 553 1658 612 μήτε

197 624 283 681 μὴν
310 625 481 683 κωλύμῃ
509 623 767 680 χρήσασθαί
799 641 896 667 τινι.
949 624 1048 675 τοὺς
1073 627 1220 678 μέντοι
1258 626 1304 668 ἐν
1333 626 1467 682 καιρῷ
1494 621 1659 679 εἰρήνης

198 689 467 744 αὐτομόλους
498 688 629 746 ἤγουν
664 690 1012 747 καταφεύγοντας
1056 692 1101 742 ἐξ
1139 688 1292 746 ἑτέρων
1319 692 1380 741 εἷς
1405 688 1573 746 ἑτέρους
1597 688 1656 745 μὴ

199 758 510 812 ὑποδέχεσθαι,
554 757 647 799 ἀλλ’
675 755 720 799 ἐκ
753 755 908 806 παντὸς
933 756 1092 813 τρόπου
1122 759 1196 799 καί
1223 753 1402 805 ἄκοντας
1431 755 1662 811 ἐγχειρίζε-

199 827 307 867 σθαι
347 830 437 873 τοῖς
479 826 524 875 ἐξ
563 818 624 867 αἷν
665 822 741 866 καὶ
775 821 1036 880 ἀπέδρασαν.
1094 823 1124 875 ζ’
1165 826 1292 879 μέρος
1330 825 1412 864 τῶν
1439 823 1661 876 σπονδῶν,

145 887 311 933 rodiam
346 888 446 940 τούς
484 888 813 944 ἐπεγκαλοῦντας
853 889 954 946 περὶ
995 892 1072 932 τοῦ
1112 890 1315 932 σίνεσθαί
1345 905 1387 931 τι
1422 889 1538 944 σφᾶς
1565 886 1703 938 τοῦςΒ

200 958 643 1010 ἀντιπολιτευομένους
673 956 767 1014 δίκῃ
796 958 1029 1010 τέμνεσθαι
1058 955 1105 999 τὸ
1140 952 1520 1013 φιλονεικούμενον,
1552 950 1580 1009 ἢ
1610 955 1668 996 δι’

200 1021 366 1068 ἑαυτῶν
393 1025 478 1066 τῶν
505 1021 581 1077 τήν
608 1022 771 1078 βλάβην
800 1021 1073 1065 πεπονθότων
1101 1018 1128 1078 ἢ
1158 1024 1216 1064 δι’
1237 1021 1400 1063 οἰκείων
1427 1018 1665 1076 ἀνθρώπων

201 1089 246 1133 ἓν
286 1094 371 1139 τοῖς
410 1091 632 1145 μεθορίοις
669 1087 787 1142 παρὰ
834 1095 921 1138 τοῖς
960 1084 1170 1145 ἄρχουσιν
1213 1085 1415 1144 ἑκατέρας
1453 1089 1668 1136 πολιτείας

201 1155 452 1208 ξυνιόντων·
492 1152 603 1197 οὕτω
641 1156 688 1197 δὲ
724 1154 797 1197 τὸν
836 1154 1107 1210 ζημιώσαντα
1150 1151 1392 1197 ἀκέσασθαι
1421 1152 1470 1195 τό
1502 1152 1667 1205 σκάζον.

150 1222 269 1280 ι’5ῃ’,
309 1218 418 1264 ὥστε
460 1223 536 1264 τοῦ
577 1223 728 1263 λοιποῦ
763 1220 821 1276 μή
855 1223 1044 1276 ἐγκαλεῖν
1071 1223 1251 1276 Πέρσας
1281 1219 1517 1273 εΡωμαιόις
1544 1219 1666 1261 ἕνεκα

198 1291 276 1332 τοῦ
304 1289 595 1337 ἐπικτίζεσθαι
623 1286 671 1328 τὰ
696 1287 868 1343 Δάρας,
911 1285 1028 1337 ἔδοξε
1069 1286 1146 1328 καί
1170 1285 1416 1342 ἀμφοτέραν
1451 1285 1667 1327 πολιτείαν

199 1357 276 1400 τοῦ
303 1356 455 1397 λοιποῦ
485 1355 695 1409 μηδαμῶς
733 1354 1006 1407 ἐπιτειχίζειν
1017 1387 1030 1406 ,
1056 1346 1188 1407 ἤγουν
1219 1352 1403 1408 περιοχῇ
1428 1367 1510 1393 τινι
1539 1367 1669 1399 κατα-

199 1422 424 1478 σφαλίζειν
459 1436 503 1462 τι
541 1420 626 1462 τῶν
663 1421 709 1462 ἐν
741 1425 830 1469 τοῖς
859 1417 1100 1475 ὃροθεσίοις
1127 1419 1324 1474 χωρίων,
1374 1419 1446 1460 ἳνα
1473 1415 1534 1472 μὴ
1564 1417 1670 1473 πρό-ι

202 1503 335 1545 φασις
363 1487 560 1528 ἐντεῦθεν
592 1484 729 1528 ἔσοιτο
754 1487 967 1541 ταραχῆς,
988 1486 1061 1526 καί
1085 1487 1132 1527 ἐκ
1152 1482 1306 1526 τούτου
1329 1482 1667 1538 διαλυθήσονται

145 1552 469 1602 ῃοαὶνσπονδαί.
523 1549 578 1605 θ’,
606 1551 666 1607 μὴ
697 1553 861 1594 ἐπιέναι
882 1549 911 1607 ἢ
929 1555 1126 1605 πολεμεῖν
1155 1548 1323 1608 ὑπηκόῳ
1347 1549 1466 1592 ἔθνει
1493 1545 1523 1605 ἢ
1547 1549 1672 1607 χώρᾳ

202 1621 290 1663 τινὶ
316 1612 431 1677 ἄλλη
448 1617 547 1668 τούς
573 1617 723 1674 ἑτέρας
751 1618 987 1667 πολιτείας·
1027 1620 1187 1672 μᾶλλον
1214 1618 1293 1670 μὲν
1318 1612 1395 1658 οὖν
1428 1611 1528 1658 ἄνευ
1557 1614 1700 1669 fild-C

203 1689 282 1741 βης
319 1684 395 1727 καί
433 1686 522 1727 κατ’
562 1684 687 1727 οὐδὲν
716 1684 858 1727 ὁτιοῦν
894 1685 1237 1740 πημαινομένους
1275 1683 1321 1725 ἐν
1356 1683 1416 1740 τῷ
1446 1682 1566 1740 αὐτῷ
1591 1681 1670 1736 με’-

299 1787 329 1821 3.
350 1783 428 1819 α’πὸ
455 1790 541 1820 ante
566 1786 735 1832 Περσῶν
769 1797 815 1819 ex
839 1787 934 1820 coni.
960 1785 1146 1820 addidisse
1180 1784 1329 1819 videtur
1352 1785 1398 1819 H.
1516 1783 1549 1827 4.
1569 1793 1668 1828 προ-

299 1832 556 1879 κεχωρηκότες
578 1834 672 1878 vulg.
775 1845 808 1878 9.
825 1838 906 1870 τοῖς
930 1833 969 1872 ἐξ
987 1834 1053 1873 Η.,
1079 1825 1170 1869 τοὺς
1193 1833 1231 1872 ἐξ
1254 1832 1350 1877 vulg.
1446 1843 1503 1867 22.
1526 1842 1672 1877 πημαικ

300 1882 488 1927 νομένους
511 1879 568 1922 Ν.,
591 1890 643 1922 πη
667 1881 905 1927 μενομένους
923 1880 1020 1925 vulg.

205 1965 365 1995 statutas
392 1961 518 2003 luant;
551 1965 594 1994 ut
628 1959 709 2001 his,
745 1961 833 2006 qui,
861 1959 949 1994 dum
980 1959 1120 1992 bellum
1146 1963 1242 1999 erat,
1278 1958 1356 1993 sive
1381 1968 1402 1991 a
1424 1956 1595 1991 Romanis
1623 1956 1672 1990 ad

210 2009 335 2043 Persas
355 2033 365 2049 ,
405 2007 481 2042 sive
507 2018 527 2039 a
551 2006 666 2041 Persis
691 2006 738 2039 ad
763 2008 940 2040 Romanos
966 2006 1210 2047 transierunt,
1246 2004 1277 2038 si
1303 2003 1445 2049 regredi
1475 2009 1513 2037 et
1534 2002 1582 2036 ad
1605 2013 1672 2036 sua

211 2055 332 2090 redire
353 2054 558 2094 voluerint,
592 2054 736 2087 nullum
760 2052 1063 2098 impedimentum
1098 2058 1162 2086 aut
1192 2051 1361 2084 molestia
1391 2050 1475 2093 fiat3
1509 2050 1574 2084 sed
1604 2051 1672 2096 qui

211 2114 279 2148 per
299 2112 426 2146 pacem
453 2100 626 2145 deinceps
655 2100 848 2144 aufugient
873 2106 910 2133 et
932 2099 1145 2145 migrabunt
1171 2109 1216 2131 ex
1243 2098 1395 2132 alterius
1419 2097 1574 2131 ditionis
1594 2101 1672 2130 ter-

210 2151 284 2188 ris,
309 2149 348 2181 in
373 2148 525 2181 alterius
552 2148 736 2191 regionem
763 2147 913 2181 minime
940 2146 1203 2186 admittantur,
1242 2144 1308 2185 sed
1340 2145 1442 2178 omni
1469 2143 1580 2178 modo
1615 2148 1674 2177 et-

210 2196 285 2229 iam
313 2196 420 2230 inviti
449 2193 651 2228 reddantur
672 2194 743 2233 his,
769 2205 787 2226 a
816 2205 971 2239 quorum
1001 2193 1190 2225 dominatu
1216 2193 1440 2237 effugerunt3
1462 2202 1546 2236 pars
1577 2203 1674 2237 quo-

212 2254 285 2289 que
309 2241 499 2275 foederum
528 2240 623 2281 fuit,
652 2246 706 2281 ut,
731 2241 763 2274 si
791 2241 855 2286 qui
886 2245 1150 2286 quererentur,
1180 2238 1252 2272 sibi
1281 2237 1372 2285 quid
1388 2237 1511 2271 damni
1526 2238 1674 2272 illatum

213 2300 291 2323 esse
315 2300 336 2321 a
363 2289 568 2322 contrariae
598 2289 710 2335 partis
740 2288 902 2327 civibus,
941 2286 1081 2320 iudicio
1105 2285 1299 2320 dirimatur
1322 2285 1569 2320 controversia
1595 2286 1673 2320 sive

211 2348 279 2383 per
303 2346 364 2370 eos
391 2335 511 2380 ipsos,
536 2336 599 2380 qui
629 2335 803 2368 iniuriam
828 2335 924 2378 passi
947 2334 1020 2367 sint
1035 2358 1045 2373 ‚
1069 2333 1144 2366 sive
1172 2343 1238 2377 per
1259 2337 1376 2366 certos
1396 2331 1578 2375 homines,
1607 2332 1675 2378 qui

213 2385 255 2417 in
272 2382 439 2416 confiniis
464 2382 563 2426 apud
588 2382 776 2426 utriusque
801 2383 914 2427 partis
942 2379 1145 2425 praefectos
1170 2379 1408 2420 conveniant,
1437 2384 1476 2413 et
1503 2381 1578 2420 ita,
1606 2378 1675 2426 qui

212 2430 440 2476 peccaverit,
478 2429 610 2463 damno
636 2427 851 2471 medeatur;
890 2433 932 2461 ut
959 2427 999 2461 in
1027 2431 1214 2472 posterum
1237 2427 1366 2461 Persae
1390 2425 1562 2460 Romanis
1595 2437 1675 2460 non

214 2481 462 2514 succenseant,
488 2476 589 2521 quod
612 2477 724 2509 Daras
749 2475 929 2515 muniant,
946 2474 1100 2519 placuit,
1126 2479 1317 2520 utramque
1344 2485 1420 2507 rem
1439 2473 1627 2519 publicam
1652 2484 1677 2506 a.

218 2523 427 2557 muniendis
454 2523 544 2556 locis
569 2533 685 2568 prope
717 2522 807 2555 fines
839 2522 918 2554 sitis
946 2533 1054 2566 porro
1086 2517 1297 2563 abstinere,
1329 2530 1451 2567 neque
1484 2531 1527 2555 ea
1562 2521 1676 2554 muris

219 2574 258 2603 ct
283 2569 568 2615 propugnaculis
604 2569 851 2609 circumdare,
890 2578 937 2601 ne
972 2568 1058 2602 inde
1083 2567 1274 2602 turbarum
1307 2568 1448 2602 occasio
1483 2573 1677 2607 nascatur,

220 2621 258 2650 ct
282 2616 430 2650 foedera
455 2616 722 2659 dissolvantur3
747 2616 930 2650 neminem
958 2614 1138 2649 invadere.
1153 2621 1218 2650 aut
1240 2614 1341 2649 bello
1376 2616 1554 2648 lacessere
1589 2624 1680 2659 gen-

218 2669 294 2697 tem
319 2668 382 2696 aut
414 2663 625 2708 regionem,
663 2673 758 2709 quae
794 2662 861 2696 sub
896 2662 1108 2696 alterutrius
1149 2662 1304 2708 imperio
1325 2663 1411 2703 sit,
1452 2661 1518 2695 sed
1553 2661 1678 2708 potius

219 2720 344 2743 omnes
369 2709 470 2742 nulla
502 2709 639 2744 iniuria
664 2710 852 2744 lacessitos
885 2709 1015 2742 eodem
1042 2713 1140 2743 statu
1167 2720 1337 2750 manere,
1359 2715 1403 2743 ut
1427 2709 1503 2742 illis
1529 2718 1679 2754 quoque

215 2767 306 2803 pace
331 2756 404 2791 frui
429 2756 563 2803 liceat5
590 2768 636 2792 ne
663 2768 791 2803 magna
817 2756 978 2792 militum
1004 2768 1135 2791 manus
1158 2757 1271 2792 Daras
1308 2756 1405 2791 ultra
1428 2766 1538 2803 quam
1553 2760 1681 2790 custo-
