1924 3164
536 178 570 218 E
606 174 888 218 mimum
928 172 1201 217 fflsroniA.
1493 153 1608 210 315

175 277 336 334 βόχθης
354 278 406 334 δή
429 273 507 321 οὖν
533 273 791 334 οἷπεκρίνατο,
819 277 1039 332 α’κηκοέναι
1053 276 1138 330 μὲν
1165 274 1240 318 τὸν
1264 275 1396 318 αὐτοῦ
1412 275 1606 329 βασιλέα,
1620 278 1708 314 ΑΛ),
1723 278 1787 326 ⁵7¹

177 344 234 395 ὥς
262 344 342 387 dvc}
370 343 421 387 τοὶ
450 344 581 400 ἐκείνῃ
608 340 792 399 βραχεῖά
816 358 878 392 τις
904 343 1061 396 ἐγένετο
1081 339 1270 398 ταραχή,
1296 344 1463 383 στεῖλαι
1489 342 1537 383 δὲ
1564 326 1753 408 ὅ-ῗίῗὲἰῇἰ

173 426 265 464 μως
292 408 383 453 τινοὶ
414 408 488 453 τὸν
516 406 747 462 δυνάμενον
771 410 816 450 ἑν
841 408 983 466 κόσμῳ
1002 409 1161 451 θέσθαι
1186 406 1239 450 τοὶ
1264 408 1512 463 γεγενημένα
1538 408 1613 449 καὶ
1764 386 1784 422 ⁷

173 474 246 518 τὸν
282 474 468 531 θόρυβον
509 474 830 517 καταπαύσοντα
847 505 860 517 .
924 475 1141 524 Ἰουστΐνος
1185 474 1232 516 δὲ
1259 472 1611 529 Περσαρμενίους

147 543 500 598 5προφανέστατα
525 538 608 598 ἔφη
636 540 906 590 εἰσδέξασθαι
922 543 1106 597 Περσῶν
1132 536 1512 595 α’ποχωρήσαντας,
1538 540 1614 581 καὶ

174 608 226 650 οὔ
253 604 531 663 περιόψεσθαι
557 608 668 662 σφᾶς
695 602 1008 659 ἀδικουμένους,
1040 602 1108 649 οἷα
1138 605 1189 661 δή
1229 603 1522 661 ὁμογνώμονας
1554 604 1611 648 τὰ

174 675 234 723 εἰς
258 671 382 716 θεόν.
435 672 652 728 Σεβόχθης
693 670 746 726 δὴ
790 668 866 715 οὖν
891 674 936 715 ἒν
962 674 1158 728 Πέρσαις
1197 672 1394 727 ἀγχίνους
1433 687 1478 714 τε
1513 667 1646 726 ἅμαῙ)

172 738 247 782 καὶ
270 740 448 792 νομίζων
486 736 539 780 τ’(ὶ
570 738 668 794 περὶ
692 736 741 779 τὸ
772 740 890 780 θεῖον
926 734 1002 779 οὔκ
1030 732 1167 787 ἄλλως
1194 734 1222 792 ἢ
1250 737 1364 780 καθὰ
1391 737 1608 791 νομίζουσι

173 805 449 861 Χριστιανοὶ,
487 802 790 858 ἑπιμελέστατοὶ
818 821 906 854 πως
946 804 1079 846 ἐδεῖτο
1106 807 1182 847 τοῦ
1205 806 1412 858 βασιλέως
1435 804 1608 847 Ἰουστί-

119 887 240 918 ιονου
267 870 327 926 μή
356 872 529 925 κινῆσαί
547 888 588 913 τι
612 871 695 913 ταῖν
722 871 767 912 έν
791 871 946 928 κόσμῳ,
970 871 1016 912 ἐν
1039 870 1097 927 νῷ
1123 886 1169 911 τε
1195 871 1404 923 βαλέσθαι
1429 868 1503 912 τὸν
1528 868 1607 912 πό-

168 941 320 991 λεμον,
363 934 498 985 οὕτως
537 932 691 992 ἄδηλον
728 937 902 991 πρᾶγμα
929 934 1003 978 καὶ
1038 932 1135 978 οὔτε
1163 937 1234 978 ἐπὶ
1259 933 1402 992 ῥητοῖς
1420 933 1605 979 εἰωθότα

164 1009 345 1058 χωρεῖν.
401 1005 476 1044 καί
501 999 566 1044 ὅτι
595 1001 662 1057 δή,
691 1001 775 1057 εἴγε
805 1000 915 1045 οὕτω
941 1001 1076 1057 τύχοι,
1104 1003 1178 1044 καί
1207 1000 1470 1058 κρατούντων
1490 1002 1605 1044 ‘Pm-

165 1068 328 1123 μαίων,
354 1070 397 1118 ἐς
422 1069 660 1111 τούναντίον
687 1068 832 1117 αὐτοῖς
866 1070 1088 1125 περισταίη
1118 1067 1173 1110 τὰ
1200 1070 1274 1123 τῆς
1301 1070 1439 1123 νίκης.
1466 1065 1605 1110 ἑσιόνυ

165 1150 235 1184 τες
260 1133 341 1191 γὰρ
369 1136 413 1183 ἐς
437 1133 514 1190 τὴν
541 1135 725 1189 Περσῶν
749 1135 823 1175 καί
841 1134 914 1176 ἐπὶ
928 1132 1180 1188 μικρότατον
1210 1132 1451 1188 ὁδοιπορίας
1476 1130 1604 1175 ἐλαύ-

114 1207 300 1249 ι5νοντες
323 1198 574 1256 εὑρήσουσιν
599 1196 788 1248 ἅπαντάς
816 1215 862 1253 γε
892 1197 944 1253 δή
972 1215 1052 1240 που
1080 1201 1179 1254 περὶ
1203 1197 1251 1240 τὸ
1280 1202 1397 1240 θεῖον
1425 1198 1499 1240 οὐκ
1526 1193 1603 1239 ἆλ-

164 1269 258 1318 λως,
288 1261 393 1322 ἥπερ
411 1264 552 1318 αὐτὸν,
581 1261 888 1314 ἐσπουδακότας
903 1281 914 1291 ·
943 1264 1016 1318 ὥς,
1047 1262 1130 1318 εἴγε
1147 1262 1304 1306 ἕλοιντο
1318 1262 1416 1312 τούς
1435 1260 1602 1305 τοιούσ·

166 1333 212 1373 δε
248 1327 567 1384 ἀποκτιννύναι,
614 1330 741 1373 ου’δὲν
779 1325 906 1385 ἦττον
946 1329 1074 1372 αὐτοὶ
1110 1328 1237 1371 πάλιν
1277 1328 1726 1384 ἧττηθήσονται.Ρ.ι17

163 1394 216 1439 οὔ
245 1399 350 1451 δῆτα
380 1392 455 1440 οὖν
479 1395 618 1452 χρεών
648 1394 750 1438 κατὰ
781 1397 1054 1450 Χριστιανῶν
1079 1394 1177 1444 τούς
1204 1392 1428 1449 ὁμοδόξους
1455 1394 1602 1451 θήγειν

163 1462 215 1505 τοὶ
244 1463 371 1519 ξίφη.
426 1462 530 1506 ἄλλα
559 1461 640 1518 γὰρ
668 1468 752 1511 τοῖς
781 1459 888 1504 οὕτω
911 1463 1005 1504 λίαν
1034 1458 1207 1515 ὁμαλοῖς
1233 1477 1277 1504 τε
1303 1463 1376 1504 καί
1402 1462 1602 1504 ἐπιεικέσι

109 1526 300 1582 αολόγοις
334 1530 551 1577 Ἰουστῑνος
592 1529 669 1569 οὔκ
705 1523 809 1585 ᾤετο
835 1529 994 1583 χρῆναι
1021 1526 1194 1570 ἔσεσθαι
1220 1526 1459 1582 πειθήνιος.
1517 1526 1601 1584 ἔφη

162 1596 223 1647 δὲ,
252 1594 321 1647 ὥς,
350 1592 432 1648 εἴγε
460 1596 669 1650 παραθείη
695 1594 899 1636 δάκτυλον
927 1595 1023 1646 ἕνα,
1052 1590 1345 1649 κινηθήσεται,
1374 1595 1447 1635 καί
1474 1592 1531 1643 ὥς
1558 1594 1602 1642 ἐς

160 1659 447 1716 τὴνΠερσῶν
475 1658 641 1702 ἐλάσοι·
671 1657 853 1716 θαρρεῖν
883 1676 943 1712 τε,
965 1659 1037 1712 ὥς,
1065 1661 1105 1702 εἰ
1130 1658 1236 1715 πρὸς
1261 1659 1442 1713 πόλεμον
1470 1657 1603 1715 ὄρμή-

258 1751 308 1774 ιο.
333 1748 373 1773 τε
397 1737 478 1773 add.
502 1739 542 1773 N.
642 1740 693 1784 ¹4·
719 1737 963 1786 μακρότατον
986 1740 1079 1774 coni.
1104 1739 1147 1774 N.

162 1811 260 1848 erat,
285 1808 533 1852 contigerant,
557 1806 746 1845 disserere.
770 1808 817 1841 Et
840 1807 904 1841 ille
929 1807 1078 1854 quidem
1111 1819 1229 1853 regem
1263 1819 1367 1840 suum
1401 1807 1601 1852 accepisse,

162 1854 372 1898 respondit,
398 1859 559 1886 exortum
586 1854 781 1898 quemdam
805 1856 846 1887 in
871 1854 937 1887 illa
961 1855 1146 1898 provincia
1170 1855 1388 1893 tumultum,
1421 1854 1541 1887 levem
1565 1858 1603 1887 et

163 1902 348 1944 exiguum,
374 1899 420 1934 ad
447 1910 527 1933 eum
551 1899 752 1933 sedandum
775 1901 936 1940 misisse,
965 1900 1029 1945 qui
1053 1901 1307 1945 comprimeret
1336 1905 1374 1933 et
1401 1911 1456 1932 res
1476 1899 1604 1943 pristi-

160 1959 208 1981 no
232 1947 343 1979 statui
368 1947 583 1979 restitueret„
610 1948 768 1980 Iustinus
792 1957 878 1980 vero
903 1946 1023 1991 palam
1052 1946 1163 1987 dixit,
1189 1957 1225 1979 se
1240 1946 1517 1986 Persarmenios,
1536 1945 1601 1991 qui

159 2005 180 2028 a
206 1994 319 2026 Persis
359 1993 598 2034 defecissent,
637 1993 676 2026 in
705 1994 811 2027 fidem
846 1993 1072 2038 tutelamque
1109 2003 1208 2025 suam
1245 1993 1442 2036 recepisse,
1478 2002 1600 2037 neque

159 2041 190 2073 si
216 2040 297 2085 quis
330 2051 390 2073 eos
423 2041 556 2073 iniuria
582 2039 758 2080 afficeret,
795 2039 1061 2084 neglecturum,
1085 2040 1220 2085 quippe
1245 2039 1309 2084 qui
1331 2038 1479 2079 eadem,
1504 2049 1599 2084 quae

159 2088 258 2131 lpse,
282 2086 325 2119 (le
351 2087 526 2131 religione
549 2085 736 2120 sentirent.
785 2085 1008 2119 Sebochthes
1025 2090 1156 2125 autem,
1185 2086 1247 2131 qui
1265 2085 1362 2130 apud
1373 2085 1491 2118 Persas
1509 2096 1600 2129 pru-

159 2133 284 2167 dentia
309 2132 533 2174 excellebat,
560 2144 640 2165 cum
665 2132 836 2174 eandem,
861 2143 969 2178 quam
995 2131 1213 2174 Christiani,
1239 2132 1284 2164 de
1312 2131 1490 2176 religione
1516 2131 1599 2176 opi-

158 2181 307 2213 nionem
329 2179 502 2221 haberet,
535 2180 644 2213 etiam
675 2184 784 2224 atque
822 2179 931 2212 etiam
966 2177 1200 2212 vehementer
1230 2178 1410 2212 Iustinum
1445 2177 1595 2219 orabat.

156 2238 205 2260 ne
229 2238 293 2267 ea,
317 2238 408 2271 quae
432 2238 470 2260 se
497 2227 591 2260 bene
627 2225 825 2267 haberent,
855 2230 1035 2264 moveret,
1067 2230 1105 2259 et
1128 2231 1169 2258 ut
1200 2226 1358 2258 animum
1386 2223 1596 2266 induceret,

157 2272 297 2306 bellum
323 2285 399 2307 esse
424 2284 497 2306 rem
523 2272 628 2307 valde
653 2273 827 2306 incertam
849 2282 969 2317 neque
1009 2271 1116 2305 certis
1142 2271 1282 2317 legibus
1310 2271 1432 2304 fluere.
1463 2271 1596 2316 Quod-

159 2319 191 2352 si
216 2318 310 2353 forte
339 2321 486 2354 fortuna
518 2320 763 2364 contingeret,
800 2324 842 2351 ut
865 2317 1017 2352 Romani
1041 2318 1190 2352 victoria
1219 2318 1447 2363 potirentur,
1479 2319 1595 2362 ipsam

158 2366 343 2399 victoriam
367 2367 517 2400 fortasse
544 2367 583 2399 in
610 2365 827 2400 contrarium
855 2376 1027 2402 casuram.
1073 2365 1216 2398 Etenim
1242 2365 1306 2410 qui
1331 2364 1516 2398 Persarum
1537 2375 1596 2398 re-
1651 2368 1655 2370 “

158 2411 303 2456 gionem
329 2413 388 2447 vel
410 2413 619 2447 brevissimo
643 2413 776 2446 itinere
811 2413 1063 2457 cognoverint,
1100 2421 1161 2444 eos
1186 2415 1408 2456 compertum
1431 2410 1568 2444 habere
1583 2435 1595 2451 ,

160 2469 284 2492 omnes
308 2470 382 2493 non
408 2460 479 2494 alio
505 2461 576 2493 ritu
603 2460 829 2504 religionem,
857 2470 964 2503 quam
990 2460 1067 2502 ipse
1092 2459 1208 2498 colat,
1237 2458 1354 2491 colere
1388 2462 1424 2491 et
1457 2457 1596 2502 ample-

160 2506 221 2539 cti.
247 2505 318 2540 Hos
342 2507 373 2539 si
397 2507 560 2540 occidere
586 2506 829 2550 susceperint,
852 2505 1090 2538 nihilominus
1117 2510 1242 2550 postea
1279 2506 1386 2550 longe
1421 2504 1511 2549 ipsis
1534 2505 1595 2536 in-

158 2552 310 2586 feriores
335 2553 423 2586 fore.
471 2552 623 2587 Proinde
648 2553 784 2586 iniuste
813 2562 873 2584 eos
897 2556 1021 2585 contra
1045 2550 1209 2586 homines
1233 2552 1359 2586 eadem
1384 2563 1464 2584 cum
1484 2550 1596 2584 Chri-

159 2599 287 2632 stianis
321 2599 494 2644 religione
530 2605 674 2633 utentes
709 2610 811 2632 enses
841 2609 918 2632 esse
953 2598 1150 2637 stricturos.
1206 2598 1271 2632 His
1300 2603 1373 2632 tam
1402 2599 1528 2643 aequis
1556 2602 1596 2631 et

159 2645 304 2678 lenibus
328 2647 551 2680 sermonibus
575 2647 733 2679 lustinus
759 2646 907 2678 minime
932 2645 1001 2678 sibi
1026 2645 1324 2691 acquiescendum
1355 2643 1590 2685 existimavit,

138 2692 223 2725 med
247 2691 364 2733 dixit,
389 2693 530 2726 etiamsi
558 2704 668 2726 unum
694 2692 846 2736 digitum
881 2697 1103 2736 apponeret,
1142 2703 1179 2726 se
1213 2691 1483 2738 expeditionem
1513 2701 1593 2723 sun-

158 2744 344 2782 cepturum
375 2745 412 2773 et
442 2738 618 2774 Persidem
643 2740 858 2773 invasurum.
889 2737 1100 2779 confidere.
1129 2749 1189 2779 se,
1218 2738 1248 2773 si
1278 2740 1316 2772 in
1346 2738 1482 2772 bellum
1508 2746 1593 2771 eru-
