1924 3164
302 232 413 299 3140
892 248 1174 310 ExcERPTA

112 352 615 407 Α.<3.579ἆποστήσεσθαι
648 352 722 406 τῆς
750 349 1051 408 ἐπιχειρήσεως
1071 384 1083 405 ,
1114 353 1166 393 οὖ
1198 350 1378 405 δώροις,
1425 350 1753 408 οθκιέπαγγελί-
1774 398 1785 411 ,

126 401 392 483 Τέῧὲϊζαις,
427 419 508 471 οὔχ
539 415 667 474 ἑτέρῳ
696 418 781 459 τινί
805 418 888 459 τῶν
917 416 1104 470 πάντων,
1133 416 1231 473 πρὶν
1261 413 1313 459 ἄν
1341 418 1416 472 τήν
1445 414 1566 460 πόλιν
1583 417 1631 460 »τὸ
1651 422 1752 475 Σίρ-

242 474 251 484 ’
292 500 393 537 μιον
419 479 728 538 χειρωσάμενος
754 481 833 538 τὴν
862 483 1096 539 Σιρμιανῆν
1125 480 1295 525 ἅπασαν
1322 481 1586 538 οἷκειιόσηται
1611 486 1753 541 νῆσον,

294 549 348 605 ἢν
380 546 626 591 δικαιότατα
656 547 730 590 καί
755 546 977 604 προσήκειν
1004 549 1117 605 αὐτῷ
1142 549 1371 603 Γηπαίδων
1410 549 1613 604 πρότερον
1653 552 1752 605 κτῆ-

294 633 354 668 μα
394 617 638 669 γενομένην,
679 614 820 657 αὐτῶν
863 615 910 656 δὲ
950 613 1034 655 ὖπὸ
1079 613 1274 671 Ἀβάρων
1312 616 1664 670 πολεμηθέντων,
1693 614 1779 665 ὦςό
1820 669 1826 673 ‚

295 681 491 723 έιτεῦθεν
533 679 606 722 καί
648 678 701 722 τοὶ
752 678 941 735 κτήματα
980 679 1084 722 κατὰ
1127 678 1175 722 τὸ
1207 678 1318 729 εἰκὸς
1347 680 1462 737 αὐτῷ
1491 682 1653 733 μᾶλλον
1680 683 1756 723 καί

298 743 346 788 οὗ
381 746 617 799 εΡωμαιόις
659 746 877 802 ἁρμόζειν.
933 748 1068 788 ταῦτα
1097 745 1271 802 ἐτάραξε
1298 747 1406 800 μὲν,
1453 745 1527 788 καί
1551 745 1629 801 τὴν
1657 743 1755 788 διοί-

167 819 200 850 Ρ,
218 823 276 856 ι3ι
297 828 414 855 νοιαν
442 813 586 861 δεινῶς
611 810 694 853 ὑπό
724 828 767 854 τε
796 813 920 867 ὀργῆς
948 813 1024 854 καί
1060 811 1195 867 λύπης
1235 812 1407 866 συνέχεε
1435 814 1512 865 τοῦ
1542 807 1754 868 αὐτοκρά-

292 894 431 934 τορος·
461 885 548 928 τοῖς
578 877 711 920 εἰκόσι
741 880 813 930 δὲ,
844 878 901 926 ὥς
930 879 1043 933 ἐνῆν,
1073 875 1213 932 λόγοις
1233 876 1309 920 καὶ
1335 875 1463 926 αὐτὸς
1488 875 1754 933 χρησάμενος

294 940 507 993 ἆντέλεξεν
545 938 653 985 ὦδε·
689 941 776 996 »ὥς
817 938 911 986 οὔτε
961 941 1141 996 δυνάμει
1183 942 1256 985 καί
1283 943 1454 1000 ἀνδρείᾳ
1479 941 1627 1000 χειρὸς
1655 938 1806 987 οὕτε-πό

294 1011 422 1067 σοφίᾳ
451 1011 678 1064 περιῆλθεν
707 1010 822 1064 ἡμᾶς
852 1008 875 1050 ὅ
899 1008 1118 1064 Χαγοὶνος,
1153 1007 1258 1051 α’λλὰ
1291 1008 1461 1065 εἷρήνας
1488 1024 1532 1051 τε
1556 1010 1631 1052 καί
1655 1015 1755 1051 συν-

293 1072 431 1129 θήκας
460 1074 533 1116 καὶ
559 1073 661 1116 θεὸν
687 1074 760 1116 τὸν
791 1074 1001 1128 ὄμοθέντα
1030 1075 1312 1130 καθυβρίσας,
1346 1075 1480 1116 παντί
1501 1089 1582 1116 που
1611 1075 1754 1129 δῆλον.

294 1141 418 1182 πλέον
447 1141 493 1181 δὲ
523 1135 638 1192 ὅμως
667 1141 767 1181 ου’δὲ
788 1137 1003 1198 αὐτῷτὴν
1024 1141 1223 1182 α’πιστιάν
1252 1137 1371 1193 οἶμαι
1398 1142 1620 1196 παρέξειν·
1645 1141 1755 1182 θᾶτ-
1803 1156 1805 1158 ’

293 1223 365 1249 τον
401 1204 482 1262 γὰρ
525 1202 576 1247 ἂν
614 1206 730 1263 αὐτῷ
761 1208 864 1259 μίαν
901 1207 983 1248 τῶν
1023 1207 1273 1260 θυγατέρων
1313 1205 1605 1260 κατεγγυήσω,
1635 1206 1754 1247 δυοῖν

293 1272 610 1326 ὑπαρχουσῶν,
657 1267 686 1326 ἢ
712 1270 757 1313 τὸ
803 1271 982 1327 Σίρμιον
1010 1269 1087 1326 τὴν
1113 1269 1235 1313 πόλιν
1262 1268 1368 1313 ἑκών
1397 1271 1652 1327 παραδώσω.
1709 1271 1804 1315 εἰιό

296 1338 344 1379 δέ
383 1326 428 1390 χε
468 1335 644 1390 δυνάμει
684 1339 756 1379 καί
789 1338 862 1395 βίᾳ
900 1334 1057 1392 ταύτην
1086 1337 1244 1388 ἐξέλοι,
1284 1336 1359 1379 καί
1394 1333 1503 1378 οὕτω
1529 1335 1601 1379 τὸν
1629 1337 1754 1392 ὕβρι-

291 1406 444 1455 σμένον
472 1406 574 1458 παρ’
605 1399 735 1443 αὐτοῦ
762 1400 864 1444 θεὸν
901 1400 1064 1446 ἔκδικον
1104 1403 1324 1455 α’ναμένων
1374 1400 1503 1451 αὐτὸς
1528 1399 1678 1458 ἥκιστά
1711 1419 1756 1444 τι

257 1460 618 1525 Βκαταπροέσθαι
644 1470 718 1523 τῆς
739 1468 962 1521 Ῥωμαίων
988 1468 1202 1515 πολιτείας
1228 1469 1468 1523 ἐννοηθείην
1489 1469 1627 1510 ποτέ.”
1682 1467 1757 1511 ἐπὶ
1800 1468 1802 1470 ’

267 1532 458 1583 ’τούτοις
506 1533 580 1591 τὸν
622 1532 886 1588 πρεσβευτὴν
914 1531 1295 1585 α’ποπεμψάμενος,
1325 1533 1661 1589 παρεσκευάζετο
1705 1534 1752 1575 ἐκ

292 1603 376 1644 τῶν
418 1598 595 1641 ἐνόντων
631 1602 682 1656 τῇ
728 1596 849 1640 πόλει
890 1595 1089 1651 ἀμύνειν,
1128 1597 1332 1654 στρατιὰν
1369 1600 1472 1652 μὲν,
1517 1597 1574 1648 ὥς
1612 1597 1805 1654 ἔφθην20

295 1664 495 1721 εἰρηκώς,
527 1663 626 1706 οὐδὲ
654 1663 864 1721 βραχεῖάν
891 1680 984 1706 τινα
1014 1662 1126 1717 ἔχων
1146 1696 1160 1716 ,
1196 1662 1458 1719 στρατηγούς
1488 1665 1535 1705 δὲ
1563 1663 1637 1706 καί
1661 1664 1754 1719 ἦγε-

292 1731 427 1784 μόνας
470 1732 543 1771 καί
577 1729 785 1785 λοχαγοὺς
824 1733 1026 1782 στέλλων,
1054 1727 1154 1777 τούς
1195 1731 1274 1782 μὲν
1310 1727 1381 1770 διὰ
1408 1730 1481 1784 τῆς
1507 1731 1752 1785 Ἰλλυριῶν,

291 1796 389 1846 τούς
408 1799 455 1838 δὲ
474 1795 545 1837 διὰ
573 1797 846 1849 Δαλματίας,
878 1795 937 1844 ὥς
963 1790 1014 1836 ἂν
1035 1793 1117 1848 τὴν»
1134 1793 1256 1837 πόλιν
1284 1792 1355 1836 διὰ
1384 1795 1575 1851 φρουρᾶς
1600 1793 1753 1849 ἔχοιεν.

382 1888 419 1920 ’3.
444 1882 663 1932 Σιρμιανῆν
686 1886 745 1926 Η.,
771 1878 1035 1931 Σιρμισιανὴν
1059 1883 1154 1928 vulg.
1274 1885 1305 1928 4.
1332 1881 1377 1925 ἢν
1403 1882 1626 1918 δικαιότατα
1647 1883 1748 1925 Val„

387 1931 435 1975 ἢν
460 1932 698 1978 δικαιώματα
721 1931 815 1978 vulg.
919 1933 952 1966 5.
977 1930 1369 1977 καταπολεμηθέντων
1394 1931 1487 1964 coni.
1514 1930 1560 1965 N.
1631 1942 1682 1965 ιι.
1707 1930 1751 1964 ὖ-

385 1980 463 2026 μᾶς
486 1980 582 2025 vulg.

296 2044 372 2076 ulla
397 2044 470 2076 alia
498 2054 536 2076 re
561 2042 667 2077 illum
679 2042 815 2075 moveri
838 2049 965 2086 posse,
990 2045 1031 2074 ut
1055 2040 1208 2075 desistat
1227 2040 1271 2074 ab
1286 2042 1478 2086 incoepto,
1503 2049 1625 2085 neque
1639 2040 1748 2086 quie-

295 2095 418 2122 turum
444 2089 559 2123 donec
583 2089 709 2122 urbem
735 2089 892 2132 ceperit,
920 2092 957 2121 et
984 2099 1129 2121 omnem
1151 2087 1363 2121 Sirmianam
1388 2087 1541 2120 insulam
1564 2086 1748 2131 propriam

296 2136 368 2169 sibi
392 2135 529 2170 fecerit.
578 2135 697 2181 Seque
724 2136 804 2168 iure
829 2135 868 2168 id
893 2135 1030 2175 facere,
1065 2136 1150 2180 quia
1178 2133 1402 2178 Gepidarum
1438 2133 1538 2178 prius
1572 2132 1663 2166 haee
1689 2134 1749 2167 in-

297 2184 373 2216 sula
409 2184 542 2223 fuerit,
582 2193 735 2228 quorum
768 2192 824 2214 res
850 2185 888 2214 et
912 2180 1021 2214 urbes
1047 2181 1176 2214 iustius
1201 2180 1331 2215 Avares
1356 2179 1428 2213 sibi
1452 2178 1637 2213 vindicare
1660 2190 1749 2224 pos-

298 2235 400 2270 sent,
439 2232 503 2274 qui
535 2240 595 2262 eos
630 2228 851 2268 devicerint,
885 2239 994 2273 quam
1028 2228 1190 2260 Romani.
1240 2228 1339 2261 Hace
1364 2227 1618 2270 Imperatorem
1639 2225 1748 2260 valde

296 2275 579 2319 perturbarunt,
621 2281 658 2308 et
693 2275 846 2319 graviter
875 2275 953 2308 eius
982 2279 1140 2308 mentem
1173 2274 1225 2307 ira
1258 2278 1295 2307 et
1329 2273 1454 2307 dolore
1488 2274 1748 2316 perculerunt,

297 2327 420 2355 tamen
452 2322 586 2355 idonea
622 2327 658 2355 et
685 2322 788 2365 ipse,
827 2326 1002 2366 quantum
1039 2321 1181 2365 potuit,
1217 2321 1382 2354 oratione
1407 2330 1492 2352 usus
1516 2319 1567 2352 ita
1593 2331 1746 2365 respon-

301 2369 378 2401 dit:
415 2368 563 2414 „Neque
590 2367 724 2413 copiis,
751 2378 872 2411 neque
897 2367 1115 2400 fortitudine
1141 2377 1289 2409 manus,
1314 2376 1433 2413 neque
1457 2365 1654 2410 prudentia
1679 2376 1746 2400 nos

300 2414 490 2458 Cha‘ganus
514 2415 770 2454 circumvenit,
805 2413 870 2446 sed
895 2425 975 2446 eum
1001 2425 1125 2458 pacem
1152 2417 1189 2445 et
1213 2412 1340 2454 deum,
1367 2423 1432 2458 per
1456 2423 1563 2457 quem
1589 2413 1747 2454 inravit,

301 2459 501 2501 delusisse,
536 2461 703 2494 omnibus
737 2461 968 2494 manifestum
995 2466 1059 2496 est.
1108 2459 1354 2493 Nihilominus
1386 2459 1441 2491 illi
1467 2459 1656 2502 perfidiam
1679 2470 1747 2504 pa-

301 2517 382 2540 rum
404 2508 630 2551 profuturam
658 2518 734 2540 esse
759 2518 875 2551 spero.
924 2506 996 2541 Sed
1014 2507 1136 2551 potius
1161 2517 1268 2539 unam
1296 2518 1340 2539 ex
1359 2505 1522 2545 filiabus,
1548 2516 1636 2551 quas
1656 2505 1745 2539 duas

301 2553 441 2594 habeo,
476 2554 531 2586 illi
554 2553 837 2597 desponderem‚
871 2564 978 2599 quam
1006 2554 1175 2587 Sirmium
1201 2552 1374 2597 oppidum
1406 2553 1530 2585 volens
1554 2552 1743 2586 traderem.

304 2600 413 2645 Quod
441 2601 471 2633 si
495 2599 529 2632 vi
555 2601 786 2644 expugnarit,
828 2611 892 2645 ego
920 2599 1025 2634 deum
1051 2600 1205 2632 ultorem
1231 2605 1458 2643 exspectans,
1483 2600 1584 2632 cuius
1608 2609 1744 2633 numen

302 2647 472 2686 violavit,
508 2646 660 2690 imperio
687 2648 844 2679 Romano
879 2657 936 2679 me
970 2657 1045 2679 nou
1070 2645 1228 2678 defuisse
1261 2645 1515 2680 existimabo.“
1561 2646 1655 2679 Tum
1683 2645 1743 2677 ‹li-

303 2694 411 2726 misso
440 2694 577 2737 legato,
608 2692 692 2725 urbi
723 2693 907 2737 suppetias
932 2693 1025 2725 ferre
1051 2692 1172 2738 quoad
1194 2693 1340 2736 potuit,
1374 2688 1524 2736 parairit.
1571 2692 1716 2725 Etenim
1731 2704 1747 2732 ‚⁷

303 2746 345 2772 ut
371 2741 536 2783 superius
562 2738 659 2778 dixi,
695 2739 814 2771 nullas
842 2738 1001 2772 habebat
1023 2739 1165 2781 copias,
1201 2739 1326 2783 itaque
1352 2740 1572 2772 exercituum
1598 2737 1742 2782 praefe-

305 2793 401 2825 ctos,
428 2786 535 2819 duces
562 2791 598 2818 ct
622 2791 816 2818 turmarum
844 2784 1032 2824 ductores,
1058 2784 1123 2818 hos
1149 2795 1212 2829 per
1238 2784 1422 2828 Illyrium,
1449 2784 1539 2818 alios
1562 2795 1628 2832 per
1650 2785 1741 2819 Dal-

304 2833 451 2866 matiam
476 2833 612 2874 mittit,
636 2836 677 2864 ut
703 2831 844 2872 urbem,
870 2831 989 2876 quoad
1015 2832 1093 2864 fieri
1118 2837 1259 2877 posset,
1285 2832 1520 2867 custodirent.
1739 2842 1745 2851 ·
