1924 3164
561 176 630 215 Ex
671 174 887 216 EUNAPu
926 170 1199 215 ms'romA.
1522 149 1595 216 45

151 273 229 319 κᾶν
259 277 415 319 δοκῶσι
443 275 550 332 πρὸς
576 275 622 317 τὸ
650 275 793 332 βραχὺ
824 277 898 318 καί
923 272 1060 331 παρὸν
1086 268 1401 327 ἐπιτυγχάνειν·
1458 267 1649 315 δεύτε-ᾼ.
1664 280 1785 315 (1358

153 358 229 398 ρον
257 344 306 384 δὲ
333 338 394 384 ὅτι
421 340 528 399 πρὸς
547 342 783 395 Ῥωμαίους
813 341 911 395 ὑμῖν
939 340 963 382 ὅ
991 338 1112 396 λόγος
1147 339 1266 382 ἔσται
1293 337 1401 390 κάμὲ
1426 333 1499 378 τὸν
1525 327 1796 407 39-16231‘122

149 423 284 461 χοντα
315 407 498 461 τούτων,
544 404 595 449 ὃν
621 401 718 448 οὔτε
751 408 1027 458 πολεμοῦντες
1065 399 1163 447 οὔτε
1191 400 1357 459 εἰρήνην
1387 401 1601 449 αἷΐθῧνῒδς
1612 421 1680 454 Iul.
1691 420 1733 454 C.
1750 420 1774 463 4

153 474 414 528 ἐνικήσατε.”
467 470 781 530 προσεκύνησαν
808 473 881 514 ἐπὶ
907 471 1069 521 τούτοις
1107 466 1289 518 ἅπαντες
1314 469 1390 510 καί
1416 465 1604 522 ἀνευφή-

125 539 277 593 5μουν,
303 538 405 582 θεόν
430 555 534 582 τινα·
552 539 624 582 ἐπὶ
649 544 738 587 τοῖς
769 535 908 592 λόγοις
934 537 1173 592 ἧγούμενοι.
1200 532 1478 588 σπεισάμενος
1503 533 1606 587 γοῦν

153 607 228 647 καί
264 603 340 660 τὴν
378 606 454 647 τοῦ
480 600 773 659 Νεβισγάστου
812 605 971 659 μητέρα
1011 600 1142 656 μόνον
1179 598 1384 656 αἰτήσας,
1436 599 1606 645 ἐκείνων

155 668 471 724 ὁμολογούντων
496 685 543 712 τε
570 666 664 723 ἅμα
699 671 774 710 καί
809 667 991 721 δόντων,
1033 668 1251 719 ἀνέζευξεν
1286 665 1360 708 ἐπὶ
1389 661 1645 713 τοιαύταιςρ

154 732 346 791 πράξεσι,
372 736 622 791 μετοπώρου
650 750 694 777 τε
721 731 938 790 ἑστηκότος
963 732 1037 776 καί
1070 733 1278 788 χειμῶνος
1303 725 1386 788 ἤδη
1413 744 1609 772 συνιστα-

158 803 286 854 μένου
316 799 710 856 καί-διαψόχοντος.
1088 796 1091 798 ’

106 880 157 907 10
265 866 318 920 β’.
361 864 452 910 εΌτι
471 865 746 923 Βαδομάριός
779 884 841 917 τις
862 863 1043 920 δυνάμει
1063 868 1137 909 καί
1156 866 1288 924 τόλμῃ
1309 870 1481 921 προεῖχε
1501 866 1543 907 Γ
1539 869 1660 920 ερ-Α.
1670 868 1786 914 (1.359

154 934 315 987 μανῶν,
344 933 419 974 καί
444 934 488 981 ἐς
517 934 640 974 τοῦτο
669 931 906 989 ’ὗπετύφετο
934 933 1240 987 μεγαλαυχίας,
1272 928 1392 973 ὥστε
1408 928 1607 984 ἐτύγχανε
1618 913 1804 995 {xli-²¹23

153 1000 233 1052 μὲν
260 994 418 1053 ὅμηρον
443 997 518 1040 τὸν
545 995 703 1040 ἑαυτοῦ
732 996 925 1047 δεδωκώς
954 996 1072 1051 υἱὸν,
1129 999 1208 1046 ἓως
1249 993 1303 1038 ἂν
1340 991 1486 1053 ἀποδῷ
1511 993 1609 1045 τούς
1621 1009 1688 1043 Iul.
1701 1008 1772 1043 (25

156 1062 473 1118 αἰχμαλώτους,
523 1061 598 1111 οὓς
626 1064 671 1104 ἐκ
709 1065 784 1118 τῆς
811 1065 1081 1119 καταδρομῆς
1111 1059 1201 1117 εἶχε
1227 1062 1612 1117 συνηρπασμένους,

155 1126 330 1177 τούτους
359 1129 406 1170 δὲ
435 1124 510 1169 οὖκ
540 1127 771 1177 ἄποδιδοῦς
798 1126 947 1184 α’πῄτει
980 1127 1053 1170 τὸν
1092 1124 1273 1183 ὅμηρον,
1323 1126 1456 1169 πολλὰ
1493 1123 1614 1167 ἄπει-

108 1196 268 1247 dms»,
317 1194 358 1236 εἰ
381 1193 440 1249 μὴ
469 1192 618 1246 λάβοι.
673 1193 916 1246 ἀποπέμπει
946 1192 997 1248 δὴ
1041 1195 1191 1235 τοῦτον
1226 1189 1456 1240 Ἰουλιανὸς
1484 1192 1613 1250 αὐτῷ,

157 1261 355 1301 τοσοῦτον
382 1257 556 1311 ἐπιθείς,
586 1258 646 1308 αἷς
672 1259 748 1300 οὕκ
777 1257 887 1301 ἐστιν
917 1259 1158 1310 α’ξιόπιστον
1185 1259 1230 1299 ἓν
1258 1256 1479 1311 μειράκιον
1499 1256 1611 1310 ὑπὲρ
1627 1302 1636 1311 ,

1401 1318 1479 1340 ,u

157 1326 321 1367 πολλῶν
365 1323 669 1380 εὖγενεστέρων
714 1323 926 1380 ὅμηρεῦον
973 1327 1075 1380 παρ’
1118 1324 1252 1382 αὐτῷ·
1321 1322 1400 1364 ἄλλ
1450 1340 1476 1377 η
1514 1320 1614 1370 τούς

157 1386 451 1443 αἰχμαλώτους
477 1386 727 1431 ἀποδιδόναι
753 1390 984 1446 προσῆκον,
1038 1385 1159 1438 ὄντας
1194 1388 1302 1443 ὑπὲρ
1330 1387 1643 1445 τρισχιλώυς,1)

155 1461 245 1504 τοῖς
269 1455 421 1497 adusta
447 1451 595 1510 ἥξουσι
620 1456 847 1512 πρέσβεσιν
863 1489 875 1509 ,
924 1452 951 1512 ἢ
981 1456 1207 1499 ἀδικοῦντα
1247 1456 1424 1497 εἰδέναι.
1477 1457 1611 1497 ταῦτα

104 1518 319 1577 ῃοὲγραφέ
343 1536 387 1563 τε
414 1520 490 1563 καὶ
513 1521 592 1576 τὴν
619 1524 848 1577 πρεσβείαν
874 1520 1062 1565 ἔστελλε.
1118 1523 1193 1563 καί
1233 1520 1360 1570 αὔτὸς
1396 1522 1531 1563 εἵπετο
1557 1525 1612 1576 τῇ

157 1587 359 1643 πρεσβείᾳ
400 1586 484 1629 α’πὸ
527 1589 732 1641 Νεμέτων
771 1583 880 1644 ἄρας
923 1590 995 1631 ἐπὶ
1032 1587 1107 1632 τὸν
1138 1589 1307 1643 Ῥῆνον.
1360 1582 1442 1643 ἤδη
1478 1603 1524 1630 τε
1557 1583 1610 1644 ἦν

156 1651 259 1708 πρὸς
287 1658 375 1702 τοῖς
396 1650 660 1710 Ῥαυράκοις,
690 1649 716 1694 δ’
743 1654 834 1696 ἐστι
863 1655 1077 1711 φρούριον.

255 1731 304 1754 ιο.
340 1723 499 1766 προεῖχε
531 1721 709 1763 Boisson„
735 1727 920 1768 προσεῖχε
943 1723 1037 1769 vulg.
1175 1733 1227 1767 ¹7-
1248 1721 1527 1769 εὐγενεστέρων
1549 1720 1608 1765 N„

251 1765 517 1811 ειῗγενέστερον
538 1769 634 1814 vulg.

163 1824 193 1857 si
215 1823 409 1857 videantur
435 1823 481 1856 ad
514 1823 623 1859 breve
652 1830 793 1870 tempus
803 1830 887 1867 ,-et
918 1830 1096 1872 quantum
1125 1826 1173 1859 ad
1199 1837 1372 1872 praesens
1401 1826 1535 1860 attinet
1565 1826 1613 1859 ad

162 1874 288 1914 optata
342 1869 543 1914 pervenire.
592 1872 761 1912 Deinde,
804 1874 892 1917 quia
925 1872 1030 1905 vobis
1076 1883 1133 1904 res
1168 1878 1225 1906 est
1259 1885 1338 1906 cum
1371 1875 1540 1906 Romanis
1575 1878 1614 1906 et

160 1927 319 1958 mecum,
351 1916 416 1962 qui
443 1927 520 1949 sum
542 1927 668 1950 eorum
695 1919 895 1962 Imperator
911 1943 922 1960 ,
967 1929 1077 1964 quem
1099 1929 1220 1964 neque
1249 1920 1388 1952 bellum
1417 1926 1609 1963 gerentes,

161 1974 283 2008 neque
322 1973 449 2008 pacem
488 1964 664 1997 facientes
715 1975 877 2010 unquam
918 1964 1189 2008 superavistis.“
1236 1965 1515 1999 procubuerunt
1552 1965 1610 1999 his

163 2010 268 2044 dictis
295 2019 420 2043 omnes
447 2013 485 2042 et
511 2016 596 2054 post
630 2010 714 2043 illos
746 2021 928 2044 sermones
959 2010 1067 2044 deum
1098 2011 1261 2057 aliquem
1290 2022 1367 2044 esse
1397 2012 1612 2046 existiman-

162 2062 245 2097 tes„
276 2055 335 2089 illi
362 2056 481 2089 fausta
506 2057 704 2102 feliciaque
739 2057 860 2090 omnia
886 2061 974 2090 sunt
1006 2057 1159 2101 precati.
1206 2057 1332 2090 Pacem
1356 2058 1469 2103 igitur
1497 2058 1628 2101 fecit„

162 2108 201 2136 et
226 2101 339 2140 solam
365 2101 572 2148 Nebisgasti
599 2109 750 2137 matrem
782 2104 912 2148 petiit,
943 2114 1053 2148 quam
1073 2103 1218 2138 barbari
1244 2103 1373 2138 foedus
1401 2105 1611 2150 approban-

162 2155 218 2183 tes
255 2144 376 2183 statim
411 2149 601 2183 dederunt.
649 2150 717 2183 His
751 2150 944 2190 confectis,
991 2155 1166 2183 autumno
1195 2149 1242 2183 ad
1274 2151 1383 2184 finem
1412 2158 1608 2198 vergente,

165 2200 202 2228 et
229 2194 352 2230 hieme
380 2196 552 2237 ineunte,
587 2197 689 2238 (iam
712 2198 810 2230 enim
843 2196 1047 2241 frigebat,)
1079 2197 1264 2241 profectus
1296 2202 1363 2234 est.

257 2240 290 2276 :i-
337 2240 572 2276 Badomarius
610 2244 708 2276 inter
740 2244 938 2277 Germanos
968 2243 1135 2287 potentia
1163 2248 1201 2276 et
1236 2245 1467 2290 auctoritate⁴
1487 2246 1608 2279 excel-

163 2287 256 2329 luit,
287 2299 381 2333 quae
406 2299 462 2322 res
490 2300 573 2323 eum
597 2289 644 2323 ad
667 2295 803 2324 tantam
829 2290 1034 2335 superbiam
1060 2290 1216 2331 extulit,
1245 2294 1305 2331 ut‚·
1326 2292 1475 2335 proprio
1505 2292 1606 2334 filio,

165 2334 252 2368 dum
283 2336 444 2380 captivos
472 2335 662 2377 redderet,
686 2348 777 2383 quos
800 2347 866 2382 per
895 2336 1127 2370 excursiones
1154 2343 1299 2382 ceperat
1315 2338 1483 2378 ,·obside
1507 2338 1606 2380 dato,

165 2391 247 2414 cum
277 2381 427 2415 minime
455 2384 612 2430 captivos
644 2384 874 2423 restitueret,
920 2382 1160 2416 nihilominus
1197 2382 1363 2417 obsidem
1396 2384 1469 2418 sibi
1499 2386 1607 2420 resti-

165 2428 222 2460 tui
246 2427 464 2471 postulavit,
496 2429 612 2462 multa
647 2430 744 2463 mala
777 2430 955 2470 minatus,
991 2430 1023 2462 si
1058 2440 1133 2463 non
1158 2431 1347 2475 reciperet.
1394 2431 1500 2464 Hunc
1520 2442 1606 2466 vero

166 2473 331 2507 Iulianus
362 2474 410 2508 ad
431 2475 551 2519 ipsum
585 2477 744 2517 remisit,
777 2475 847 2509 hoc
868 2475 1064 2516 adficiens,
1102 2488 1215 2510 unum
1238 2476 1507 2511 adolescentem
1531 2489 1608 2511 non

168 2530 245 2553 esse
281 2520 453 2554 idoneum
485 2522 583 2567 apud
619 2534 658 2556 se
689 2535 754 2567 pro
786 2522 910 2555 multis
941 2522 1184 2557 nobilioribus
1217 2523 1392 2557 obsidem.
1441 2525 1514 2558 Sed
1543 2529 1609 2557 aut

167 2565 354 2610 captivos,
393 2567 458 2613 qui
483 2568 530 2601 ad
557 2569 628 2602 tria
650 2570 767 2602 millia
792 2570 830 2602 in
856 2570 934 2602 eius
957 2574 1139 2614 potestate
1164 2576 1280 2610 erant,
1306 2581 1389 2604 eum
1413 2573 1608 2605 restituere

168 2618 357 2657 oportere,
394 2619 456 2647 aut
479 2614 635 2649 iniuriae
669 2627 804 2661 poenas
829 2626 866 2649 se
891 2616 1095 2650 soluturum
1129 2627 1205 2650 esse
1229 2617 1347 2650 sciret.
1395 2618 1494 2651 Haec
1515 2617 1609 2651 scri-

167 2659 243 2703 psit
266 2664 304 2691 et
332 2659 553 2704 legationem
585 2662 708 2702 misit,
747 2673 854 2708 quam
891 2672 966 2695 non
997 2663 1113 2696 multo
1147 2668 1232 2710 post
1258 2665 1338 2708 ipse
1360 2663 1607 2709 subsequutus

170 2709 248 2745 est,
282 2716 303 2738 a
337 2705 550 2742 Nemetibus
581 2707 635 2747 adx
664 2707 827 2742 Rhenum
858 2719 1028 2754 movens;
1062 2711 1136 2744 iam
1173 2709 1398 2756 enimapud
1432 2711 1606 2744 Rauracos

169 2755 268 2793 erat,
303 2762 398 2799 quae
422 2758 478 2787 est
501 2754 740 2790 Romanorum
765 2754 919 2790 colonia.
