1924 3164
582 171 626 232 Ἐ
664 189 838 233 musci
889 188 1164 232 ms‘romA.
1511 170 1622 226 223

277 292 324 337 ε’.
374 291 558 350 Ἱστορεῖ
577 294 681 348 γοῦν
697 295 889 350 Πρίσκος
914 290 938 333 ὅ
970 290 1108 350 ῥήτωρ
1128 291 1295 349 φθῆναι
1321 292 1555 347 τηνικαῦτα
1581 292 1626 340 ἐς

159 360 243 417 τῆν
267 357 547 416 Ἀλεξάνδρου
575 361 622 403 ἐκ
650 361 727 415 τῆς
754 361 840 401 τῶν
861 357 1062 414 Θηβαίων
1079 360 1311 414 ἐπαρχίας,
1348 358 1455 402 ἰδεῖν
1482 373 1528 401 τε
1553 355 1628 401 τὸν

161 428 301 483 δῆμον
339 423 471 481 ὄμόσε
508 424 617 469 κατὰ
658 426 743 468 τῶν
782 423 1001 479 ἀρχόντων
1037 426 1290 479 χωροῦντα,
1317 425 1393 479 τῆς
1418 439 1465 466 τε
1493 441 1626 478 στρα-

163 494 356 548 τιωτικῆς
384 491 604 546 δυνάμεως
630 489 709 547 την
746 488 899 533 στάσιν
926 487 1179 533 διακωλύειν
1206 491 1466 546 βουλομένης
1492 492 1628 533 λίθων

141 552 316 613 5βολαῖς
353 556 510 609 αὗτοὺς
550 557 827 613 χρήσασθαι.
897 557 1153 612 τρέψασθαί
1176 572 1221 599 τε
1256 556 1431 606 τούτους
1469 554 1551 599 dmi
1577 555 1624 600 τὸ

162 623 282 681 ἱερὸν
309 622 358 666 τὸ
392 621 526 667 πάλαι
544 620 810 679 Σαράπιδος,
839 621 915 664 καὶ
938 621 1258 678 α’ναὸραμόντας
1286 623 1626 679 ἐκπολιορκῆσαι,

164 689 240 732 καί
262 687 371 746 πυρὶ
397 689 556 741 ζῶντας
576 689 870 745 παραδοῦναι.
923 688 1057 730 ταῦτά
1083 704 1129 730 τε
1156 685 1228 730 τὸν
1254 689 1435 742 βασιλέα
1460 685 1630 742 μαθόν-

165 773 223 799 τα
268 754 507 810 δισχιλίους
542 756 780 806 νεολέκτους
807 755 1036 808 ἐκπέμψαι,
1065 752 1142 796 καὶ
1166 756 1246 796 τοῦ
1273 751 1508 808 πνεύματος
1534 756 1629 798 ἐπι-

164 820 376 876 τυχόντας
401 820 762 877 οῧριοδρομῆσαι,
793 818 852 871 ὥς
891 817 974 863 dmi
1005 818 1080 876 τὴν
1109 821 1230 876 ἕκτην
1266 821 1351 863 τῶν
1383 821 1553 877 ἡμερῶν
1577 823 1631 880 τῇ

113 885 324 945 Ιομεγάλῃ
360 889 445 930 τῶν
466 883 780 943 Ἀλεξανδρέων
821 893 1053 944 προσσχεῖν
1088 886 1231 930 πόλει.
1287 888 1517 931 κάντεῦθεν
1545 891 1631 932 τῶν

164 955 434 1010 στρατιωτῶν
478 952 791 1010 παροινούντων
829 954 872 1004 ἐς
900 969 945 996 τε
974 951 1054 1003 τὰς
1084 952 1272 1008 γαμετάς
1300 956 1373 997 καί
1388 955 1650 1010 θυγατέρας,

164 1022 252 1063 τῶν
292 1018 605 1076 Ἀλεξανδρέων
640 1022 724 1063 τῶν
767 1018 946 1076 πρώτων
973 1018 1106 1062 πολλοὶ
1137 1017 1355 1076 δεινότερα
1383 1024 1632 1077 προελθεῖν.

165 1083 344 1142 ὕστερόν
371 1101 415 1128 τε
458 1087 665 1142 δεηθῆναι
689 1084 763 1129 τὸν
790 1087 926 1141 δῆμον
953 1088 1030 1128 τοῦ
1058 1085 1240 1143 Φλώρου
1268 1089 1352 1130 τῶν
1382 1095 1631 1143 στρατιωτιέ-

167 1154 253 1195 κῶν
294 1151 519 1207 ταγμάτων
555 1149 819 1207 ἡγουμένου,
866 1151 974 1206 ὄμοῦ
1001 1168 1048 1194 τε
1090 1154 1165 1195 καῖ
1191 1151 1269 1209 τήν
1295 1151 1515 1209 πολιτικήν
1542 1155 1632 1197 διέ-

117 1216 311 1267 ιόποντος
339 1216 493 1273 α’ρχην,
524 1216 607 1260 civo?
635 1217 723 1273 ιτην
753 1216 1039 1274 ἱπποδρομίαν
1063 1218 1316 1262 ἆλισθέντα·
1373 1215 1480 1261 ὥστε
1511 1236 1633 1262 κατα-

165 1281 416 1340 πράξασθαι
457 1284 605 1334 αὐτοῖς
630 1283 707 1340 τὴν
733 1286 809 1327 τοῦ
847 1284 1091 1340 σιτηρεσίου
1120 1283 1341 1341 χορηγίαν,
1368 1281 1498 1342 ἥνπερ
1529 1288 1632 1341 παρ’

172 1351 315 1393 αὐτῶν
355 1348 550 1408 ἀφῄρητο
559 1383 573 1404 ,
600 1346 654 1392 τά
683 1365 730 1392 τε
756 1352 962 1404 βαλανεῖα
1005 1351 1080 1392 καί
1103 1349 1180 1407 τήν
1209 1353 1317 1394 θέαν
1344 1353 1419 1394 καί
1446 1347 1527 1395 ὅσα
1558 1351 1631 1394 διὰ

166 1414 243 1470 τήν
272 1419 497 1472 γενομένην
521 1417 666 1459 αὐτῶν
698 1417 878 1468 α’ταξίαν
919 1416 1211 1473 ἀπεκόπησαν.
1266 1419 1342 1460 καί
1385 1414 1519 1468 οὕτως
1558 1419 1635 1463 τὸν

167 1483 349 1537 Φλῶρον
396 1478 590 1538 έσηγήσει
638 1483 692 1540 τῇ
730 1481 866 1525 αὑτοῦ
910 1485 1092 1539 φανέντα
1130 1484 1190 1541 τῷ
1215 1481 1335 1542 δήμῳ
1363 1483 1635 1539 ὑποσχέσθαι

107 1563 210 1591 201⁵
239 1547 355 1607 αὐτῷ
380 1547 456 1591 καί
479 1546 553 1606 τὴν
579 1546 728 1593 ποίοιν
755 1546 862 1607 πρὸς
888 1547 1031 1608 βραχὺ
1063 1547 1277 1594 ὃιαλύσαι.
1332 1553 1449 1594 Idem
1477 1554 1544 1595 II.
1572 1554 1615 1596 5.

265 1708 297 1741 5.
348 1705 480 1740 Tradit
517 1707 630 1752 igitur
667 1709 811 1743 Priscus
844 1708 971 1743 rhetor
1005 1720 1043 1744 se
1082 1721 1127 1744 ex
1159 1710 1387 1757 praefectura
1422 1709 1634 1746 Thebarum

168 1751 430 1787 Alexandriam
456 1755 612 1796 venisse,
640 1755 862 1801 plebemque
887 1756 1059 1790 adversus
1086 1760 1318 1803 magistratus
1349 1757 1395 1791 ad
1422 1769 1522 1792 arma
1547 1770 1638 1792 con-

168 1800 321 1833 citatam
354 1800 499 1834 vidisse.
548 1801 668 1846 Quam
702 1815 782 1836 cum
808 1803 944 1836 milites
984 1815 1214 1849 compescere
1238 1805 1511 1844 muneremur,
1537 1805 1638 1839 sedi-

167 1847 284 1879 tiosos
317 1845 503 1890 lapidibus
535 1847 643 1881 iact'is
682 1860 744 1882 eos
782 1849 822 1882 in
858 1849 978 1896 fugam
1002 1852 1176 1891 vertisse,
1203 1857 1240 1884 et
1264 1853 1304 1885 in
1332 1853 1509 1895 templum
1535 1852 1638 1898 quod

171 1893 261 1926 olim
289 1893 475 1938 Serapidis
512 1894 634 1927 fuerat
664 1896 898 1939 compulsos,
930 1895 975 1930 ad
1009 1896 1314 1943 deditionemque
1340 1898 1501 1938 adactos,
1533 1900 1636 1932 vivos

167 1939 425 1975 combussisse.
476 1940 542 1973 His
569 1942 762 1985 compertis
778 1943 981 1987 Imperator
1005 1943 1063 1977 bis
1088 1944 1190 1976 mille
1213 1944 1352 1978 tirones
1378 1946 1418 1978 in
1431 1945 1636 1990 Aegyptum

168 1986 295 2028 misit,
334 1989 417 2032 qui,
450 1987 609 2022 secundo
644 1994 753 2021 vento
794 1990 911 2031 vecti,
947 1996 1050 2023 sexto
1089 1989 1149 2023 die
1184 1991 1440 2025 Alexandriam
1475 1993 1638 2037 appule-

174 2038 274 2067 runt.
323 2035 493 2069 Protinus
521 2034 632 2078 igitur
655 2035 794 2069 milites
820 2036 996 2070 matronis
1021 2041 1059 2070 et
1082 2037 1218 2081 puellis
1242 2038 1450 2082 principum
1479 2039 1518 2071 in
1543 2038 1635 2072 urb'e

173 2080 402 2124 familiarum
436 2080 638 2115 libidinose
677 2082 897 2123 illuserunt,
941 2088 980 2116 et
1001 2083 1178 2117 infandae
1203 2084 1432 2119 crudelitatis
1469 2087 1637 2131 exempla

166 2126 376 2160 ediderunt.
425 2128 481 2162 Ad
506 2129 677 2161 ultimum
706 2128 867 2174 denique
893 2140 976 2174 pop.
1002 2130 1272 2165 Alexandrinus
1297 2132 1336 2165 in
1361 2133 1457 2166 circo
1482 2143 1636 2178 congre-

168 2179 273 2218 gatus
299 2175 447 2208 Florum
465 2200 474 2215 ‚
498 2175 682 2219 legionum
707 2173 932 2220 praesectum
967 2177 1255 2223 provinciaeque
1287 2178 1518 2223 praesidem,
1552 2188 1638 2214 ora‘·

167 2222 244 2260 vit,
269 2226 311 2253 ut
344 2221 417 2256 sibi
450 2233 619 2256 annonae
654 2222 893 2264 distributio,
930 2234 1025 2268 quae
1059 2224 1205 2260 sublata
1243 2230 1342 2264 erat,
1365 2225 1572 2272 balneaque
1598 2233 1637 2263 et

167 2267 376 2309 theatrum,
424 2274 462 2303 et
496 2269 638 2315 reliqua
671 2280 766 2314 quae
801 2275 951 2315 propter
990 2270 1115 2304 tu'rbas
1151 2273 1349 2306 amiserant
1378 2272 1631 2308 redderentur.

167 2314 267 2348 naec
303 2315 454 2361 Florus,
488 2327 508 2348 a
535 2327 609 2362 quo
644 2315 772 2349 edocta
805 2317 910 2361 plebs
947 2317 1036 2351 istas
1055 2327 1180 2364 preces
1204 2319 1360 2363 fuderat3
1385 2331 1425 2355 se
1448 2318 1630 2356 facturum

168 2363 331 2406 annnit5·
352 2368 465 2410 atque
490 2363 543 2398 ita
567 2361 790 2398 seditionem
814 2364 1029 2409 composuit.

275 2577 319 2618 6.
374 2577 468 2618 Tali
495 2593 592 2634 ergo
623 2579 763 2620 Hunni
800 2581 925 2635 stirpe
949 2581 1073 2621 creati
1087 2611 1099 2633 ‚
1129 2582 1358 2623 Gothorum
1378 2585 1526 2626 finibus
1553 2586 1623 2626 ad·
1639 2581 1675 2616 Ρ·
1691 2584 1728 2618 3¹

168 2662 331 2689 venere.
390 2651 578 2702 Quorum
610 2653 722 2692 natio
754 2667 875 2692 saeva
891 2681 903 2704 ,
943 2659 989 2692 ut
1011 2653 1175 2695 Priscus
1217 2654 1433 2697 historicus
1475 2659 1598 2699 refert
1612 2627 1677 2709 ‚¹·v'
1690 2641 1735 2666 ²²

169 2723 212 2760 iu
233 2721 434 2763 Maeotide
451 2723 599 2777 palude
625 2724 860 2769 ulteriorem
880 2726 1012 2787 ripam
1032 2727 1195 2783 insedit,
1225 2730 1440 2770 venatione
1455 2737 1628 2773 tantum»
