1924 3164
330 175 436 231 272
868 170 1196 218 FRAGMENTA

326 275 622 330 προγνώσεως.
680 274 752 318 καί
789 272 1006 326 ἐκβάντος,
1046 269 1184 328 ὥσπερ
1230 272 1280 328 δὴ
1324 275 1397 315 καὶ
1421 274 1563 330 ἐξέβη,
1592 275 1667 317 τοῦ
1693 276 1758 317 τέ·-

326 345 445 393 λους,
474 339 579 395 πρὸς
625 338 700 393 τήν
727 336 859 392 τύχην
885 337 957 380 τὸν
985 341 1142 381 ἐκείνου
1176 337 1298 393 λόγον
1325 337 1650 394 συμβάλλοντες,
1678 336 1758 381 αὖ-

325 404 397 448 τὸν
425 404 588 447 πάντων
606 403 738 445 αἴτιον
760 400 847 460 (οἶα
869 408 989 460 φιλεῖ
1013 401 1176 463 ὅμιλος)
1205 402 1331 459 μόνον
1358 404 1648 459 ὑπελάμβανον
1674 407 1758 447 τῶν

322 467 571 527 παραδόξως
600 469 743 520 αὐτοῖς
768 466 1012 523 ἀποβαίνειν
1041 469 1298 513 δοκούντων.
1365 468 1476 512 οὕτω
1503 471 1582 523 μὲν
1608 469 1647 512 οἶ
1674 470 1758 513 σώ-

324 552 474 592 φρονες
514 536 613 590 περὶ
642 535 780 576 αὐτοῦ
807 535 988 586 εἴκαζον.
1048 537 1088 578 εἰ
1114 537 1161 579 δέ
1198 553 1238 578 τι
1263 536 1336 577 καί
1361 529 1461 577 ἄλλο
1480 531 1566 590 ἦν,
1596 530 1691 577 οὔτε
1719 537 1784 578 ἰ-5

321 603 491 656 σχυρῶς
521 601 679 643 οἷνελεῖν
707 599 815 655 ἔχω,
843 596 938 643 οὔτε
967 601 1216 644 πείθεσθαι.
1271 598 1362 644 ἀλλ’
1398 597 1511 654 ὅμως
1554 603 1627 642 καί
1649 604 1758 656 μέγα

320 666 394 708 καί
419 665 637 719 ἐλάχιστον
667 667 783 724 αύτῷ
810 666 958 725 πρώτῳ
990 667 1261 710 ἀνεκοινοῦτο.
1299 666 1372 709 καί
1395 666 1489 709 τότε
1516 669 1656 709 τοίνυν
1683 670 1759 709 λα-

324 729 414 786 βών
447 729 597 786 αὐτὸν,
629 733 688 781 εἷς
705 735 888 775 Νίκαιαν
915 729 986 789 ἧκε
1010 732 1251 788 χειμάσων,
1307 734 1390 775 εἴτε
1420 732 1496 787 τὴν
1522 734 1568 775 ἐκ
1586 735 1659 775 τοῦ
1687 731 1759 787 δή·

322 813 408 851 μου
438 798 688 854 δυσχέρειαν
717 800 936 852 ἐκκλίνων,
981 798 1065 841 εἴτε
1093 800 1164 841 ἐπὶ
1187 804 1279 848 ταῖς
1306 804 1491 855 σφαγαῖς
1514 797 1584 841 τὸν
1612 797 1760 852 ἔχοντα

322 861 402 917 τὴν
439 859 557 905 πόλιν
593 865 865 920 ἐκτρέπεσθαι
914 866 1094 919 δαίμονα
1121 863 1228 920 πρὸς
1257 862 1392 919 ὄλίγον
1420 867 1593 908 ἐθέλων.
1646 866 1812 907 Suid.1o

323 946 356 970 s.
386 945 458 970 vv.
489 925 684 980 σύνταξις
711 941 750 971 et
775 933 1076 988 Παμπρέπιος.
1132 934 1243 988 Quae
1267 942 1394 972 autem
1417 923 1485 972 sub
1511 933 1648 973 eadem
1687 934 1761 972 hac

317 1011 415 1036 voce
437 997 580 1036 deinde
608 1006 817 1052 sequantur
842 999 900 1038 ad
922 999 1121 1038 diversum
1147 1000 1349 1053 pertinent
1372 1001 1609 1056 scrzptorem.

431 1057 479 1102 ε’.
538 1062 630 1102 Τῶν
658 1061 889 1113 συντάξεων
919 1064 1185 1118 στερηθέντες
1210 1062 1411 1111 πολλάκις
1439 1060 1478 1104 οἱ
1506 1064 1761 1117 στρατιῶται

320 1128 394 1168 καί
430 1127 799 1183 παρακοπτομένης
845 1130 919 1183 τῆς
946 1129 1109 1184 τροφῆς
1134 1130 1209 1183 τῆς
1235 1127 1444 1183 συνήθους
1471 1129 1531 1177 εἷς
1558 1124 1760 1170 ἀπόνοιαν

323 1187 471 1249 ἦλθον.
528 1194 643 1235 Idem
669 1210 701 1234 s.
732 1210 775 1235 υ.
814 1194 1022 1246 σύνταξις.
1145 1194 1171 1236 .·’
1765 1200 1812 1242 15

412 1317 519 1362 Quae
544 1318 610 1352 sub
638 1329 690 1352 vv.
718 1317 905 1366 ἁμαξιτὸν
918 1325 954 1353 et
970 1313 1172 1364 ὑπολαβὼν
1186 1320 1253 1354 sub
1267 1320 1405 1354 Malchi
1418 1319 1564 1355 nomine
1577 1319 1759 1366 leguntur,

411 1364 665 1411 Xenophontis
687 1372 772 1400 sunt
798 1377 842 1400 ex
864 1366 1032 1402 Anabasi.
1079 1368 1285 1402 classenus.

320 1457 462 1490 cionem
486 1455 658 1501 praebuit
682 1456 728 1489 iis
743 1480 752 1496 ,
781 1457 844 1502 qui
869 1457 1137 1499 auscultarant‚
1176 1459 1279 1503 quasi
1304 1469 1347 1491 ex
1373 1456 1527 1503 quadam
1552 1456 1760 1502 praenotio·

318 1515 366 1537 ne
392 1503 568 1537 divinitus
593 1502 683 1536 haec
706 1502 866 1536 dixisset.
915 1503 1003 1536 Cum
1036 1510 1157 1536 autem
1190 1515 1245 1537 res
1278 1503 1474 1545 evenisset,
1497 1505 1591 1537 sicut
1614 1503 1760 1543 evenit,

320 1551 398 1584 eius
432 1559 634 1583 sermonem
669 1560 748 1582 cum
775 1555 906 1582 eventu
942 1556 1214 1595 comparantes,
1252 1551 1390 1595 ipsum,
1416 1555 1458 1583 ut
1491 1550 1615 1593 vulgus
1644 1549 1756 1589 solet,

319 1595 503 1636 omnium,
528 1607 621 1642 quae
644 1601 785 1641 praeter
809 1607 1034 1630 communem
1058 1596 1267 1642 opinionem
1290 1597 1382 1641 ¹ipsis
1403 1595 1563 1630 accidere
1583 1595 1758 1629 videban-

318 1650 403 1684 tur,
427 1643 542 1676 solum
569 1648 752 1675 auctorem
777 1643 1042 1681 existimabant,
1068 1644 1127 1676 Sic
1152 1643 1300 1689 quidem
1327 1643 1372 1676 de
1400 1655 1442 1677 eo
1468 1644 1648 1687 sapientes
1672 1652 1758 1675 con-

318 1689 506 1724 iiciehant.
534 1689 572 1724 Si
597 1689 688 1735 quid
712 1699 796 1723 vero
814 1689 914 1726 aliud
928 1690 965 1722 in
980 1690 1044 1724 illo
1067 1692 1145 1723 viro
1166 1690 1327 1730 fuit,nec
1350 1691 1584 1734 pertinaciter
1607 1698 1759 1732 negare,

319 1748 389 1771 nec
413 1735 591 1769 affirmare
618 1746 775 1781 possum.
825 1735 896 1769 Sed
921 1742 1042 1770 tamen
1068 1737 1154 1770 lllus
1181 1741 1217 1769 et
1240 1736 1394 1768 maxima
1421 1742 1458 1769 et
1480 1736 1626 1769 minima
1644 1745 1758 1781 quae-

322 1793 394 1828 que
426 1793 506 1815 cum
544 1782 610 1814 illo
639 1783 756 1826 primo
799 1784 1097 1817 communicabat.
1156 1781 1262 1816 Tunc
1298 1782 1408 1827 igitur
1446 1782 1511 1815 illo
1552 1786 1760 1826 assumpto,

320 1829 492 1863 Nicaeam
516 1828 773 1862 hibernaturus
801 1829 887 1869 ivit,
927 1832 1001 1863 sive
1032 1830 1159 1874 populi
1196 1839 1333 1874 gravem
1372 1829 1606 1862 offensionem
1640 1827 1760 1861 decli-

321 1887 438 1915 nans,
473 1875 547 1908 sive
572 1876 687 1908 fatum
715 1875 830 1917 illud,
868 1875 968 1922 quod
1002 1875 1129 1910 urbem
1164 1875 1333 1909 caedibus
1367 1874 1588 1917 infestabat,
1623 1875 1759 1908 evitare

321 1923 509 1969 paulisper
532 1922 669 1961 volens,

415 1969 449 2005 5.
494 1967 630 2001 Milites
647 1968 838 2013 stipendiis
858 1979 964 2013 saepe
982 1969 1129 2015 privati,
1153 1969 1250 2005 victu
1275 1969 1384 2003 etiam
1402 1972 1572 2002 consueto
1597 1964 1758 2001 fraudati
1793 2007 1798 2011 ι

321 2015 364 2051 in
390 2015 687 2061 desperationem
711 2021 900 2051 venerunt.

346 2257 448 2300 Quae
470 2264 700 2303 sequuntur,
726 2257 806 2291 sine
831 2257 995 2292 auctoris
1013 2257 1158 2291 nomine
1180 2256 1356 2303 prolata,
1382 2253 1507 2291 itidem
1529 2265 1576 2289 ex
1589 2253 1733 2290 Malo-hi

733 2325 892 2360 historia
917 2324 1027 2360 ducta
1053 2336 1127 2360 esse
1148 2323 1336 2364 videmur.

466 2441 476 2457 O

438 2462 491 2489 α.
541 2440 772 2501 ἶΑρμάτος.
830 2441 896 2488 ὅτι
923 2447 1176 2496 Βασιλίσκος
1207 2442 1229 2487 ὅ
1256 2443 1478 2499 βασιλεύς,
1507 2442 1671 2500 ἐπείπερ
1701 2441 1759 2492 ὥς

322 2515 514 2566 συγγενεῖ
538 2512 597 2568 τῷ
625 2509 825 2569 Ἁρμάτῳ”
849 2510 982 2561 άὸεῶς
1009 2513 1231 2569 ἐπέτρεπεν
1257 2508 1524 2565 ἐντυγχάνειν
1550 2508 1757 2566 Ζηνωνίδι

421 2695 448 2718 ι.
495 2681 671 2716 Armatus.
720 2682 903 2727 Quoniam
920 2684 1111 2718 Basiliscus
1135 2685 1330 2729 Imperator
1345 2682 1503 2722 Annam,
1527 2686 1569 2716 ut
1592 2685 1755 2733 cognato)

322 2730 481 2767 liberum
504 2728 642 2763 aditum
655 2727 702 2761 ad
723 2740 870 2764 uxorem
881 2730 1099 2765 Zeuonidem
1120 2728 1368 2778 permittebat,
1381 2729 1540 2763 cumina
1563 2734 1756 2764 consuetu-
