1838 3210
556 597 680 644 DE
743 595 1388 666 HIVSTORICIS

368 734 564 777 QUORUM
597 733 838 774 RELIQUIAE
870 733 964 764 Hoc
997 733 1232 766 VOLUM1NE
1265 734 1593 768 CONTINENTUR.

261 914 517 985 Pussmus
564 943 880 984 HERENNlus
926 945 1203 986 DEXIPPUS
1219 945 1286 998 1),
1327 920 1544 988 Ptoiemaez
1570 947 1598 986 f.
1621 947 1653 1000 π)
1678 978 1693 1000 ,

261 1009 542 1063 Atheniensis,
572 1011 681 1064 Pago
711 1011 940 1076 Hei-mensis
958 1041 993 1060 „‚
1024 1025 1046 1050 e
1074 1011 1267 1065 Cerycum
1296 1019 1411 1065 gente
1431 1013 1462 1065 ⁸)
1479 1042 1491 1063 ,
1520 1027 1696 1054 summos

260 1078 302 1115 in
329 1078 489 1115 civitate
516 1076 687 1115 honores
714 1076 881 1129 adeptus
910 1083 989 1124 est,
1020 1090 1089 1115 rex
1107 1084 1262 1116 creatus
1280 1085 1400 1130 atque
1420 1079 1570 1118 archon
1597 1094 1694 1133 epo-

259 1156 435 1196 nymus3
465 1142 750 1195 splendideque
778 1141 1040 1195 agonothetae
1077 1157 1242 1182 munere
1282 1143 1572 1184 Panathenaeis
1601 1145 1696 1184 fun-

261 1216 374 1258 ctus3
406 1208 537 1247 clarus
562 1215 697 1247 orator
724 1214 844 1261 atque
870 1207 1129 1247 historiarum
1158 1210 1357 1262 scriptorr,
1398 1218 1560 1263 propter
1596 1225 1702 1265 quas⁴

262 1274 444 1313 fortunae
481 1273 599 1313 simul
635 1280 755 1326 atque
793 1273 1011 1312 industriae
1038 1273 1150 1314 dotes
1177 1281 1328 1313 statuae
1354 1275 1508 1316 honore
1533 1285 1699 1317 ornatus

202 1375 205 1380 ,
261 1347 321 1380 est
336 1370 348 1392 ‚
383 1340 496 1379 cuius
534 1339 641 1378 basis
677 1353 770 1377 cum
796 1338 914 1378 titulo
941 1346 1081 1378 exstat.
1137 1339 1215 1378 Sed
1242 1339 1360 1394 longe
1393 1342 1698 1394 praeclariorem

260 1405 588 1459 saeculorumque
615 1405 807 1444 memoria
835 1405 1000 1459 dignum
1028 1405 1224 1444 honorem
1247 1406 1322 1445 sibi
1346 1410 1592 1460 comparavit
1617 1423 1698 1462 quo

261 1480 439 1526 tempore
453 1502 463 1521 ‚
495 1471 625 1511 effusis
653 1472 695 1508 in
714 1471 921 1510 Graeciam
948 1485 1020 1524 per
1043 1471 1302 1524 Propontidis
1328 1472 1501 1512 claustra
1521 1473 1699 1525 Herulis,

261 1539 465 1592 captisque
481 1537 664 1586 Athenis,
698 1538 804 1577 cives
834 1550 970 1576 secum
998 1538 1041 1575 in
1071 1536 1194 1576 saltus
1220 1539 1350 1577 invios
1378 1552 1423 1577 ex
1451 1538 1564 1578 urbis
1588 1539 1701 1580 clade

264 1604 452 1657 profugos
506 1603 787 1655 confirmavit3
825 1602 999 1655 bellique
1036 1603 1088 1641 ab
1132 1604 1179 1642 iis
1214 1603 1295 1642 dux
1325 1606 1584 1655 constitutus,
1629 1605 1700 1645 ad-

264 1677 400 1709 vectae
428 1671 471 1708 in
505 1669 662 1708 Atticae
690 1683 803 1708 oram
830 1682 1020 1707 romanae
1048 1668 1190 1720 classi,
1227 1670 1291 1708 cui
1322 1669 1558 1710 Cleodamus
1584 1685 1702 1724 prae-

265 1743 364 1782 erat,
395 1737 630 1774 coniunctus
645 1765 656 1786 ‚
685 1734 878 1773 ultionem
899 1735 949 1772 de
970 1734 1152 1774 barbaris
1169 1734 1344 1787 aliquam
1370 1737 1512 1774 sumsit
1529 1765 1540 1785 ‚
1570 1736 1701 1776 tribus

265 1801 441 1840 millibus
482 1815 526 1839 ex
565 1801 742 1854 ipsorum
781 1814 949 1838 numero
986 1814 1057 1852 per
1095 1801 1343 1838 occasionem
1397 1800 1609 1841 interfectis
1646 1803 1697 1855 ⁴).

267 1869 359 1918 Quo
379 1867 482 1905 facto
499 1867 563 1905 vir
589 1867 752 1905 eximius
780 1873 869 1918 post
892 1866 1131 1919 quingentos
1152 1879 1277 1904 annos
1291 1864 1555 1905 Athenienses
1579 1867 1702 1907 armis

266 1933 449 1972 desuetos
470 1932 521 1970 ad
539 1946 625 1971 rem
653 1931 899 1985 gloriamque
918 1931 1131 1969 militarem
1153 1934 1357 1970 revocavit
1375 1945 1387 1969 :
1430 1932 1704 1972 Mithridatico

267 2000 377 2037 enim
403 1997 511 2037 bello
538 2011 620 2036 non
640 2011 711 2036 sua
731 2011 862 2049 neque
887 2004 1026 2050 sponte
1052 2010 1163 2035 arma
1186 2003 1367 2036 moverat
1387 1996 1522 2035 infelix
1545 1998 1699 2038 civitas.

270 2066 408 2115 Quum
440 2064 562 2117 igitur
582 2063 631 2102 de
661 2062 736 2102 hae
757 2064 928 2116 Dexippi
954 2062 1080 2115 gloria
1107 2060 1247 2100 titulus
1274 2069 1427 2100 statuae
1450 2061 1561 2100 sileat
1576 2092 1588 2113 ,
1617 2077 1704 2102 cre-

269 2130 400 2168 ditum
452 2136 511 2168 est
549 2131 660 2182 prius
694 2131 864 2181 positam
897 2143 980 2167 esse
1006 2140 1127 2181 quam
1154 2126 1264 2165 illam
1288 2126 1601 2179 adipisceretur:
1638 2129 1705 2168 cui

267 2196 446 2248 opinioni
482 2194 596 2234 facile
637 2195 865 2237 accederem
881 2224 892 2245 ‚
929 2195 964 2233 si
999 2193 1165 2232 historia
1200 2194 1316 2240 aevi,
1367 2206 1522 2245 „quam
1556 2195 1706 2246 partim

271 2276 317 2299 ex
347 2260 459 2300 libris
481 2293 492 2311 ,
521 2260 668 2314 partim
704 2274 726 2299 e
763 2261 847 2300 vita
870 2258 1092 2309 hauserit,'’
1121 2264 1167 2296 ut
1201 2259 1443 2311 epigramma
1471 2258 1703 2311 praedicat,

271 2326 429 2365 diversa
463 2341 546 2366 esse
587 2333 719 2380 posset
770 2327 822 2365 ab
863 2325 932 2364 illa
967 2325 1095 2365 omnis
1141 2325 1255 2374 aevi,
1295 2325 1407 2362 cuius
1446 2326 1630 2364 notitiam
1659 2340 1706 2365 ex

270 2392 455 2444 Eunapio
498 2400 536 2431 et
567 2392 715 2432 Photio
749 2392 957 2432 habemus.
1018 2391 1079 2430 Ea
1113 2391 1154 2429 in
1194 2390 1324 2443 primo
1354 2389 1511 2429 Claudii
1546 2391 1706 2431 Gothici

325 2511 357 2558 ι)
383 2511 521 2545 Nomen
551 2513 729 2557 integrum
756 2513 906 2547 exhibet
928 2512 1034 2544 inser.
1050 2512 1126 2544 380.
1143 2520 1237 2555 corp.
1258 2511 1360 2542 inser.
1384 2519 1494 2554 graec.
1582 2510 1619 2555 2)
1644 2510 1706 2544 Sic

366 2557 573 2602 inscriptio:
608 2570 689 2591 nam
721 2559 849 2592 suidas
883 2570 908 2591 s.
937 2569 964 2590 v.
992 2558 1199 2596 Δέξιππος,
1236 2557 1437 2601 Dexippum
1473 2560 1610 2600 patrem
1648 2558 1707 2590 ini

366 2604 507 2637 tribuit.
603 2605 638 2649 3)
652 2605 721 2636 vid.
735 2605 888 2638 Boeckh.
915 2603 961 2636 ad
978 2605 1085 2636 Inscr.
1160 2602 1196 2648 4)
1216 2603 1318 2636 Hanc
1341 2603 1393 2635 rei
1420 2607 1539 2647 gestae
1565 2603 1705 2644 seriem,

366 2650 554 2695 paululum
582 2649 626 2682 ab
655 2651 718 2682 illa
746 2651 941 2689 diversam,
969 2661 1075 2695 quam
1089 2648 1304 2688 Gibbonus‚
1325 2659 1509 2693 nunquam
1533 2649 1611 2682 sinc
1636 2650 1706 2683 ho-

364 2698 463 2730 noris
486 2696 709 2741 praefatione
737 2697 989 2735 nominandus,
1016 2695 1252 2739 excogitavit,
1277 2705 1372 2727 nunc
1398 2694 1564 2734 demum,
1600 2694 1708 2729 editis

368 2742 412 2775 ab
443 2743 493 2775 ill.
519 2743 615 2776 Maio
645 2743 821 2789 excerptis
848 2743 891 2776 dc
919 2743 1108 2776 sententiis
1131 2742 1359 2786 (μηδ-28.
1386 2740 1440 2775 ed.
1467 2741 1596 2787 Bonn.)
1619 2752 1706 2776 con·-

370 2789 519 2822 stituere
546 2789 641 2822 licet.
1393 2800 1395 2802 ’
