1924 3164
314 161 426 219 286
900 178 1177 221 EXCERPTA

127 293 169 327 A.
190 292 227 327 C.
238 281 386 329 562t13v
412 280 628 336 ποταμὸν,
668 279 887 335 βούλονται
915 283 1170 338 πανστρατεί
1194 282 1434 325 ἐπιθέσθαι.
1488 286 1645 328 τούτων
1674 282 1751 328 οὖν

107 341 287 423 ΙΠέἔὲ-ἕέ
298 351 515 398 Ἰουστῖνος
543 347 823 402 ἐγνωσμένων,
861 348 981 404 αὐτῷ
1007 342 1063 405 τῷ
1090 351 1263 402 βασιλεῖ
1294 347 1512 403 ἐσήμηνεν,
1543 351 1600 400 ὥς
1628 347 1680 394 ἂν
1709 351 1751 394 οἳ

229 413 235 421 ’
267 416 499 471 (ςπρέσβεις
540 414 624 453 ταῖν
661 412 858 468 Ἀβάρων
897 414 1239 469 ἐγκαθειργμένοι
1275 408 1378 456 αἷσιν
1415 415 1462 457 ἐν
1499 417 1746 475 Βυζαντίῳ·

299 479 431 537 ταύτῃ
461 478 542 534 γὰρ
570 481 647 518 οῦκ
689 478 896 529 α’νέξοιντο
926 479 1108 521 διελθεῖν
1134 476 1182 521 τὸ
1212 477 1409 536 ῥεῖθρον,
1455 480 1557 536 πρὶν
1576 478 1614 537 ἢ
1641 483 1748 539 οἶφε-

300 548 436 589 &esiam
469 542 508 585 οἱ
533 543 742 598 πρέσβεις.
796 546 841 586 ἐν
880 538 916 603 ᾧ
956 546 1003 587 δὲ
1040 548 1176 588 ταῦτα
1206 543 1414 601 ἔπρασσεν
1452 546 1474 588 ὅ
1502 548 1776 601 ’summos-,5

300 608 384 666 οὐχ
412 605 534 665 ἧττον
562 608 895 664 παρεσκευάζετο
936 607 1026 665 ἅμα
1070 608 1269 668 φυλάξων
1307 609 1384 661 τάς
1413 610 1630 666 διαβάσεις
1670 616 1750 656 τοῦ

299 676 507 729 ποταμοῦ·
565 677 714 717 Βῶνον
739 675 819 732 γὰρ
860 675 929 719 τὸν
954 677 1252 733 πρωτοστάτην
1279 679 1357 719 τοῦ
1382 680 1560 733 θητικοῦ
1587 679 1660 721 καί
1686 680 1748 722 οἰ-

300 742 460 785 κετικοῦ
494 741 547 797 τῇ
579 741 655 783 τοῦ
691 744 886 796 ποταμοῦ
924 738 1122 796 ἀπένειμε
1160 744 1341 800 φυλακῇ.
1399 741 1440 785 οἱ
1480 744 1526 786 δὲ
1555 746 1749 800 πρέσβεις

299 809 384 850 τῶν
418 803 611 862 Ἀβάρων
648 806 742 850 ἐπεὶ
778 807 916 851 ου’δένι
937 825 980 850 τι
1018 803 1186 864 α’)’νησαν
1225 803 1361 864 ὦνπερ
1407 809 1617 859 αἰτοῦντες
1642 809 1749 866 πρὸς

300 874 479 928 βασιλέα
521 869 746 929 ἀφίκοντο,
787 875 932 930 δῶρα,
977 872 1115 929 ὥσπερ
1156 871 1336 930 σύνηθες
1362 870 1620 930 ἦναῦτοῖς,
1648 878 1804 931 παρίο

302 939 437 981 αὐτοῦ
466 936 704 995 εἰληφότες,
743 941 816 982 καί
849 941 929 994 μὲν
968 935 1044 982 οὖν
1083 936 1344 996 ὠνησάμενοι
1381 939 1433 982 τὰ
1473 936 1552 983 ὅσα
1578 940 1746 995 χρεών,

299 1007 424 1048 τοῦτο
455 1007 502 1048 δὲ
529 1004 604 1047 καὶ
628 1002 790 1059 ὅπλων,
821 1002 1047 1063 α’φέθησαν
1071 1009 1167 1061 μέν·
1222 1002 1339 1059 ὅμως
1367 1006 1414 1048 δὲ
1442 999 1517 1048 οὖν
1543 1007 1747 1065 Ἰουστίνῳ

259 1069 445 1127 Βλάθρα
465 1072 754 1114 ἐνεκελεύσατο
779 1071 803 1114 ot
821 1071 1022 1127 βασιλεύς
1040 1069 1181 1129 τρόπῳ
1204 1087 1258 1128 τῳ
1287 1069 1341 1114 τοὶ
1372 1069 1481 1113 ὅπλα
1509 1071 1749 1127 ἀφελέσθαι

299 1135 419 1192 παρὰ
463 1139 596 1194 σφῶν.
651 1139 725 1180 καί
763 1133 840 1181 οὖν
883 1139 907 1181 ὅ
947 1137 1178 1194 στρατηγὸς
1215 1136 1308 1180 ἐπεὶ
1343 1136 1514 1188 έδέξατό
1544 1152 1590 1192 γε
1619 1133 1750 1186 αὖθις

301 1200 549 1252 ἐπανιόντας
574 1202 675 1253 τούς
700 1207 918 1260 πρέσβεις,
958 1203 1061 1247 κατὰ
1091 1206 1228 1246 ταῦτα
1252 1204 1398 1246 ἐποίει.
1452 1205 1645 1246 ἐντεῦθεν
1671 1197 1804 1259 ἦρ-ιό

302 1270 400 1319 ξατο
428 1269 454 1323 ἦ
485 1270 714 1322 δυσμένεια
737 1270 965 1324 Ῥωμαίων
991 1287 1037 1312 τε
1065 1272 1137 1313 καί
1159 1269 1377 1324 Ἀβάρων,
1406 1263 1487 1324 ἤδη
1517 1270 1562 1311 ἐκ
1591 1269 1748 1311 πολλοῦ

300 1333 622 1390 ὕποτυφομένη,
652 1337 725 1377 καί
750 1337 936 1389 μάλιστα
964 1338 1022 1393 τῷ
1047 1334 1108 1390 μη,
1136 1335 1194 1383 ὥς
1219 1336 1372 1377 θᾶττον
1401 1335 1618 1390 α’φεθῆναι
1647 1332 1751 1384 τούς

301 1399 506 1454 πρέσβεις.
533 1401 819 1455 συνεχέστατα
846 1399 925 1456 γὰρ
953 1397 1157 1457 ἐσήμηνεν
1185 1399 1208 1442 ὅ
1234 1398 1423 1448 Βαϊανός
1439 1433 1452 1452 ,
1481 1399 1539 1449 ὥς
1566 1396 1619 1442 ἂν
1645 1401 1750 1442 ἐπα-

299 1466 516 1507 νέλθοιεν·
555 1465 603 1508 τὸ
631 1465 911 1520 μελετώμενον
939 1467 986 1507 δὲ
1013 1464 1134 1521 σάφα
1172 1463 1447 1518 ἐπιστάμενος
1485 1464 1509 1505 ὅ
1549 1462 1750 1517 βασιλεύς

301 1524 447 1573 ἄλλοτε
477 1527 612 1582 ἄλλως
640 1534 815 1574 διετίθει
839 1530 886 1575 τὸ
914 1529 1076 1587 παρὸν,
1115 1526 1227 1580 ὅπως
1265 1532 1307 1579 ἐς
1335 1529 1412 1585 τὴν
1440 1529 1642 1584 βασιλίδα
1669 1526 1803 1574 nti-20

299 1597 367 1638 λιν
393 1598 731 1654 ἐγκαθειργμένοι
757 1595 855 1640 εἶεν.

118 1667 162 1701 Δ.
174 1666 212 1701 C.
227 1667 298 1703 566
417 1661 461 1705 ε’.
507 1661 601 1706 f'Ou
638 1665 711 1706 ἒπί
740 1664 969 1708 Ἰουστίνου
1008 1666 1087 1706 τοῦ
1126 1664 1220 1706 νέου
1251 1661 1290 1704 οῖ
1317 1663 1402 1704 τῶν
1423 1657 1620 1717 Ἀβάρων
1645 1663 1749 1718 πρέ-

304 1730 420 1783 σβεις
446 1731 718 1785 παρεγένοντο
745 1731 789 1771 ἐν
815 1732 1059 1788 Βυζαντίῳ,
1081 1727 1134 1772 τά
1161 1725 1328 1783 συνήθη
1358 1729 1474 1783 δῶρα
1501 1725 1748 1782 ληψόμενοι,

407 1831 458 1853 ια.
489 1816 631 1867 ὅπλων]
659 1819 808 1861 πλῆθος
831 1819 915 1852 add.
939 1819 980 1854 N.
1063 1831 1117 1854 20.
1145 1818 1281 1853 ἄλλοτε
1304 1818 1366 1860 Β.,
1390 1816 1478 1853 ἄλλο
1506 1818 1598 1864 vulg.
1692 1828 1750 1852 αι.

404 1865 480 1900 εἷεν
503 1866 604 1908 Val.,
634 1865 733 1901 εἶναι
757 1867 849 1912 vulg.

311 1947 536 1991 cognovisset
572 1946 732 1980 Iustinus
749 1972 758 1986 ‚
796 1957 919 1979 eorum
953 1946 1116 1979 omnium
1147 1945 1405 1990 Imperatorem
1430 1945 1619 1978 certiorem
1643 1942 1758 1983 fecit,

310 1998 353 2027 ut
383 1994 519 2038 legatos
561 1994 715 2026 Avarum
746 1993 910 2036 Byzantii
945 1992 1119 2038 quamdiu
1152 1998 1276 2036 posset
1311 1991 1496 2025 retineret.
1543 1989 1619 2023 Nec
1651 1989 1748 2022 enim

310 2041 441 2073 Avares
457 2041 585 2073 Istrum
612 2040 711 2084 prius
736 2041 963 2078 traiecturus,
989 2050 1098 2084 quam
1122 2038 1231 2083 legati
1256 2037 1395 2072 dimissi
1419 2041 1548 2071 essent.
1594 2036 1645 2069 Ea
1669 2047 1750 2069 cum

310 2087 471 2131 Iustinus
503 2086 710 2126 mandaret,
744 2097 819 2119 non
850 2088 969 2118 minus
1005 2094 1111 2119 curae
1144 2090 1182 2118 et
1212 2097 1342 2130 operae
1381 2082 1635 2128 impendebat,
1675 2093 1748 2127 quo

311 2134 444 2166 Avares
469 2132 570 2166 fluvii
593 2133 809 2166 traiectione
825 2131 1048 2177 prohiberet.
1098 2133 1237 2165 Bonum
1262 2132 1371 2173 enim,
1389 2130 1663 2164 domesticarum
1689 2139 1751 2160 co-

310 2179 451 2224 piarum
473 2179 612 2219 ducem,
637 2180 797 2213 fluminis
822 2179 1008 2212 custodiae
1028 2179 1216 2223 praefecit.
1264 2179 1310 2211 At
1331 2187 1415 2212 vero
1441 2179 1593 2211 Avarum
1619 2175 1751 2219 legati,

313 2224 380 2257 ubi
403 2225 498 2258 nihil
521 2226 756 2269 profecerunt
781 2238 929 2266 eorum,
947 2235 1041 2270 quae
1066 2225 1110 2259 ab
1135 2226 1356 2270 Imperatore
1381 2223 1536 2269 petitum
1559 2226 1749 2262 venerant,

313 2282 483 2310 munera,
517 2278 559 2304 ut
590 2278 804 2305 consuetum
840 2277 934 2310 erat,
967 2276 1204 2318 acceperunt,
1239 2277 1277 2304 et
1310 2283 1372 2311 ea,
1414 2279 1506 2314 quae
1539 2267 1611 2300 sibi
1655 2278 1747 2312 opus

314 2322 437 2355 erant,
460 2325 737 2361 compararunt,
759 2330 858 2352 arma
882 2319 991 2351 etiam
1017 2322 1206 2359 emerunt,
1231 2322 1268 2349 et
1289 2319 1341 2351 ita
1367 2315 1505 2349 dimissi
1533 2319 1628 2351 sunt.
1674 2314 1748 2350 Ve-

311 2376 393 2398 rum
412 2364 611 2407 Imperator
635 2370 772 2398 secreto
808 2365 994 2399 mandavit
1026 2366 1188 2405 Iustino,
1225 2369 1267 2396 ut
1292 2372 1517 2409 quacumque
1541 2362 1682 2394 ratione
1710 2365 1748 2393 et

310 2411 370 2444 via
412 2416 552 2455 posset,
587 2412 626 2444 in
658 2411 779 2445 reditu
806 2423 902 2444 arma
937 2412 1011 2445 illis
1048 2413 1214 2456 eriperet.
1261 2411 1386 2456 Itaque
1406 2409 1479 2443 dux
1505 2419 1584 2441 cum
1609 2407 1747 2453 legato·

312 2456 516 2501 exciperet,
542 2457 771 2500 Imperatoris
795 2457 964 2491 mandata
990 2463 1044 2492 est
1069 2461 1265 2492 exsecutus.
1313 2457 1407 2501 ¹Hinc
1430 2458 1628 2499 coeperunt
1652 2455 1748 2487 inter

311 2504 488 2537 Romanos
515 2508 552 2536 et
577 2504 707 2537 Avares
730 2504 945 2538 inimicitiae
969 2505 1094 2538 multis
1118 2508 1224 2538 antea
1249 2514 1292 2536 ex
1316 2502 1432 2536 causis
1456 2511 1643 2535 accensae:
1669 2511 1749 2533 ma—

310 2550 431 2590 xime,
467 2549 566 2595 quod
599 2559 674 2582 non
712 2551 835 2583 statim
872 2551 981 2596 legati
1017 2562 1140 2585 eorum
1172 2550 1312 2584 dimissi
1339 2553 1468 2582 essent.
1517 2548 1750 2592 Praeceperat

313 2596 412 2631 enim
436 2596 615 2636 Baianus,
637 2601 680 2629 ut
703 2598 970 2642 quamprimum
994 2597 1165 2631 redirent.
1192 2596 1284 2629 ‹Sed
1302 2596 1501 2640 Imperator
1525 2606 1605 2627 cum
1629 2594 1751 2632 sciret,

312 2642 405 2689 quid
437 2643 653 2688 cogitarent,
682 2644 781 2676 varia
818 2644 1020 2678 identidem
1046 2648 1269 2689 tentaverat,
1307 2647 1350 2676 ut
1371 2640 1598 2687 aliquamdiu
1623 2651 1685 2674 eon
1709 2638 1750 2672 in

313 2690 406 2724 urbe
433 2689 624 2723 detineret.

407 2738 440 2772 5.
463 2736 602 2770 Iustino
624 2734 770 2770 Iuniore
792 2736 992 2783 imperante
1018 2738 1170 2782 Avarum
1193 2734 1304 2780 legati
1324 2734 1537 2779 Byzantium
1559 2735 1750 2774 venerunt,
