1924 3164
318 171 428 228 318
881 164 1157 227 sxcERPTA

124 293 295 341 A.G.·576
307 294 361 350 τῇ
387 288 638 346 ψευδολογιζι
665 285 712 329 τὸ
740 287 886 341 χρῆμα
904 287 980 328 ’καί
1004 286 1062 344 τῷ
1091 283 1231 343 κόμπῳ
1259 283 1439 342 τάληθὲς
1466 287 1738 340 ἔπικαλύψαι,

119 342 535 426 1u,t¹i¹1¹2‘i¹',{»‘5‘⁷²²“'0‘“
555 353 710 396 τούτων
725 350 851 405 ἔγωγε
878 354 1080 407 παρέξω,”
1109 350 1208 408 ἔφη,
1229 357 1346 405 ι,,τοῑ’ς
1360 367 1400 393 τε
1419 352 1465 394 ἐν
1479 353 1588 395 τέλει
1602 350 1734 406 ὑμῶν,

304 422 410 479 πρὸς
447 423 493 463 δὲ
535 419 582 475 δν)
617 418 690 459 καί
732 416 833 470 ὑμῖν
860 416 1038 467 αὖτοΐς.”
1098 416 1171 459 ἐπὶ
1204 415 1365 466 τούτοις
1400 414 1592 472 ἥσθησάν
1622 432 1668 459 τε
1695 414 1736 458 oi

311 485 539 543 βάρβαροι,
579 483 652 525 καί
694 480 866 525 ἐδόκουν
901 481 1030 539 χάριν
1057 483 1211 524 εἰδέναι
1238 484 1296 540 τῷ
1328 484 1525 537 κρείττονι
1552 478 1648 524 ἄνθ’
1676 475 1736 524 ὧν

268 551 484 607 εὖπήκοοι
515 549 744 603 Ῥωμαίων
785 548 966 602 ἐγένοντο
986 578 996 589 .
1041 543 1209 604 ἦγγελον
1237 549 1304 601 δὲ,
1333 547 1387 597 ὥς
1415 547 1437 589 ὅ
1466 545 1601 603 Ἀβείρ
1635 546 1761 592 (ἔπιέ-5

305 635 379 673 στη
424 613 500 658 οῦκ
537 617 580 665 ἐς
618 612 805 671 μακρὰν,
836 612 951 668 ὀλίγα
978 629 1020 656 τε
1060 615 1283 671 φροντίσας
1316 614 1394 656 τῶν
1421 612 1591 669 ὁμήρων
1617 612 1736 668 Πέρ·

303 699 400 732 σαις
426 683 687 736 προσετέθη.
740 685 827 728 τοῖς
853 681 930 733 μὲν
965 674 1041 722 οὖν
1067 680 1287 735 πρέσβεσιν
1313 675 1436 729 αὖθις
1466 681 1510 722 ἐν
1537 677 1735 736 συνουσίᾳ

302 745 519 803 γενόμενος
548 744 569 788 ὅ
599 749 770 802 Καῖσαρ
789 743 843 787 τὰ
870 741 947 787 ὅσα
977 744 1163 801 ἁρμόδια
1193 745 1398 801 διελέχθη,
1429 744 1501 788 καὶ
1529 744 1609 802 ἔφη
1637 742 1737 795 τούς

299 829 351 856 τε
377 813 725 870 προσχωροῦντας
763 807 877 869 αὐτῷ
911 807 1047 853 ἑκοντὶ
1081 810 1198 865 μάλα
1234 810 1536 867 εὐεργετήσειν,
1564 808 1663 861 τούς
1690 810 1737 851 δέ

301 895 349 935 γε
387 879 439 921 οὕ
472 880 756 933 βουλομένους
791 878 865 920 καί
893 871 1066 926 εἴκοντας
1104 878 1211 927 ἕξειν
1235 874 1319 918 ὕπὸ
1347 874 1417 932 τὴν
1445 875 1580 919 αὑτοῦ
1605 881 1785 932 χεῖραιο

302 945 375 1004 βίᾳ
402 943 478 987 καὶ
502 942 694 998 δυνάμει.

411 1007 485 1065 κγ’.
529 1007 620 1053 ’Ότι
645 1012 727 1053 τῶν
755 1010 1000 1066 στρατηγῶν
1029 1007 1240 1066 δῃούντων
1269 1006 1347 1062 τήν
1371 1009 1557 1064 Περσῶν
1589 1009 1738 1062 Ἀρμε-

300 1080 420 1130 νίαν,
449 1078 495 1119 ἐν
522 1072 652 1134 τούτῳ
679 1077 925 1132 παρεγένετο
954 1072 1165 1130 Ναδώης,
1202 1075 1245 1123 ἐς
1287 1071 1363 1129 τὴν
1394 1075 1614 1129 λεγομένην
1640 1090 1738 1127 σμι-

299 1142 406 1200 κρὰν
442 1140 751 1198 χειροτονηθείς
786 1141 1036 1195 πρεσβείαν,
1080 1138 1186 1195 πρὸς
1225 1137 1419 1195 Χοσρὲου
1455 1140 1734 1195 ἐκπεμφθείς·

300 1208 351 1259 ὃς
388 1210 464 1264 τῆς
500 1205 571 1249 διὰ
592 1207 832 1262 ’Θεοδώρου
872 1207 951 1246 τοῦ
983 1203 1162 1259 Βάκχου
1203 1202 1586 1260 πρεσβειάςέδοξεν
1614 1205 1790 1259 οἶμοι-15

296 1273 424 1329 βαίαν
452 1266 722 1325 ἀποκομίζειν
755 1273 801 1313 ἐκ
827 1273 906 1313 τοῦ
935 1270 1135 1327 Χοσρόου
1177 1270 1369 1325 ἀγγελίαν
1386 1304 1399 1324 ,
1428 1270 1580 1326 κυρίως
1607 1272 1656 1312 δὲ
1682 1270 1739 1319 ὥς

259 1337 549 1393 Βὲτοιμότατα
578 1337 670 1393 ἐβςοι
696 1337 771 1379 καί
784 1335 914 1387 αὐτὸς
939 1341 1103 1379 στεῖλαι
1126 1335 1222 1386 τούς
1248 1332 1449 1392 ἄρχοντας
1477 1334 1582 1378 κατὰ
1611 1336 1662 1392 δὴ
1681 1335 1733 1379 τοὶ

298 1402 396 1462 ὅρια
424 1407 499 1461 τῆς
526 1406 606 1457 ἔξω,
647 1402 704 1453 ὥς
733 1399 785 1445 ἂν
814 1404 858 1445 ἐν
886 1404 946 1460 τῷ
974 1398 1088 1460 αὖτῷ
1125 1401 1341 1456 γενόμενοι
1363 1407 1448 1451 τοῖς
1477 1404 1522 1444 ἐκ
1545 1402 1736 1456 ‘Pautal-

298 1488 359 1514 ων
397 1470 817 1526 ἐκπεμφθησομένοις
854 1467 1101 1523 σκοπήσοιὲν
1125 1483 1171 1509 τε
1203 1467 1273 1508 καί
1308 1470 1595 1520 διασκέψοιντο
1623 1466 1735 1517 ὅπως

295 1535 382 1593 χρὴ
419 1535 471 1578 τὰ
517 1532 626 1577 ὅπλα
673 1536 962 1576 καταθέσθαι.
1021 1534 1348 1589 α’νακρινομένου
1379 1531 1532 1574 τούτου
1562 1531 1786 1590 πρώτουαο

298 1603 364 1651 τίς
391 1597 477 1659 ἄρα
505 1602 693 1643 πολιτεία
732 1601 805 1655 τῆς
831 1598 988 1649 λύσεως
1015 1601 1099 1641 τῶν
1126 1600 1518 1654 πεντηκοντουτίδων
1543 1600 1732 1642 σπονδῶν

299 1668 416 1710 αἰτία
444 1667 628 1722 ἐγένετο,·
668 1659 793 1724 qimi
824 1681 871 1720 γε
913 1664 965 1720 δή
1005 1677 1085 1706 που
1114 1662 1421 1720 ἐμφρονέστατα
1448 1681 1535 1714 πως
1563 1665 1734 1718 ἀπεκρί-

392 1748 424 1782 5.
451 1747 590 1791 Σαβεὶρ
612 1744 691 1779 Val.
814 1745 866 1779 15.
892 1742 933 1782 ὃς
964 1744 1029 1785 τῆς
1051 1744 1118 1785 Η.,
1156 1741 1261 1781 ὅστις
1283 1743 1371 1790 vulg.
1482 1756 1536 1780 αι.
1577 1746 1636 1782 τίς
1658 1741 1734 1790 ἄρα

391 1794 566 1826 πολιτεία
589 1793 646 1833 Η.,
674 1792 739 1832 τῆς
764 1790 839 1838 ἄρα
863 1791 1059 1828 πολιτείας
1081 1790 1174 1836 vulg.

299 1866 386 1896 sunt
414 1862 493 1897 Deo
519 1861 668 1906 gratiam
693 1858 848 1901 habere,
872 1859 972 1906 quod
998 1857 1153 1893 subiecti
1182 1858 1270 1893 facti
1299 1863 1412 1893 essent
1434 1858 1613 1892 Romanis.
1663 1858 1733 1892 Re-

299 1909 465 1942 tulerunt
488 1914 621 1948 autem,
642 1906 788 1940 Abirem
812 1907 937 1950 paullo
963 1911 1045 1939 ante
1064 1904 1239 1939 defecisse
1263 1911 1311 1946 et,
1336 1906 1429 1938 nulla
1445 1905 1609 1940 obsidum
1626 1904 1734 1938 habi-

301 1960 341 1988 ta
376 1955 540 1995 ratione,
568 1965 650 1987 cum
678 1953 792 1987 Persis
817 1964 854 1986 se
879 1952 1118 1986 coniunxisse.
1166 1950 1309 1986 Deinde
1338 1950 1468 1985 Caesar
1498 1963 1577 1986 cum
1605 1952 1734 1998 legatis

300 2011 530 2046 congressus,
566 2011 660 2045 quae
697 2006 780 2044 apta
815 1997 1057 2039 videbantur,
1091 1997 1263 2032 disseruit
1306 2010 1336 2032 e:
1380 1998 1500 2039 dixit,
1533 2009 1615 2044 erga
1648 2009 1734 2039 eos,

301 2049 366 2093 qui
390 2053 520 2093 sponte
562 2048 602 2080 in
635 2048 712 2079 eius
746 2050 963 2091 potestatem
994 2044 1183 2085 venirent,
1216 2056 1254 2078 se
1281 2044 1465 2079 literalem
1490 2045 1671 2086 futurum,
1696 2049 1734 2078 et

301 2104 363 2127 eos
382 2119 392 2135 ,
426 2095 490 2140 qui
521 2104 559 2127 se
591 2104 676 2126 suae
711 2093 884 2137 potestati
922 2091 1136 2126 submittere
1171 2096 1388 2133 recusarent,
1411 2092 1446 2125 vi
1471 2096 1507 2125 et
1532 2092 1640 2125 armis
1667 2102 1732 2125 suo

305 2141 458 2185 imperio
482 2151 610 2185 parere
634 2146 851 2174 coacturum.

413 2188 468 2221 23.
524 2187 620 2221 Dum
654 2188 894 2220 Romanorum
936 2184 1042 2218 duces
1079 2185 1263 2218 Persarum
1306 2183 1504 2219 Armeniam
1541 2182 1745 2229 populati-⁷

304 2232 438 2266 onibus
472 2239 670 2274 vexarent,
709 2233 857 2266 advenit
885 2231 1033 2266 'Nadoes
1069 2232 1203 2265 electus
1241 2237 1277 2264 et
1304 2242 1319 2264 a
1347 2230 1503 2264 Chosroe
1527 2231 1654 2263 missus
1683 2229 1733 2263 ad

302 2280 500 2320 minorem,
535 2292 640 2325 quam
672 2285 821 2318 vocant,
866 2279 1086 2323 legationem
1116 2278 1325 2311 obeundam.
1381 2276 1485 2310 Hunc
1520 2287 1731 2320 responsum

303 2325 398 2358 serre
427 2326 474 2358 ad
507 2326 722 2371 legationem
752 2322 936 2360 Theodori
967 2324 1095 2358 Bacchi
1134 2324 1240 2358 iussit
1272 2323 1464 2362 ctosroes,
1497 2328 1534 2356 et
1566 2324 1733 2356 nomina-

303 2372 371 2405 tim
404 2374 570 2406 nuntiare
600 2373 787 2414 Romanis,
820 2382 897 2406 sese
927 2377 1090 2414 paratum
1123 2382 1200 2405 esse
1240 2370 1378 2404 mittere
1410 2370 1600 2413 primarios
1633 2371 1731 2403 viros

305 2417 354 2451 ad
376 2417 465 2451 fines
500 2418 680 2460 Orientis,
715 2425 757 2453 ut
801 2430 881 2452 cum
923 2417 1001 2461 his,
1023 2429 1114 2464 quos
1163 2417 1309 2450 Romani
1344 2417 1548 2457 mitterent,
1588 2416 1732 2460 prospi-

306 2469 429 2497 cerent
464 2469 501 2497 et
528 2465 711 2506 viderent,
746 2476 818 2511 qua
847 2466 987 2498 ratione
1010 2475 1107 2498 arma
1129 2464 1356 2508 deponerent.
1405 2461 1526 2506 Quum
1559 2462 1622 2495 ille
1653 2462 1731 2507 pri-

305 2520 405 2543 mum
448 2517 654 2555 quaereret,
693 2523 870 2558 quaenam
906 2522 1011 2545 causa
1045 2517 1082 2545 et
1109 2510 1199 2544 ratio
1228 2510 1335 2543 fuerit
1368 2509 1630 2554 quinquaginta
1665 2518 1731 2540 an-

303 2567 434 2590 norum
460 2555 625 2590 inducias
659 2557 843 2592 violandi:
877 2557 1074 2602 prudenter
1104 2557 1234 2591 Caesar
1267 2555 1467 2600 respondit,
1509 2566 1547 2588 se
1581 2553 1731 2602 quidem

302 2612 423 2648 regem
463 2602 665 2645 Persarum,
700 2605 763 2650 qui
801 2605 923 2639 senior
954 2610 1066 2642 esset.
1106 2604 1242 2649 quippe
1265 2603 1347 2648 qui,
1387 2613 1424 2635 se
1455 2600 1572 2635 adhuc
1595 2612 1730 2647 puero,

303 2649 346 2682 in
379 2649 468 2682 flore
505 2650 630 2684 aetatis
665 2661 751 2684 suae
790 2653 1009 2684 constitutus
1037 2651 1154 2691 foret,
1182 2655 1401 2689 secuturum,
1436 2653 1472 2682 et
1501 2649 1575 2682 sive
1607 2657 1731 2688 arma,

304 2697 381 2730 sive
425 2706 551 2742 pacem
590 2695 721 2738 vellet,
759 2702 880 2730 utrum
916 2697 1109 2741 elegisset,
1149 2701 1285 2742 gratum
1329 2700 1584 2740 acceptumque
1621 2692 1730 2726 habi-

307 2746 442 2778 turum.
487 2742 553 2777 His
585 2741 691 2778 dictis
733 2741 863 2778 Caesar
896 2742 1058 2778 Nadoem
1081 2739 1243 2783 dimisit}
1278 2752 1344 2777 nec
1374 2741 1488 2776 multo
1517 2744 1602 2787 post
1628 2738 1730 2773 dele-
