1838 3210
576 200 649 242 ne
686 199 867 241 Bm1s
909 196 1204 240 scm-meis.
1555 196 1576 232 1
1588 177 1620 232 5

176 304 339 349 τούτων
375 303 510 348 εἵνεκα
546 304 600 345 δι’
628 301 794 359 εἰρήνης
832 298 1048 358 αἱρεῖσθαι
1087 297 1202 355 ὖμᾶς
1229 298 1308 349 τὰς
1343 300 1391 341 ἐκ
1417 301 1492 355 τῆς
1520 299 1811 355 όμο-Δ.0.ηο

175 373 290 423 νοίας
318 366 539 429 ὠφελείας,
566 371 643 411 καί
666 366 720 410 τὰ
747 370 827 411 ’τοῦ
853 369 1035 422 πολέμου
1063 364 1289 424 πράγματα
1320 364 1403 410 σῦν
1434 366 1539 421 ἡμῖν
1565 368 1630 409 τί-
1639 355 1818 391 A¹¹¹⁶¹⁴L¹

173 441 360 492 θεσθαι,
413 438 467 494 τῇ
493 451 539 479 τε
565 437 664 492 παρ’
690 433 794 490 ἧμῖν
828 435 1055 492 συμμαχία
1093 432 1336 488 ᾇωσθέντας
1359 433 1487 475 πλέον
1511 430 1628 488 ἔχειν

151 497 279 561 ’πρὸς
306 501 408 553 τούς
433 499 638 551 ἐπιόντας.
691 502 733 543 εἰ
758 501 807 542 δὲ
834 502 972 543 ταῦτα
997 504 1131 542 ποιεῖν
1158 492 1243 541 ὦδε
1269 499 1458 556 κρίνοιτε,
1487 496 1628 555 ὕπαρ-

147 569 266 625 5χειν
293 568 397 625 ἡμῖν
432 569 593 611 δίκαιον
618 568 696 609 καί
732 563 814 610 ὅσα
841 568 888 610 ἐν
914 568 1084 621 χρυσοῦ
1110 561 1279 622 ἀσήμου
1305 581 1352 607 τε
1378 564 1453 608 καὶ
1477 563 1628 621 ἐπισή-

172 650 258 688 μου
287 633 432 677 δόσεσι
471 634 546 676 καί
586 628 776 690 ἆργύρου
818 634 918 689 παρ’
947 630 1070 685 ὑμῶν
1104 631 1258 688 ἐφοίτα
1285 631 1359 674 ἐπὶ
1384 633 1530 689 φιλίας
1553 635 1628 686 βε-

166 701 379 757 βαιότητι.
435 695 732 751 ἀπειπαμένων
756 698 838 755 γὰρ
850 731 864 751 ,
901 693 980 740 ὅσα
1009 695 1197 753 ἒχθρούς
1223 695 1504 752 ἀμυνόμενοι,
1547 708 1665 742 ›ea-D

170 763 268 810 θὸτι
293 764 473 808 δυνατὸν
498 763 827 820 πολεμήσομεν.”
879 761 987 820 πρὸς
1028 764 1163 805 ταῦτα
1191 761 1216 805 ὅ
1248 764 1472 818 Ῥωμαίων
1501 766 1627 818 βασι-

170 830 270 881 λεὺς
296 829 432 883 ἔλεξεν
459 823 569 873 ὧδε·
625 830 696 884 ,,εἶ
718 831 799 884 μὲν
836 831 880 880 ἒς
911 824 1074 886 ἇφανὲς
1114 830 1312 880 καθέντες
1347 827 1425 884 τήν
1459 827 1628 885 γνώμην

118 897 311 950 ιοῦμαῖν,
341 898 441 953 περὶ
467 890 527 941 ὧν
554 894 862 953 πρεσβεύεσθε,
892 891 1136 937 ἐδιδάσκετε
1143 927 1158 948 ,
1187 890 1288 938 οὔθ)
1314 894 1419 951 ἡμῖν
1443 901 1534 946 τοΐς
1558 897 1628 939 ἔκ-

171 964 412 1016 δεξαμένοις
449 961 522 1005 τόν
558 962 681 1018 λόγον
714 959 908 1018 χαλεπήν
939 961 1152 1018 παρείχετ*
1192 957 1246 1004 ἂν
1273 959 1353 1017 τὴν
1380 961 1669 1018 οἷπόκρισιν.Ἶ.
1684 978 1704 1012 7

168 1030 264 1071 ἐπεὶ
289 1030 339 1071 δὲ
364 1027 420 1072 τοὶ
450 1030 649 1087 εἰρημένα
677 1029 722 1078 ἐς
759 1030 839 1082 μὲν
864 1023 1120 1084 εὐπρέπειαν
1146 1025 1389 1082 σύγκειται,
1442 1025 1549 1086 ἔργῳ
1580 1029 1628 1070 δὲ

169 1096 369 1144 ἐναντίως
397 1093 513 1150 ἔχει,
543 1097 604 1153 πῇ·
629 1095 709 1149 μὲν
735 1090 903 1150 εἰρήνης
928 1093 1302 1149 μνημονευόντων,
1330 1091 1404 1136 ὅτε
1431 1092 1471 1135 δ’
1500 1089 1631 1144 αὖθις

169 1161 352 1215 πόλεμον
379 1161 765 1214 ἐπανατεινομένων
789 1158 927 1213 ὑμῶν,
953 1152 1017 1201 aiv
1044 1163 1219 1214 συγχεῖν
1243 1159 1407 1201 ἐοίκατε
1429 1155 1631 1216 ἑκάτερον

118 1227 215 1270 ιδὲκ
240 1228 456 1284 θατέρου,
503 1226 744 1283 ἀμφίβολον
769 1223 844 1267 καὶ
866 1224 970 1279 ἧμΐν
997 1224 1252 1267 καθίσταται
1289 1223 1397 1280 πρός
1424 1221 1508 1279 ὅ,τι
1540 1226 1627 1281 χρὴ

167 1293 332 1349 πρῶτον
361 1287 723 1348 οἷποκριναμένους
748 1289 808 1346 μὴ
839 1287 1113 1347 ἁμαρτάνειν.
1166 1292 1382 1333 λέλειπται
1410 1293 1459 1334 δέ
1484 1308 1528 1334 τι
1558 1291 1633 1334 καί

166 1361 213 1402 ἐκ
241 1360 324 1401 τῶν
350 1355 572 1414 παρόντων
602 1355 947 1412 βουλεύσασθαι·
1002 1355 1089 1413 χρὴ
1119 1355 1200 1414 γὰρ
1230 1355 1290 1399 ταὶ
1322 1355 1449 1400 διτταὶ
1477 1357 1616 1401 τούτω
1629 1370 1720 1407 1).ιο

165 1421 276 1479 λόγω
307 1423 526 1474 διελόντας
554 1423 748 1481 ἄπαντᾷν
775 1421 879 1477 πρὸς
907 1417 1064 1479 ἄμφω.
1120 1423 1161 1466 εἰ
1196 1423 1277 1477 μὲν
1302 1421 1383 1478 γὰρ
1422 1427 1624 1481 καθαρῶς

117 1513 123 1518 ·
165 1487 335 1547 εἰρήνην
363 1491 682 1545 ἐπαγγέλλεσθε,
710 1489 758 1531 τί
780 1490 852 1530 δεῖ
864 1491 1109 1543 μεμνῆσθαι
1133 1485 1367 1545 χρημάτων
1394 1490 1624 1545 αἶτήσεως;

109 1558 300 1599 αοκαίτοι
328 1555 409 1598 κᾶν
433 1553 570 1614 τούτῳ
597 1551 649 1597 οὗ
678 1553 759 1598 σῦν
792 1555 850 1613 τῷ
881 1555 1092 1614 προχείρῳ
1128 1552 1155 1610 ἧ
1185 1553 1322 1611 βουλὴ
1350 1560 1435 1606 τοῖς
1460 1571 1623 1612 νενικη-

162 1619 281 1665 κόσιν
307 1621 416 1679 πρὸς
441 1621 518 1678 τήν
546 1617 723 1678 ἄρνησιν
752 1615 781 1676 ἢ
807 1619 886 1676 τὴν
913 1622 1178 1664 καταίνεσιν.
1232 1623 1274 1664 εἶ
1307 1622 1355 1664 δὲ
1382 1623 1621 1665 ἐπισκοπεῖν

255 1725 288 1748 2-
315 1710 362 1747 τὰ
380 1711 464 1747 add.
497 1709 542 1746 N.
638 1713 671 1747 8.
699 1709 969 1758 πολεμήσομεν
985 1709 1054 1752 8.,
1086 1710 1397 1758 πολεμησόμενοι
1417 1712 1477 1746 vel
1501 1712 1619 1747 πολε-

253 1759 462 1806 μισόμενοι
476 1759 582 1798 codd.
672 1770 707 1804 9.
731 1757 819 1806 μὲν]
846 1758 956 1792 immo
969 1757 1045 1805 μὲν
1065 1754 1117 1804 μὴ
1143 1759 1180 1791 Β.
1282 1770 1333 1793 ιι.
1355 1758 1549 1806 παρείχετ’
1572 1757 1622 1793 ἂν

254 1806 325 1848 τὴν
350 1806 406 1846 Ν.,
428 1811 590 1851 παρεῖχε
615 1805 756 1847 ταύτην
775 1805 874 1850 vulg.
972 1816 1024 1851 ¹7·
1049 1806 1101 1850 τῷ
1126 1802 1238 1849 διττῷ
1260 1805 1383 1852 τούτῳ
1399 1806 1499 1851 λόγῳ
1521 1806 1621 1887 vulp.

255 1864 312 1887 αι.
336 1853 570 1900 καταίνεσιν]
595 1850 826 1886 κατάνευσιν
851 1850 946 1885 coni.
972 1850 1158 1892 Cantocl.,
1184 1854 1383 1890 κατίνεσιν
1403 1853 1486 1887 cdd.

256 1897 482 1947 rzwxonstv]
505 1899 548 1934 F.
572 1898 630 1933 ἔτι
653 1902 827 1936 σκοπεῖν.
865 1898 903 1932 Β.
914 1921 928 1940 ‚
950 1897 1171 1932 ἐπισκοτεῖν
1196 1897 1252 1932 cl.

160 1972 353 2008 nobiscum
385 1971 530 2006 bellicis
553 1969 708 2011 viribus,
739 1970 874 2003 nostris
898 1968 1046 2002 auxiliis
1071 1969 1294 2011 confirmati,
1320 1971 1525 2016 superiores
1547 1982 1615 2007 ve·-

111 2060 114 2063 ,
161 2021 245 2055 stria
268 2017 458 2060 hostibus,
483 2019 514 2052 si
541 2017 606 2066 qui
629 2026 693 2051 vos
715 2015 947 2057 adoriantur,
971 2015 1141 2050 evadatis.
1190 2016 1301 2062 Quod
1323 2019 1355 2051 si
1377 2019 1429 2051 ita
1453 2019 1532 2052 fieri
1548 2019 1615 2054 de-

160 2066 250 2101 bere
280 2066 552 2106 iudicaveritis,
575 2062 676 2111 quod
696 2062 776 2097 auri
808 2063 896 2096 facti
930 2062 989 2096 vel
1008 2063 1139 2096 infecti
1177 2063 1237 2097 vel
1274 2063 1385 2097 etiam
1416 2066 1556 2110 argenti
1591 2077 1614 2100 a

160 2112 266 2147 vobis
294 2117 403 2148 antea
426 2110 535 2146 nobis
559 2110 725 2151 redibat,
750 2107 797 2142 ad
820 2109 1003 2143 amicitiae
1027 2111 1339 2145 confirmationem
1360 2121 1424 2145 vos
1447 2118 1612 2156 praesta-

159 2171 200 2195 re
226 2171 384 2206 aequum
408 2163 473 2194 est.
523 2157 562 2192 Si
585 2156 625 2190 id
649 2156 933 2202 deuegmrerifis,
956 2166 1020 2190 vos
1053 2168 1125 2202 qua
1154 2156 1277 2191 hostes
1307 2157 1541 2200 ulciscemur,
1572 2165 1612 2193 et

161 2212 339 2254 qnantum
365 2208 405 2240 in
429 2205 537 2239 nobis
562 2203 643 2244 erit,
669 2203 769 2237 bello
787 2210 1079 2248 persequemur.“
1099 2202 1156 2236 Ad
1173 2202 1264 2239 haee
1275 2205 1518 2239 Romanorum
1535 2206 1610 2239 Im·

158 2258 308 2300 perator
330 2253 419 2287 haec
443 2251 561 2286 dixit:
601 2249 817 2296 „Siquidem
849 2254 973 2295 aperte
996 2255 1034 2283 et
1066 2249 1230 2284 dilucide
1266 2256 1422 2285 vestram
1455 2258 1610 2287 sentcn-

159 2301 250 2334 tiam
274 2303 498 2346 exponentes
513 2322 523 2339 ,
554 2309 609 2337 ea,
633 2297 679 2331 de
704 2297 837 2343 quibus
861 2296 973 2342 legati
998 2301 1102 2338 estis,
1122 2308 1189 2331 nos
1213 2296 1450 2339 docuissetis,
1486 2299 1609 2339 nobis,

161 2349 227 2393 qui
249 2353 408 2380 vestrum
434 2355 636 2380 sermonem
660 2346 892 2390 excepimus,
928 2342 976 2375 ad
1006 2353 1091 2377 eum
1114 2344 1263 2378 minime
1288 2344 1400 2379 dubia
1424 2350 1490 2378 aut
1513 2345 1610 2380 diffi-

161 2393 243 2427 cilis
264 2393 431 2438 praebita
454 2397 551 2426 esset
572 2392 777 2436 responsio:
803 2390 867 2424 sed
891 2390 1064 2437 quoniam
1088 2401 1142 2432 ea,
1166 2401 1260 2437 quae
1285 2391 1384 2426 dicta
1406 2397 1514 2433 sunt,
1538 2392 1607 2426 de—

162 2449 284 2474 corum
301 2440 392 2486 quid
414 2443 451 2473 et
463 2438 657 2472 honestum
673 2448 760 2483 prae
778 2449 816 2472 se
839 2438 982 2477 ferunt,
1007 2448 1047 2470 re
1073 2437 1151 2482 ipsa
1168 2448 1253 2472 vero
1267 2449 1369 2472 secus
1394 2450 1432 2472 se
1454 2437 1608 2481 habent,

163 2497 276 2532 quum
295 2486 404 2520 modo
413 2486 513 2531 pacis
528 2485 751 2519 mentionem
769 2484 930 2524 faciatis,
943 2483 1051 2517 modo
1066 2495 1187 2518 rursus
1206 2485 1344 2519 bellum
1354 2486 1543 2519 minemini
1569 2493 1608 2520 et

162 2532 384 2575 intendatis,
422 2543 578 2579 quorum
602 2538 796 2578 utrumque
821 2533 861 2564 in
887 2536 1045 2577 utroque
1077 2530 1302 2566 confundere
1346 2537 1385 2566 et
1418 2533 1605 2566 involvere

162 2578 361 2619 videmini,
399 2578 670 2614 dubitationem
693 2579 801 2612 nobis
825 2577 1020 2616 attulistis,
1055 2578 1116 2611 cui
1141 2579 1300 2622 primum
1325 2577 1521 2613 debeamus
1546 2590 1607 2613 re-

147 2624 362 2670 'spondere‚
396 2636 444 2659 ne
482 2626 523 2659 in
559 2625 685 2671 aliquo
716 2624 950 2658 offendamus.
998 2624 1071 2658 Sed
1101 2624 1244 2671 aliquid
1275 2630 1397 2659 tamen
1430 2627 1540 2659 etiam
1565 2627 1607 2660 in

159 2673 367 2717 praesentia
390 2672 620 2706 considerare
641 2673 739 2706 lieet.
787 2673 943 2716 Oportet
965 2672 1076 2711 enim,
1091 2671 1207 2705 divisa
1228 2671 1367 2718 duplici
1386 2677 1504 2706 vestra
1525 2682 1607 2705 ora-

161 2719 278 2760 tione,
301 2719 341 2752 in
358 2723 547 2764 utramque
565 2724 704 2764 partem
725 2728 922 2751 occurrere.
973 2718 1011 2752 Si
1032 2718 1130 2752 enim
1151 2727 1242 2763 pure
1259 2725 1298 2752 ct
1322 2720 1460 2752 sincere
1479 2729 1606 2762 pacem

161 2764 426 2800 denuntiaretis
438 2790 450 2808 ,
474 2764 566 2811 quid
581 2766 734 2800 attinuit
756 2764 990 2810 pecuniarum
1006 2764 1206 2800 exactionis
1222 2765 1452 2800 meminisse?
1476 2766 1605 2800 etiam-
