1924 3164
326 148 439 216 584
696 167 919 208 PH1L1PP1
966 164 1154 205 LAssssm
1191 163 1373 206 NOTAE

435 267 538 320 Pag.
564 267 626 306 18.
640 266 688 306 C.
705 264 822 319 [474,
844 265 925 317 16.]
949 264 989 304 A
1007 265 1137 304 Leone
1145 266 1244 321 filio
1275 267 1472 305 Zenonem
1488 274 1644 320 patrem
1667 266 1753 305 Im-

318 332 543 378 perator-em
568 329 810 359 coronatum.
868 320 1042 358 Videndi
1068 320 1305 359 Theodorus
1340 321 1506 373 Lector,
1522 349 1524 351 -
1538 321 1752 374 Theopha-

325 391 418 426 nes,
448 374 727 425 Marcellinus,
756 373 980 427 Euagrius,
1013 374 1242 413 Chronicon
1268 373 1581 414 Alexandrinum
1603 403 1616 425 ,
1651 374 1754 414 Pro-'2
1777 418 1780 420 Α

325 433 462 484 copius
488 430 560 469 lib.
592 443 627 467 1.
662 428 710 467 de
740 428 845 467 bello
878 428 1105 475 Vandalic.‚
1127 429 1272 482 aliique
1299 429 1458 482 passim.
1515 429 1655 468 Unum
1685 430 1752 468 hic

324 492 454 525 tacere
487 499 568 523 non
597 483 994 536 possum‚Victorem
1023 484 1336 522 Tunnunensem
1366 485 1407 522 in
1433 483 1632 523 Chronico
1649 483 1757 523 affim-

326 553 449 589 mare,
474 539 651 578 Leonem
677 538 792 577 illum
805 538 1008 576 Iuniorem
1031 538 1083 576 ad
1102 552 1240 577 necem
1261 553 1284 576 a
1305 539 1465 576 Zenone
1491 545 1604 591 patre
1633 552 1756 590 quae-

323 596 465 643 situm,
486 594 537 632 ab
555 593 735 631 Ariadna
755 600 881 631 matre
910 600 1110 633 servatum
1142 593 1288 631 fuisse:
1319 592 1481 640 Alium,
1511 594 1657 646 inquit,
1678 607 1757 647 pro

326 663 371 687 eo
391 650 470 686 eius
499 662 604 687 uxot·
635 648 801 686 similem
824 661 989 701 puerum
1023 647 1081 686 ad
1105 656 1264 686 mortem
1297 647 1455 694 obtulit,
1513 657 1548 686 et
1586 647 1756 686 Leonem
1786 689 1790 692 ,

325 703 486 741 eundem
523 702 736 755 Augustam
765 702 907 741 occulte
934 702 1120 750 totondit,
1155 717 1312 756 eumque
1346 702 1527 740 clericum
1564 702 1675 740 unius
1695 716 1758 740 eo-

325 758 464 796 clesz‘ae
489 757 573 796 CP.
584 758 703 809 fecit.
766 757 848 810 Qai
864 755 943 795 Leo
975 771 1092 811 usque
1119 757 1177 795 ad
1203 757 1411 795 lastiniani
1438 757 1632 810 principes
1662 764 1757 794 tem-

320 825 426 866 por-a
440 813 560 851 vixit.
621 811 773 850 Eadem
800 810 920 848 habet
950 811 1125 849 Isidorus
1153 810 1303 863 Hispal.
1322 812 1363 848 in
1388 810 1609 860 Chi-(mico,
1639 817 1758 863 atque

328 880 373 904 ex
400 865 591 905 alterutro
605 865 864 904 Gothefridus
888 865 1146 904 Viterbiensis
1169 866 1209 902 in
1226 864 1409 903 Pantheo
1437 872 1549 919 parte
1572 864 1654 915 16.,
1686 866 1757 919 qui

326 919 421 960 huic
447 921 604 961 fabulae
631 920 748 974 plura
764 921 882 958 etiam
910 919 959 958 de
981 934 1053 959 suo
1085 919 1253 958 addidit.

438 976 540 1028 Pag.
559 975 619 1014 18.
647 976 700 1012 D.
721 972 838 1028 [475,
863 972 921 1027 1.]
950 974 990 1013 A
1008 974 1158 1014 Verina
1186 974 1362 1028 deceptus
1378 974 1531 1014 Zenon.
1587 973 1759 1013 Causam
1792 1012 1793 1015 ,

326 1028 434 1069 illius
469 1031 510 1068 in
546 1031 746 1068 Zenonem
777 1028 858 1066 odii
887 1028 1039 1067 Auctor
1068 1028 1254 1067 Chronici
1285 1026 1401 1066 Alex.
1444 1027 1546 1068 hanc
1572 1027 1756 1081 profert,

329 1085 438 1137 quod
465 1085 575 1122 Zeno
599 1098 757 1123 socrum
785 1084 916 1122 nescio
948 1084 1044 1136 quid
1075 1090 1273 1136 petentem
1299 1081 1517 1134 ¹repulerit.
1574 1082 1758 1122 Alteram

328 1146 524 1178 memorat
553 1139 776 1185 Candidus,
823 1138 932 1191 quod
972 1139 1013 1177 in
1046 1138 1265 1177 Patricium
1303 1138 1540 1189 Magistrum
1575 1137 1759 1176 derivare

328 1193 449 1232 vellet
470 1195 624 1246 imperii
651 1193 898 1245 dignitatem,
924 1207 1004 1246 qua
1027 1206 1096 1246 spe
1116 1193 1324 1238 frustrata,
1350 1191 1580 1230 Basiliscum
1596 1191 1762 1230 fiatrem

328 1247 617 1300 imperatorem
645 1249 898 1287 renuntiarit.
954 1247 1078 1287 Plura
1099 1246 1381 1300 Theophanes,
1406 1246 1636 1298 Procopius,
1651 1245 1761 1299 Aga·-

328 1301 457 1352 thius,
509 1303 649 1342 Suidas
666 1331 677 1352 ‚
726 1302 923 1354 Euagrius
943 1330 955 1351 ,
993 1302 1228 1340 Theodorus
1263 1302 1407 1339 Lector
1426 1329 1437 1349 ‚
1481 1300 1759 1351 Marcellinus,

329 1356 470 1396 Victor
486 1387 497 1408 ,
520 1357 762 1410 *Anonymus
785 1364 875 1410 post
902 1356 1161 1395 Ammianum
1191 1356 1343 1405 editus,
1375 1352 1547 1407 aliique,
1576 1368 1676 1408 quos
1693 1354 1760 1408 hic

329 1411 543 1451 conciliare
597 1418 666 1450 aut
709 1411 926 1449 exscribere
949 1425 1029 1449 non
1058 1418 1117 1450 est
1142 1411 1311 1449 animus.
1368 1409 1519 1447 Graeca
1543 1410 1599 1448 sic
1618 1409 1759 1448 distin-

327 1478 439 1517 gue:
482 1465 556 1504 καί
595 1463 650 1510 ὥς
676 1463 837 1516 Βηρίνα
882 1462 1019 1504 ἐλπίδι
1058 1463 1131 1503 τοῦ
1165 1462 1433 1516 συναφθῆναι
1461 1461 1678 1518 Harpalo)
1705 1462 1763 1518 τῷ

328 1518 542 1574 μαγίστρῳ
589 1515 662 1557 καί
701 1513 937 1568 βασιλεύειν
964 1513 1111 1570 αὐτὸν,
1152 1513 1223 1558 τὸν
1249 1513 1441 1570 γαμβρόν
1469 1515 1596 1570 αὐτῆς
1623 1531 1762 1571 φυγα-

330 1569 530 1613 affluam».
1748 1592 1751 1594 ·

441 1626 898 1682 Pag.18.D.[475,4.]
925 1628 986 1666 De
1009 1627 1172 1683 Nepote,
1198 1627 1347 1676 Oreste,
1375 1625 1535 1679 filioque
1570 1626 1654 1664 eius
1674 1625 1762 1666 Au-

326 1682 479 1751 gustulo
494 1712 505 1730 ,
533 1683 615 1720 sive
643 1683 805 1721 Romulo
823 1712 834 1730 ‚
867 1684 1017 1721 Graece
1039 1682 1145 1735 apud
1167 1681 1454 1734 Theophanem
1477 1688 1517 1720 et
1542 1680 1764 1734 Euagrium

337 1731 564 1790 Ρωμύλλῳ,
589 1736 708 1787 (unde
728 1735 903 1789 vulgaris
928 1736 978 1775 de
1000 1734 1195 1790 Momyllo
1223 1736 1368 1774 erroris
1397 1736 1509 1788 origo
1535 1736 1762 1786 emanavit,)

332 1803 414 1828 non
439 1797 498 1828 est
527 1790 634 1842 quod
671 1790 787 1843 plura
817 1791 904 1843 quis
939 1805 963 1829 a
999 1804 1063 1830 me
1096 1797 1290 1843 exspectet
1321 1791 1363 1829 in
1404 1803 1448 1828 re
1482 1789 1652 1828 contrita
1691 1789 1764 1830 καὶ

335 1843 695 1898 καθημαξευμένῃ.
748 1845 809 1884 Ex
843 1845 1129 1883 recentioribus
1162 1846 1212 1884 de
1254 1844 1317 1883 his
1358 1843 1518 1882 consule
1545 1843 1763 1883 Hem-icum

203 1893 236 1926 Ρ·
264 1905 456 1951 107atque
485 1898 734 1937 Hadrianum
765 1898 945 1938 Valesios
963 1928 975 1949 ,
1002 1914 1074 1952 par
1101 1899 1268 1938 fratrum
1289 1898 1622 1948 eruditissimum,
1654 1897 1763 1948 hunc

335 1952 439 1991 libro
470 1951 506 1992 5.
533 1954 679 1992 Rerum
712 1954 1022 2004 Francicarum‚
1051 1954 1167 1992 illum
1199 1955 1242 1993 in
1281 1955 1386 1992 notis
1419 1952 1470 1991 ad
1497 1952 1762 2005 fragmentum

333 2006 538 2060 Anonymi
569 2021 613 2046 ex
641 2007 795 2046 schedis
825 2009 873 2050 R.
903 2008 951 2046 P.
986 2008 1118 2047 Iacobi
1154 2008 1355 2047 Sirmondi
1380 2013 1469 2059 post
1501 2006 1762 2046 Ammianum

331 2061 613 2100 Marcellinum
633 2062 820 2115 evulgati.
881 2062 1083 2101 Cabadem
1115 2077 1160 2101 ac
1195 2064 1397 2101 Zenonem
1421 2061 1594 2113 imperiis
1616 2060 1762 2114 spolia-

331 2122 392 2154 tos
413 2130 458 2155 ea
472 2131 724 2169 recuperasse
750 2116 934 2157 observat
955 2125 1044 2170 post
1055 2116 1270 2169 Agathiam
1291 2115 1468 2168 aliosque
1481 2115 1763 2155 Constantinus

333 2170 532 2209 Manasses
552 2185 642 2224 pag.
656 2171 723 2210 60.
756 2171 849 2215 edit,
874 2173 1018 2224 regiae.
1077 2171 1215 2211 Solum
1245 2172 1441 2224 Nepotem
1464 2169 1659 2209 deiectum
1680 2169 1763 2209 for-

329 2229 427 2262 tuna
451 2225 629 2278 benignis
659 2225 783 2264 oculis
805 2240 887 2265 non
915 2226 1095 2278 respexit.

441 2279 543 2331 Pag.
566 2294 626 2333 19.
642 2279 692 2318 A.
708 2279 826 2333 [475,
855 2279 939 2333 12.]
970 2280 1176 2328 Armatus,
1207 2282 1291 2319 sive
1303 2279 1529 2326 Armatius,
1562 2279 1639 2329 (cui
1670 2279 1762 2319 voci

331 2339 424 2371 sunt
442 2363 452 2380 ,
505 2337 575 2385 qui
622 2334 900 2386 aspirationem
941 2335 1199 2387 praefigant‚)
1242 2349 1324 2373 non
1369 2334 1527 2385 ignotus
1570 2334 1645 2372 erit
1681 2334 1760 2383 iis,

331 2387 400 2439 qui
450 2387 657 2426 Malehum
705 2388 1089 2441 Philadelpliiensem
1127 2403 1218 2441 pag.
1253 2388 1322 2442 94.
1367 2387 1550 2425 editionis
1592 2387 1724 2440 regiae
1742 2417 1756 2435 ‚

331 2441 477 2479 Suidae
499 2442 694 2494 Excerpta
714 2457 799 2495 pag.
824 2444 890 2492 54.
914 2443 1088 2481 eiusdem
1111 2444 1306 2491 editionis,
1339 2441 1562 2480 Chronicon
1586 2442 1760 2480 Alexan-

331 2494 509 2542 drinum⁷
544 2497 785 2548 Procopium
809 2497 875 2536 lib.
898 2512 931 2535 1.
955 2496 1168 2536 Vandalic.
1191 2527 1202 2547 ‚
1225 2495 1510 2547 Theophanem
1533 2495 1758 2548 similesque

332 2551 540 2602 scriptores
577 2551 771 2602 frequenti
801 2551 969 2590 lectione
1001 2551 1213 2590 familiares
1239 2551 1313 2590 sibi
1339 2550 1516 2587 fecerint.
1576 2549 1760 2590 Malchus

329 2618 376 2643 ac
396 2603 535 2643 Suidas
554 2604 850 2643 'interfectorem
874 2607 1032 2643 Armati
1057 2606 1292 2658 Onulphum
1311 2605 1391 2643 sive
1421 2603 1651 2656 Onuolphin
1681 2618 1758 2644 no-

330 2660 489 2700 minant.
534 2659 778 2710 eundemque
818 2659 1035 2699 barbarum
1078 2674 1124 2699 ac
1163 2672 1303 2713 genere
1341 2657 1595 2711 Thuringum
1639 2658 1758 2699 fuisse

333 2719 545 2754 testantur.
602 2713 740 2768 Neque
765 2727 861 2753 vero
883 2713 1068 2754 Armatus
1096 2714 1161 2754 hic
1187 2714 1292 2754 idem
1317 2712 1476 2757 videtur
1505 2726 1597 2755 cum
1631 2711 1757 2754 altero
