1924 3164
607 196 642 236 E
679 196 885 240 MALCHI
923 197 1197 241 msTomA.
1508 181 1618 257 275

174 296 249 336 καί
274 288 345 349 ’ἢν
384 292 548 340 ἅπαντα
589 297 723 350 μεστὰ
754 296 947 357 δακρύων
983 301 1037 357 τῇ
1063 302 1146 344 τῶν
1182 299 1382 343 τοιούτων
1407 302 1620 359 εἰσφορῶν

173 359 336 416 πράξει.
391 364 508 404 Idem
532 380 567 405 ε.
590 381 633 405 v.

284 426 330 468 ε’.
385 426 600 483 Ἐρύθριος
616 462 630 482 ,
659 426 846 484 ἔπαρχος
871 429 1052 485 γεγονώς
1076 432 1150 474 ἐπὶ
1174 433 1396 487 Ζήνωνος.
1454 428 1502 482 ὃς
1530 433 1625 477 ἐπεὶ

170 490 276 547 μήτε
315 491 368 534 τὰ
407 494 526 536 κοινοὶ
573 496 827 550 διαρκοῦντα
871 494 1012 552 ἑώρα,
1048 497 1154 553 μήτε
1194 497 1327 555 βάρος
1364 501 1619 556 προσθεῖναι

148 556 314 600 ὅπλεῖον
341 560 417 601 τοῦ
444 561 696 614 τεταγμένου
742 566 829 610 τοῖς
856 563 1014 604 τέλεσιν
1039 564 1249 618 ἠνείχετο,
1292 564 1396 621 μήτε
1421 579 1463 607 τι
1489 570 1624 607 ποιεῖν

171 621 369 680 πονηρὸν,
415 623 474 674 ὦς
512 620 571 667 ὢν
620 622 942 682 φιλάνθρωπος,
970 623 1176 682 ἠδύνατο,
1223 631 1308 671 τῶν
1336 626 1623 687 ὀφειλομένων

168 687 299 746 χάριν
328 690 602 745 αἰτησάμενος
633 691 750 746 παρὰ
771 690 964 747 Ζήνωνος
989 691 1140 749 ταύτης
1166 696 1242 749 τῆς
1270 694 1406 751 ἀρχῆς
1433 694 1624 738 ἐπαύσα-

169 771 248 817 το..
308 754 442 811 λύπην
487 758 534 799 δὲ
562 759 616 814 τῇ
627 755 760 803 ,πόλει
787 759 1024 813 παρέσχεν,
1053 759 1176 815 ἡνίκα
1213 759 1372 815 ταύτην
1410 761 1623 807 ἀπέθετο.

169 818 293 875 μόνος
319 820 399 878 γὰρ
431 825 516 865 τῶν
555 824 785 866 τελούντων
811 823 905 867 τότε
944 826 1004 874 εἰς
1047 823 1123 880 τὴν
1165 827 1378 869 πολιτείαν
1405 822 1528 876 οὗτος
1553 826 1627 869 ἐπὶ
1682 840 1686 842 ’

122 888 230 945 ποτῷ
256 888 422 931 πάντων
453 890 602 946 ἀγαθῷ
629 887 847 947 ἐπεφύκει,
875 889 1058 940 θάττους
1073 893 1153 944 μὲν
1179 889 1255 941 τὰς
1282 889 1466 950 χάριτας
1491 894 1626 949 παρέ-

167 969 260 1007 χων
307 959 394 1004 τοῖς
433 955 722 1010 αἰτουμένοις,
764 957 840 998 οὔκ
891 955 1002 1011 ἔχων
1041 958 1089 1000 δέ
1128 973 1223 1000 τινα
1258 957 1501 1000 παντάπασι
1539 961 1625 1002 τῶν

169 1016 333 1075 πρόσθε
372 1019 759 1078 προσκεκρουκότων
786 1019 1051 1076 α’μύνεσθαι.
1090 1021 1139 1066 τό
1182 1024 1228 1066 δὲ
1262 1017 1415 1066 κοινόν
1443 1024 1536 1067 τότε
1563 1025 1626 1073 εἷς

169 1087 311 1128 πᾶσαν
338 1080 521 1142 ἀπορίαν
547 1090 776 1143 κατῆλθεν,
818 1088 875 1137 ὥς
900 1090 1033 1145 μηδὲν
1067 1086 1182 1144 ἔχειν
1207 1086 1465 1132 ὑπόλοιπον.
1519 1086 1553 1131 ἅ
1580 1105 1626 1132 τε

171 1149 255 1206 γάρ
297 1152 342 1193 ἐν
370 1153 428 1209 τῷ
456 1155 580 1211 κοινῷ
607 1155 767 1212 ταμείῳ
806 1157 935 1197 Λέων
973 1156 1193 1197 κατέλιπεν
1231 1154 1513 1210 ἀποθνήσκων
1538 1152 1622 1197 ὗπό

123 1214 365 1270 ιόΖήνωνος
391 1216 499 1272 ταχύ
525 1220 747 1263 ἐκεκένωτο
779 1219 932 1274 πάντα,
962 1219 1097 1262 πολλὰ
1124 1222 1203 1273 μὲν
1227 1221 1510 1276 χαριζομένου
1534 1227 1622 1271 τοῖς

172 1280 338 1337 φίλοις,
379 1282 438 1332 ὥς
476 1282 649 1338 ἔτυχεν,
689 1284 764 1326 οὔκ
806 1279 925 1334 ὄντος
953 1286 1000 1328 δὲ
1029 1285 1258 1341 ἀκριβοῦς,
1287 1282 1395 1328 ὥστε
1422 1285 1530 1329 αὐτὰ
1555 1302 1622 1342 γι·-

170 1345 360 1402 ναὶσκειν,
387 1347 433 1392 ἐἴ
451 1367 508 1404 πη
535 1351 610 1391 καί
633 1345 771 1400 ἄλλως
794 1352 1047 1393 κλέπτοιντο.
1099 1353 1215 1393 Idem
1236 1368 1272 1393 s.
1300 1369 1345 1394 v.
1606 1404 1609 1405 ⁷

279 1413 326 1463 ς’.
381 1415 555 1470 Ζήνων,
589 1415 795 1469 βασιλεύς
824 1416 1079 1470 ε,Ρωιιιαίιιηη
1107 1417 1182 1472 τὴν
1209 1419 1288 1471 μὲν
1327 1413 1550 1473 ὠμότητα,
1590 1411 1623 1476 ᾖ

168 1482 371 1537 ἐκέχρητο
398 1482 554 1534 Λέων,
589 1483 634 1524 ἐν
670 1484 725 1538 τῇ
754 1480 884 1538 φύσει
923 1481 1000 1524 οὐκ
1026 1478 1164 1537 εἶχεν,
1198 1484 1297 1525 οὐδὲ
1323 1482 1370 1525 τὸ
1399 1484 1622 1538 θυμούμε-

114 1563 239 1590 αονον
267 1543 553 1603 ἀπαραίτητον
598 1547 717 1605 αὐτῷ
735 1547 1001 1603 καθειστήκει
1028 1548 1214 1602 ἐσάπαξ,
1258 1545 1347 1592 οἷον
1372 1550 1450 1591 τοῦ
1479 1550 1620 1593 Λέον-

166 1628 236 1662 τος
260 1615 422 1670 διέμενε
441 1644 467 1655 .,
507 1612 581 1655 καὶ
605 1610 678 1669 τήν
707 1629 754 1667 γε
794 1616 1041 1670 προαίρεσιν
1068 1615 1114 1657 ἐν
1140 1611 1307 1663 πολλοῖς
1335 1610 1423 1669 εἶχε
1453 1613 1621 1672 φιλότι-

166 1695 269 1734 μον,
296 1677 370 1722 καὶ
395 1676 426 1721 ἃ
464 1676 642 1735 ἔπραττε
683 1681 806 1735 δόξης
847 1681 982 1723 ἕνεκεν
1021 1682 1096 1724 καί
1134 1680 1212 1723 τοῦ
1237 1682 1540 1735 θαυμάζεσθαι
1576 1679 1620 1723 ἕ-

263 1792 295 1825 3.
331 1791 410 1826 Hoc
450 1792 690 1836 fragmentum
733 1790 781 1825 ad
811 1790 996 1825 Malchum
1027 1792 1259 1827 referendum
1293 1803 1373 1827 esse
1405 1792 1501 1828 vidit
1537 1793 1620 1829 val.

260 1839 295 1872 6.
310 1839 390 1883 φιλ.
414 1849 444 1871 τ.
471 1837 537 1884 ὀφ.
562 1835 618 1879 ἠδ.
643 1837 738 1883 vulg.
837 1840 891 1873 18.
917 1837 1051 1872 Malchi
1071 1838 1163 1874 haec
1189 1851 1266 1874 esse
1284 1840 1379 1875 vidit
1395 1839 1476 1874 val.

168 1930 296 1964 obrem
328 1934 476 1975 propter
504 1928 714 1964 huiusmodi
745 1929 968 1964 tributorum
1004 1931 1211 1966 exactiones
1243 1932 1367 1965 omnia
1391 1930 1621 1967 lacrimarum

168 1983 274 2011 erant
300 1977 422 2022 plena.

263 2025 296 2061 5.
341 2022 530 2066 Erythrius
553 2022 759 2068 praefectus
785 2022 1016 2064 subZenone‚
1031 2023 1108 2069 qui,
1133 2034 1214 2057 cum
1238 2033 1359 2070 neque
1387 2024 1513 2060 fiscum
1539 2026 1620 2059 suf-

168 2070 275 2104 ficere
299 2070 462 2110 videret,
499 2081 568 2103 nec
600 2070 798 2103 sustineret
824 2069 957 2104 addere
990 2070 1139 2103 tributis
1164 2081 1256 2104 onus
1281 2070 1398 2104 maius
1424 2083 1489 2113 eo,
1516 2071 1620 2117 quod.

165 2118 287 2151 suerat
316 2119 576 2157 constitutum,
607 2126 729 2162 neque
763 2117 879 2150 ullum
911 2117 1118 2160 improbum
1155 2117 1295 2151 facinus
1329 2118 1448 2152 facere
1481 2119 1620 2159 vellet,

168 2164 305 2210 quippe
337 2163 437 2209 quod
461 2168 556 2196 esset
590 2163 787 2204 humanus,
812 2174 958 2202 eorum,
983 2174 1077 2209 quae
1102 2162 1332 2198 debebantur
1347 2190 1357 2206 ‚
1375 2164 1622 2200 condonatio-

166 2221 252 2244 nem
277 2221 357 2244 cum
381 2222 402 2244 a
425 2211 567 2243 Zenone
599 2210 787 2254 petiisset,
811 2209 880 2242 hoc
904 2210 1113 2252 magistratu
1139 2210 1243 2244 abiit.
1295 2211 1471 2246 Dolorem
1493 2217 1620 2248 autem

168 2256 310 2291 civibus
340 2267 482 2301 gravem
506 2257 655 2297 attulit,
682 2268 760 2289 cum
790 2256 942 2289 officium
966 2266 1071 2289 suum
1098 2256 1310 2302 deponeret.
1361 2259 1414 2291 Ex
1432 2257 1479 2292 iis
1506 2259 1619 2300 enim,

171 2304 237 2350 qui
261 2309 348 2338 tunc
374 2305 414 2338 in
440 2314 478 2337 re
506 2301 653 2349 publica
675 2301 937 2343 versabantur,
961 2302 1058 2336 solus
1084 2302 1131 2336 ad
1154 2306 1317 2339 omnium
1341 2314 1532 2345 commune
1546 2305 1618 2338 bo*

169 2361 258 2384 num
281 2355 386 2384 natus
414 2356 498 2383 erat.
548 2350 639 2383 Nam
669 2349 880 2394 petentibus
913 2350 1060 2395 quidem
1084 2349 1263 2383 beneficia
1287 2351 1456 2386 celeriter
1480 2351 1618 2392 dabat,

170 2397 313 2430 nullum
348 2408 434 2431 vero
468 2396 513 2428 de
548 2396 733 2429 veteribus
772 2396 930 2429 inimicis
973 2396 1101 2429 ulcisci
1138 2397 1293 2431 volebat.
1341 2397 1467 2431 Fiscus
1493 2403 1618 2432 autem

172 2443 220 2476 ad
256 2454 430 2477 summam
459 2444 646 2488 penuriam
677 2448 765 2476 tunc
789 2442 957 2481 devenit,
982 2447 1024 2475 ut
1048 2443 1086 2475 in
1112 2454 1154 2476 eo
1180 2444 1276 2477 nihil
1303 2449 1398 2478 esset
1420 2445 1616 2491 reliquum.

167 2489 262 2524 Nam
294 2501 387 2536 quae
412 2491 486 2524 Leo
512 2491 670 2523 moriens
702 2489 902 2534 reliquerat
925 2490 963 2521 in
983 2488 1132 2532 publico
1164 2491 1326 2531 aerario,
1351 2491 1474 2525 omnia
1498 2503 1519 2524 a
1543 2493 1611 2526 Ze-

168 2547 266 2570 none
291 2537 458 2570 celeriter
482 2536 655 2570 exhausta
680 2540 795 2576 erant,
821 2535 921 2580 quod
940 2536 1054 2568 multa
1077 2535 1224 2582 quidem
1255 2537 1380 2571 amicis
1404 2539 1616 2572 inconsulte

168 2582 380 2628 largiretur,
416 2583 492 2628 ipse
527 2594 612 2617 vero
648 2594 722 2617 non
754 2588 849 2616 esset
877 2586 1081 2624 accuratus,
1111 2588 1152 2616 nt
1174 2588 1428 2628 cognosceret,
1451 2585 1483 2619 si
1519 2594 1614 2631 quae

172 2630 282 2664 etiam
309 2630 380 2662 alia
404 2631 546 2664 ratione
571 2630 857 2674 subriperentur.

263 2677 296 2710 6.
328 2677 442 2717 Zeno,
466 2677 707 2710 Romanorum
731 2678 951 2720 Imperator,
978 2675 1228 2710 crudelitatem
1247 2676 1416 2723 quidem,
1453 2689 1525 2724 qua
1538 2677 1613 2712 Leo

171 2723 292 2757 fuerat
327 2733 434 2763 usus,
467 2729 595 2758 natura
629 2734 704 2756 non
728 2721 908 2763 habebat,
940 2726 1007 2755 nec
1030 2722 1214 2756 iracundia
1236 2723 1307 2768 ipsi
1331 2724 1372 2760 in
1394 2729 1615 2771 perpetuum

174 2772 252 2804 erat
274 2769 512 2805 inexorabilis
528 2795 540 2814 ,
563 2775 605 2804 ut
628 2766 694 2804 ina
724 2769 856 2805 Leonis
870 2793 882 2811 ‚
914 2779 1010 2815 quae
1031 2773 1215 2820 pei-'petuo
1234 2769 1400 2805 durabat.
1449 2772 1491 2805 In
1514 2771 1615 2805 mul-
