1924 3164
300 162 410 234 5238
673 182 895 226 ammei
934 183 1140 225 VALEsn
1181 170 1364 226 NOTAE

297 288 376 328 Sed
402 288 624 330 notandum
651 296 711 328 est
744 288 853 343 quod
883 289 939 327 ait
961 287 1184 340 Procopius
1213 290 1254 328 in
1282 289 1356 329 lib.
1385 291 1467 330 iam
1494 293 1738 345 eitat‘o‚Dio·

176 336 518 389 P·2o9cletianum
546 343 694 383 scilicet
713 374 723 388 ,
755 359 848 383 cum
877 344 987 382 iuxta
1022 343 1333 396 Elephantinem
1360 346 1531 386 insulam
1568 350 1610 387 in
1642 348 1738 387 Nilo

297 401 521 452 reperisset,
552 406 683 438 castro
711 399 767 437 ibi
795 405 1010 448 exstructo,
1033 412 1120 437 aras
1138 400 1330 439 Romanis
1357 415 1403 439 ae
1430 401 1609 442 barbaris
1635 418 1739 442 com-

297 468 439 494 munes
466 455 664 504 statuisse,
705 468 751 492 ac
781 453 1004 492 sacerdotes
1035 467 1080 492 ex
1109 460 1280 507 utraque
1307 463 1423 509 gente
1451 457 1671 508 ordinasse,
1691 465 1740 497 ut

297 523 504 548 sacrorum
532 511 812 548 communione
854 509 1027 547 amicitia
1055 508 1319 558 coalesceret,
1370 510 1478 550 unde
1524 519 1563 551 et
1602 511 1739 552 locum

296 563 436 604 Philas
463 565 639 603 vocavit.
699 564 746 602 In
774 577 855 616 quo
882 562 1036 602 fallitur
1061 563 1295 616 Procopius.
1354 565 1495 605 Philae
1524 568 1631 606 enim
1657 566 1739 606 lon-

297 633 347 671 ge
374 626 467 657 ante
495 618 735 657 Diocletiani
763 619 975 672 imperium
1008 618 1268 672 dicebantur,
1296 627 1343 659 ut
1383 628 1538 661 constat
1561 635 1608 661 ex
1636 622 1746 661 Stra-²

297 673 403 712 bone
435 681 476 712 et
503 673 749 712 Ptolemaeo.

407 729 512 781 Pag.
534 727 604 779 41.
626 729 673 767 B.
696 726 913 782 [154‚25.]
939 723 1372 781 χώρανκατέδραμον.
1399 730 1498 770 Post
1512 730 1611 770 haec
1628 726 1746 784 sequi

297 782 418 822 debet
435 782 579 836 legatio
590 784 780 822 Mari-iani
801 783 852 821 ad
873 783 1131 821 Gensericum
1156 812 1169 833 ‚
1198 798 1300 837 quae
1314 783 1460 838 legitur
1481 800 1570 839 pag.
1594 786 1662 839 73.
1692 787 1741 825 Β.

408 839 511 890 Pag.
533 836 661 892 74.Α.
702 837 820 892 [2¹7⁷
852 838 940 888 21.]
970 837 1068 876 Post
1096 836 1165 876 illa
1190 838 1314 878 verba
1333 838 1510 888 Λαζούς
1527 837 1743 893 καταφεύ-

296 905 443 945 γοντας
472 893 732 932 adscribenda
765 900 859 932 sunt
885 906 988 946 quae
1017 892 1205 946 leguntur
1234 908 1326 947 pag.
1358 893 1426 945 41.
1458 896 1532 935 13.:
1564 889 1627 935 ὅτι
1646 894 1687 935 Γ
1686 909 1742 935 ω-

298 944 451 1000 βάξης,
488 948 608 1000 idque
637 948 776 987 eadem
805 949 930 997 serie,
960 954 1006 985 ut
1036 948 1290 987 manifestum
1318 956 1391 988 est.

409 1001 604 1055 Pag.41.
625 1004 674 1042 C.
707 1001 898 1057 [155‚7.]
930 1003 1035 1055 Lege
1071 1004 1258 1042 continue
1294 1003 1443 1057 absque
1472 1004 1555 1044 ulla
1600 1004 1742 1044 distin-

298 1058 454 1096 ctione:
484 1053 551 1097 τὸν
578 1055 778 1108 πόλεμον.
801 1053 1025 1111 Ειῖφήμιος
1044 1055 1306 1110 εἰσηγήσατο,
1341 1058 1383 1098 id
1412 1067 1493 1107 est,
1544 1068 1587 1098 ut
1615 1069 1744 1099 autem

298 1113 403 1150 alter·
435 1121 598 1159 tantum,
618 1122 687 1151 auc
719 1113 832 1151 Goba
840 1127 915 1161 zes,
947 1112 1257 1168 auffefflsfllius,
1284 1114 1396 1168 apud
1419 1115 1577 1154 Colchos
1601 1128 1750 1168 regna-'

297 1176 378 1216 ret,
412 1167 453 1206 E
455 1169 669 1221 uplaemius,
692 1168 885 1220 ‚Magister
898 1164 1142 1218 Officiorum,
1168 1169 1373 1207 consiliam
1391 1169 1579 1217 dederat,
1620 1171 1691 1224 qui
1706 1178 1753 1208 et*⁴

291 1222 509 1276 prudentia
551 1232 590 1261 et
621 1223 841 1277 eloquentia
868 1231 1075 1276 praestans
1118 1232 1254 1261 cuncta
1291 1223 1604 1263 admim‘strahac.
1681 1224 1745 1263 Ac

298 1278 508 1316 multorum
530 1278 737 1330 praeclare
755 1280 964 1330 factor-zmz
995 1286 1033 1316 et
1067 1279 1325 1317 consultorum
1357 1288 1493 1318 auctor·
1528 1280 1745 1318 Marciano

299 1331 473 1384 Augusto
487 1332 602 1383 ficit,
631 1334 700 1387 qui
728 1341 767 1371 et
792 1333 989 1382 Prisczmz,
1007 1333 1117 1370 huius
1137 1333 1320 1372 historiae
1346 1336 1587 1389 scriptorem,
1623 1348 1746 1372 asses-
1782 1331 1785 1333 μ

299 1400 426 1425 sorem
457 1388 533 1424 sibi
555 1387 756 1425 adiunxit.
814 1387 918 1426 Vide
947 1400 1050 1439 quae
1073 1389 1212 1427 notavi
1232 1388 1284 1426 ad
1303 1387 1440 1427 Amm.
1463 1387 1746 1427 Marcellinum

299 1440 373 1479 lib.
396 1440 464 1480 28.
492 1456 533 1493 p.
560 1443 669 1491 553„
700 1441 771 1480 ubi
799 1455 1013 1481 assessores
1028 1442 1336 1494 Magistratuum
1369 1439 1591 1490 κοινωνοὺς
1618 1443 1746 1482 dictos

300 1509 384 1534 esse
415 1510 438 1535 a
469 1497 633 1535 Graecis
663 1496 890 1536 observavi.
945 1496 1010 1535 Sic
1039 1496 1156 1549 Greg.
1186 1498 1461 1537 Nazianzenus
1481 1499 1524 1536 in
1546 1498 1656 1550 epist.
1673 1497 1743 1549 48.

301 1550 353 1589 ad
381 1550 585 1590 Asterium
604 1580 615 1601 ,
645 1558 684 1589 et
713 1553 754 1589 in
785 1553 898 1603 epist.
937 1550 1027 1604 ¹75·
1058 1550 1109 1589 ad
1135 1550 1383 1604 Olympium.

414 1606 518 1658 Pag.
543 1605 612 1656 42.
636 1605 690 1644 A.
723 1605 838 1659 [156,
863 1606 945 1657 12.]
979 1601 1053 1644 καί
1077 1603 1130 1644 τὰ
1159 1601 1310 1646 ὕδατα.
1366 1607 1466 1646 Post
1491 1606 1591 1646 haec
1619 1607 1746 1648 verba

299 1659 431 1700 scribe
467 1675 571 1713 quae
599 1659 788 1712 leguntur
816 1675 908 1714 pag.
937 1659 989 1714 74
1020 1661 1098 1698 B.:
1173 1655 1238 1700 ὅτι
1275 1656 1296 1699 ὃ
1339 1660 1380 1701 Γ
1377 1660 1562 1714 εζέριχος
1616 1675 1749 1715 usque

301 1715 356 1754 ad
383 1729 523 1755 vocem
550 1714 789 1766 συγγένειαν
797 1726 833 1764 ,¹
859 1714 1003 1754 deinde
1030 1728 1192 1755 recurre
1224 1715 1276 1755 ad
1301 1730 1390 1769 pag.
1412 1715 1479 1768 42.
1505 1715 1588 1757 A.:
1615 1711 1679 1756 ὅτι
1706 1712 1748 1756 οἷ

302 1764 488 1822 ἑσπέριοι
524 1777 600 1809 etc.
827 1813 829 1815 Ι
1060 1775 1062 1777 ’

411 1825 516 1877 Pag.
539 1823 606 1878 74.
629 1823 677 1862 Β.
698 1822 812 1876 [218‚
831 1823 915 1878 1o.]
947 1824 1011 1863 Sic
1029 1825 1294 1878 interpunge:
1326 1823 1582 1878 παρελέσθαι
1619 1821 1748 1865 αὐτὸν

303 1877 378 1931 τῆς
423 1874 642 1929 δυνάμεως
671 1875 948 1930 ἐθελήσαντα,
977 1874 1073 1924 τούς
1103 1887 1211 1931 etc.;
1242 1894 1333 1919 mox
1361 1878 1473 1934 lege:
1515 1879 1753 1933 ἀφικέσθαι.

304 1933 354 1973 δὲ
393 1934 494 1986 παρ’
527 1931 669 1974 αὔτόν.
712 1930 964 1986 εὐλαβηθείς
1007 1932 1053 1971 δὲ
1088 1931 1164 1986 τήν
1201 1932 1426 1987 ἐπιβουλήν
1478 1942 1552 1974 etc.
1592 1930 1744 1974 ὑπενό-

305 2001 446 2040 στησε.
512 1988 663 2027 Totum
705 1995 840 2027 autem
866 1988 975 2027 hunc
1004 1988 1138 2027 locum
1165 1990 1335 2043 pessime
1370 1990 1490 2029 vertit
1517 1990 1747 2042 Interpres,

305 2044 421 2082 cuius
446 2044 577 2083 versio
605 2058 650 2082 ex
679 2042 756 2090 his,
788 2057 890 2096 quae
918 2043 1020 2092 dixi,
1051 2043 1166 2082 facile
1195 2045 1397 2083 emendari
1423 2051 1566 2097 potest.

415 2097 602 2151 Pag.42.
626 2099 672 2136 B.
705 2096 921 2152 [156‚17.]
953 2096 1166 2149 Νεγιδίου.
1204 2099 1467 2138 Scribendum
1497 2106 1555 2151 est
1577 2097 1746 2150 Aa’ycdt'-

308 2165 386 2202 ov,
415 2160 461 2192 ut
489 2153 724 2192 iamdudum
753 2152 821 2191 alii
866 2161 1127 2192 monuerunt.
1184 2154 1246 2192 De
1275 2168 1356 2207 quo
1394 2154 1485 2195 vide
1527 2153 1652 2192 libros
1678 2167 1746 2192 re·-

307 2221 398 2247 1·um
425 2209 712 2248 Francicarum
741 2207 938 2246 Hadriani
967 2207 1130 2249 Valesii.

415 2264 520 2316 Pag.
539 2263 604 2314 42.
620 2264 668 2302 C.
700 2262 813 2316 [15-7,
837 2262 922 2316 12.]
955 2262 1086 2315 Lege:
1106 2259 1181 2300 δύο
1204 2261 1258 2301 δι’
1281 2258 1398 2309 ἔτους
1425 2255 1615 2302 ἑκάστου.
1665 2263 1670 2267 ”

414 2318 519 2371 Pag.
535 2317 601 2368 45.
624 2319 669 2360 Β.
701 2316 816 2372 [159.
841 2316 900 2370 5.]
928 2317 1013 2356 τῶν
1033 2315 1212 2369 Μάγων,
1231 2317 1304 2356 καί
1322 2316 1403 2357 τῶν
1425 2315 1470 2355 ἐν
1501 2317 1551 2370 τῇ
1563 2315 1746 2367 Ῥωμαί-

305 2386 365 2412 ων
388 2369 456 2425 γῇ.
510 2373 647 2412 Scribe
678 2374 828 2426 absque
856 2373 1113 2411 coniunctiva
1143 2372 1339 2425 particula
1357 2371 1439 2410 τῶν
1467 2368 1629 2420 Μάγων
1661 2371 1748 2411 τῶν

284 2434 285 2437 ’
307 2426 354 2466 ἐν
381 2426 430 2480 τῇ
449 2434 524 2466 etc.
599 2427 789 2481 Intelligit
817 2429 923 2467 enim
937 2429 1090 2480 Magos,
1114 2429 1184 2480 qui
1202 2442 1243 2465 m
1263 2426 1513 2479 Cappadocia
1531 2425 1750 2476 degebant,

305 2495 378 2535 per
406 2488 532 2520 totam
559 2485 806 2534 provinciam
835 2483 971 2536 sparsi.
1027 2482 1155 2520 Erant
1183 2490 1315 2521 autem
1331 2483 1540 2532 Magorum
1568 2481 1747 2519 Persico-

310 2550 404 2575 rum
423 2537 576 2585 coloni,
608 2538 659 2576 de
687 2538 834 2590 quibus
877 2537 1005 2576 multa
1033 2537 1172 2575 scribit
1205 2536 1372 2575 Basilius
1392 2536 1569 2585 Magnus
1592 2536 1634 2573 in
1659 2536 1751 2588 epi-,

291 2591 412 2630 -stola
441 2590 533 2630 325.
565 2592 616 2629 ad
637 2593 935 2645 Epiplmnium,
965 2606 988 2630 a
1016 2606 1096 2645 quo
1125 2590 1330 2630 consultus
1358 2589 1408 2627 de
1435 2589 1512 2628 illis
1540 2590 1683 2629 suerat.

419 2648 522 2699 Pag.
536 2646 604 2695 45.
621 2647 673 2684 D.
696 2647 878 2699 [160,3.]
900 2647 1226 2692 Κωνσταντῖνος.
1261 2644 1524 2683 Scribendum
1551 2651 1611 2683 est
1626 2644 1746 2683 Κων-

309 2696 518 2750 στάντιος,
538 2709 582 2740 ut
610 2700 753 2754 legitur
782 2703 821 2739 in
850 2716 891 2753 p.
911 2701 976 2754 74.
1002 2702 1071 2750 D„
1129 2701 1200 2739 ubi
1228 2700 1325 2739 haec
1355 2700 1492 2738 iisdem
1519 2698 1653 2738 verbis
1677 2711 1747 2736 re-

308 2756 433 2809 petita
460 2755 672 2796 habentur.
731 2756 809 2796 Sed
837 2755 917 2796 illic
944 2755 1047 2794 male
1075 2755 1213 2809 τρίτον
1251 2753 1327 2805 μὲν
1365 2750 1439 2806 viu
1471 2748 1633 2793 ὕπατον
1667 2753 1745 2791 λα’-
