<?xml version="1.0" encoding="UTF-8"?>
<!DOCTYPE html PUBLIC "-//W3C//DTD XHTML 1.0 Transitional//EN"
    "http://www.w3.org/TR/xhtml1/DTD/xhtml1-transitional.dtd">
<html xmlns="http://www.w3.org/1999/xhtml" xml:lang="en" lang="en">
 <head>
  <title>
</title>
<meta http-equiv="Content-Type" content="text/html;charset=utf-8" />
  <meta name='ocr-system' content='tesseract 3.04.00' />
  <meta name='ocr-capabilities' content='ocr_page ocr_carea ocr_par ocr_line ocrx_word'/>
</head>
<body>
  <div class='ocr_page' id='page_1' title='image "./corpusscriptorum10niebuoft/corpusscriptorum10niebuoft_0241.png"; bbox 0 0 1924 3164; ppageno 0'>
   <div class='ocr_carea' id='block_1_1' title="bbox 562 155 1600 228">
    <p class='ocr_par' dir='ltr' id='par_1_1' title="bbox 562 155 1600 228">
     <span class='ocr_line' id='line_1_1' title="bbox 562 155 1600 228; baseline -0.014 -3"><span class='ocrx_word' id='word_1_1' title='bbox 562 186 596 225; x_wconf 80' lang='lat' dir='ltr'><strong>E</strong></span> <span class='ocrx_word' id='word_1_2' title='bbox 642 181 817 225; x_wconf 80' lang='lat' dir='ltr'><strong>Pmscl</strong></span> <span class='ocrx_word' id='word_1_3' title='bbox 858 178 1130 223; x_wconf 72' lang='lat' dir='ltr'><strong>ms&#39;romA.</strong></span> <span class='ocrx_word' id='word_1_4' title='bbox 1498 174 1517 209; x_wconf 90' lang='lat'>1</span> <span class='ocrx_word' id='word_1_5' title='bbox 1530 155 1600 228; x_wconf 87' lang='lat'><strong>87</strong></span> 
     </span>
    </p>
   </div>
   <div class='ocr_carea' id='block_1_2' title="bbox 95 274 1800 1660">
    <p class='ocr_par' dir='ltr' id='par_1_2' title="bbox 95 274 1800 1660">
     <span class='ocr_line' id='line_1_2' title="bbox 151 274 1790 344; baseline -0.013 -10"><span class='ocrx_word' id='word_1_6' title='bbox 151 291 380 344; x_wconf 77' lang='grc' dir='ltr'><em>“Ρωμαίων</em></span> <span class='ocrx_word' id='word_1_7' title='bbox 425 284 659 342; x_wconf 78' lang='grc' dir='ltr'><strong><em>ἐστάλησαν</em></strong></span> <span class='ocrx_word' id='word_1_8' title='bbox 702 285 914 341; x_wconf 77' lang='grc' dir='ltr'><strong><em>ἐροῦντες,</em></strong></span> <span class='ocrx_word' id='word_1_9' title='bbox 945 282 1003 332; x_wconf 77' lang='grc' dir='ltr'><strong>ὥς</strong></span> <span class='ocrx_word' id='word_1_10' title='bbox 1032 278 1219 339; x_wconf 79' lang='grc' dir='ltr'><em>χρήστης</em></span> <span class='ocrx_word' id='word_1_11' title='bbox 1246 274 1449 332; x_wconf 81' lang='grc' dir='ltr'><em>Σιλβανὸς</em></span> <span class='ocrx_word' id='word_1_12' title='bbox 1476 278 1600 318; x_wconf 80' lang='grc' dir='ltr'><em>Κων-</em></span> <span class='ocrx_word' id='word_1_13' title='bbox 1610 282 1652 316; x_wconf 85' lang='lat' dir='ltr'><strong>A.</strong></span> <span class='ocrx_word' id='word_1_14' title='bbox 1665 280 1706 316; x_wconf 87' lang='lat' dir='ltr'><strong>c.</strong></span> <span class='ocrx_word' id='word_1_15' title='bbox 1719 280 1790 327; x_wconf 72' lang='grc'><strong>443</strong></span> 
     </span>
     <span class='ocr_line' id='line_1_3' title="bbox 154 327 1800 422; baseline -0.011 -23"><span class='ocrx_word' id='word_1_16' title='bbox 154 356 346 399; x_wconf 87' lang='grc' dir='ltr'><em>σταντίου</em></span> <span class='ocrx_word' id='word_1_17' title='bbox 375 351 592 408; x_wconf 82' lang='grc' dir='ltr'><em>γενόμενος</em></span> <span class='ocrx_word' id='word_1_18' title='bbox 618 349 694 400; x_wconf 81' lang='grc' dir='ltr'><strong>τὰς</strong></span> <span class='ocrx_word' id='word_1_19' title='bbox 722 347 878 406; x_wconf 82' lang='grc' dir='ltr'><em>φιάλας</em></span> <span class='ocrx_word' id='word_1_20' title='bbox 902 350 1083 405; x_wconf 77' lang='grc' dir='ltr'><em>ἐνέχυρα</em></span> <span class='ocrx_word' id='word_1_21' title='bbox 1111 346 1187 388; x_wconf 80' lang='grc' dir='ltr'>καί</span> <span class='ocrx_word' id='word_1_22' title='bbox 1213 344 1263 387; x_wconf 78' lang='grc' dir='ltr'><em>οὗ</em></span> <span class='ocrx_word' id='word_1_23' title='bbox 1291 342 1435 401; x_wconf 87' lang='grc' dir='ltr'><em>φώρια</em></span> <span class='ocrx_word' id='word_1_24' title='bbox 1462 327 1746 410; x_wconf 52' lang='grc' dir='ltr'><em>λαβώνῖἒέὲὲᾱ</em></span> <span class='ocrx_word' id='word_1_25' title='bbox 1758 375 1800 422; x_wconf 58' lang='lat'><strong>4¹</strong></span> 
     </span>
     <span class='ocr_line' id='line_1_4' title="bbox 153 402 1754 476; baseline -0.011 -13"><span class='ocrx_word' id='word_1_26' title='bbox 153 420 266 476; x_wconf 78' lang='grc' dir='ltr'><em>ἔχοι,</em></span> <span class='ocrx_word' id='word_1_27' title='bbox 294 420 369 462; x_wconf 81' lang='grc' dir='ltr'>καί</span> <span class='ocrx_word' id='word_1_28' title='bbox 395 417 453 468; x_wconf 77' lang='grc' dir='ltr'><strong>ὥς</strong></span> <span class='ocrx_word' id='word_1_29' title='bbox 479 414 637 467; x_wconf 76' lang='grc' dir='ltr'><em>ταύτας</em></span> <span class='ocrx_word' id='word_1_30' title='bbox 664 414 870 470; x_wconf 82' lang='grc' dir='ltr'><em>οἷργυρίου</em></span> <span class='ocrx_word' id='word_1_31' title='bbox 900 411 1030 470; x_wconf 82' lang='grc' dir='ltr'><em>χάριν</em></span> <span class='ocrx_word' id='word_1_32' title='bbox 1057 411 1218 467; x_wconf 80' lang='grc' dir='ltr'><em>ἱερεῦσι</em></span> <span class='ocrx_word' id='word_1_33' title='bbox 1246 409 1320 452; x_wconf 81' lang='grc' dir='ltr'><em>καί</em></span> <span class='ocrx_word' id='word_1_34' title='bbox 1346 414 1436 458; x_wconf 86' lang='grc' dir='ltr'><em>τοῖς</em></span> <span class='ocrx_word' id='word_1_35' title='bbox 1461 409 1609 450; x_wconf 82' lang='grc' dir='ltr'><em>ἐπιτυ-</em></span> <span class='ocrx_word' id='word_1_36' title='bbox 1748 402 1754 407; x_wconf 76' lang='grc'><strong>’</strong></span> 
     </span>
     <span class='ocr_line' id='line_1_5' title="bbox 148 474 1609 541; baseline -0.011 -11"><span class='ocrx_word' id='word_1_37' title='bbox 148 488 301 541; x_wconf 80' lang='grc' dir='ltr'><em>χοῦσιν</em></span> <span class='ocrx_word' id='word_1_38' title='bbox 339 485 541 528; x_wconf 80' lang='grc' dir='ltr'><em>ἀπέδοτο·</em></span> <span class='ocrx_word' id='word_1_39' title='bbox 610 476 707 525; x_wconf 66' lang='grc' dir='ltr'><em>οὔτε</em></span> <span class='ocrx_word' id='word_1_40' title='bbox 748 479 831 537; x_wconf 77' lang='grc' dir='ltr'><strong>γάρ</strong></span> <span class='ocrx_word' id='word_1_41' title='bbox 871 481 998 534; x_wconf 77' lang='grc' dir='ltr'><em>θέμις</em></span> <span class='ocrx_word' id='word_1_42' title='bbox 1035 476 1277 534; x_wconf 75' lang='grc' dir='ltr'><em>ἀνθρώποις</em></span> <span class='ocrx_word' id='word_1_43' title='bbox 1313 476 1374 525; x_wconf 84' lang='grc' dir='ltr'><strong>εἷς</strong></span> <span class='ocrx_word' id='word_1_44' title='bbox 1399 474 1609 538; x_wconf 73' lang='grc' dir='ltr'><em>σφετέραν</em></span> 
     </span>
     <span class='ocr_line' id='line_1_6' title="bbox 127 535 1611 606; baseline -0.01 -10"><span class='ocrx_word' id='word_1_45' title='bbox 127 554 372 596; x_wconf 70' lang='grc' dir='ltr'><em>ὄδιακονίαν</em></span> <span class='ocrx_word' id='word_1_46' title='bbox 399 552 633 606; x_wconf 76' lang='grc' dir='ltr'><em>κεχρῆσθαι</em></span> <span class='ocrx_word' id='word_1_47' title='bbox 660 546 906 600; x_wconf 75' lang='grc' dir='ltr'><em>ἐκπώμασιν</em></span> <span class='ocrx_word' id='word_1_48' title='bbox 937 546 1182 588; x_wconf 74' lang='grc' dir='ltr'><em>οἶνατεθεῖσι</em></span> <span class='ocrx_word' id='word_1_49' title='bbox 1208 543 1323 601; x_wconf 74' lang='grc' dir='ltr'><em>θεῷ’.</em></span> <span class='ocrx_word' id='word_1_50' title='bbox 1375 541 1416 583; x_wconf 86' lang='grc' dir='ltr'><strong>εἷ</strong></span> <span class='ocrx_word' id='word_1_51' title='bbox 1441 535 1519 582; x_wconf 70' lang='grc' dir='ltr'><strong>οὖν</strong></span> <span class='ocrx_word' id='word_1_52' title='bbox 1545 555 1611 593; x_wconf 35' lang='grc' dir='ltr'><strong>μη,</strong></span> 
     </span>
     <span class='ocr_line' id='line_1_7' title="bbox 153 605 1610 675; baseline -0.011 -12"><span class='ocrx_word' id='word_1_53' title='bbox 153 621 228 675; x_wconf 82' lang='grc' dir='ltr'><strong>τῆς</strong></span> <span class='ocrx_word' id='word_1_54' title='bbox 253 616 430 673; x_wconf 73' lang='grc' dir='ltr'><em>εὐλόγου</em></span> <span class='ocrx_word' id='word_1_55' title='bbox 460 613 714 673; x_wconf 77' lang='grc' dir='ltr'><em>προφάσεως</em></span> <span class='ocrx_word' id='word_1_56' title='bbox 739 612 814 655; x_wconf 81' lang='grc' dir='ltr'><em>καί</em></span> <span class='ocrx_word' id='word_1_57' title='bbox 837 609 1037 670; x_wconf 68' lang='grc' dir='ltr'><em>εὐλαβείᾳ</em></span> <span class='ocrx_word' id='word_1_58' title='bbox 1062 613 1136 654; x_wconf 83' lang='grc' dir='ltr'><strong>τοῦ</strong></span> <span class='ocrx_word' id='word_1_59' title='bbox 1163 611 1285 652; x_wconf 71' lang='grc' dir='ltr'><em>θείου</em></span> <span class='ocrx_word' id='word_1_60' title='bbox 1301 605 1506 663; x_wconf 72' lang='grc' dir='ltr'><em>ἀποσταίη</em></span> <span class='ocrx_word' id='word_1_61' title='bbox 1534 605 1610 650; x_wconf 78' lang='grc' dir='ltr'><strong>τοῦ</strong></span> 
     </span>
     <span class='ocr_line' id='line_1_8' title="bbox 153 670 1606 741; baseline -0.009 -15"><span class='ocrx_word' id='word_1_62' title='bbox 153 683 232 734; x_wconf 77' lang='grc' dir='ltr'><em>τοὶς</em></span> <span class='ocrx_word' id='word_1_63' title='bbox 272 683 433 741; x_wconf 83' lang='grc' dir='ltr'><em>φιάλας</em></span> <span class='ocrx_word' id='word_1_64' title='bbox 472 683 630 735; x_wconf 80' lang='grc' dir='ltr'><em>αἰτεῖν,</em></span> <span class='ocrx_word' id='word_1_65' title='bbox 663 681 889 733; x_wconf 78' lang='grc' dir='ltr'><em>ἐκπέμπειν</em></span> <span class='ocrx_word' id='word_1_66' title='bbox 914 676 961 720; x_wconf 83' lang='grc' dir='ltr'><em>τὸ</em></span> <span class='ocrx_word' id='word_1_67' title='bbox 993 677 1100 732; x_wconf 76' lang='grc' dir='ltr'><em>ὑπὲρ</em></span> <span class='ocrx_word' id='word_1_68' title='bbox 1141 676 1281 718; x_wconf 72' lang='grc' dir='ltr'><em>αὐτῶν</em></span> <span class='ocrx_word' id='word_1_69' title='bbox 1306 673 1503 731; x_wconf 82' lang='grc' dir='ltr'><em>χρυσίον,</em></span> <span class='ocrx_word' id='word_1_70' title='bbox 1529 670 1606 714; x_wconf 79' lang='grc' dir='ltr'><strong>τὸν</strong></span> 
     </span>
     <span class='ocr_line' id='line_1_9' title="bbox 154 734 1603 803; baseline -0.008 -11"><span class='ocrx_word' id='word_1_71' title='bbox 154 747 360 803; x_wconf 76' lang='grc' dir='ltr'><em>Σιλβανὸν</em></span> <span class='ocrx_word' id='word_1_72' title='bbox 387 747 776 803; x_wconf 77' lang='grc' dir='ltr'><em>παραιτουμένους·</em></span> <span class='ocrx_word' id='word_1_73' title='bbox 819 744 871 786; x_wconf 76' lang='grc' dir='ltr'><em>οὖ</em></span> <span class='ocrx_word' id='word_1_74' title='bbox 909 743 991 799; x_wconf 80' lang='grc' dir='ltr'><strong>γὰρ</strong></span> <span class='ocrx_word' id='word_1_75' title='bbox 1021 739 1222 784; x_wconf 77' lang='grc' dir='ltr'><em>ἐκδώσειν</em></span> <span class='ocrx_word' id='word_1_76' title='bbox 1251 735 1477 796; x_wconf 66' lang='grc' dir='ltr'><em>ἄνθρωπον</em></span> <span class='ocrx_word' id='word_1_77' title='bbox 1506 734 1603 780; x_wconf 75' lang='grc' dir='ltr'><em>ἄδι-</em></span> 
     </span>
     <span class='ocr_line' id='line_1_10' title="bbox 154 807 1603 867; baseline -0.008 -10"><span class='ocrx_word' id='word_1_78' title='bbox 154 817 308 857; x_wconf 82' lang='grc' dir='ltr'><em>κοῧντα</em></span> <span class='ocrx_word' id='word_1_79' title='bbox 347 813 493 856; x_wconf 75' lang='grc' dir='ltr'><em>οὐθέν.</em></span> <span class='ocrx_word' id='word_1_80' title='bbox 551 813 623 854; x_wconf 81' lang='grc' dir='ltr'><em>καί</em></span> <span class='ocrx_word' id='word_1_81' title='bbox 662 808 772 867; x_wconf 71' lang='grc' dir='ltr'><em>αὕτη</em></span> <span class='ocrx_word' id='word_1_82' title='bbox 813 811 892 864; x_wconf 79' lang='grc' dir='ltr'><strong>μὲν</strong></span> <span class='ocrx_word' id='word_1_83' title='bbox 928 811 1042 852; x_wconf 86' lang='grc' dir='ltr'><em>αἰτία</em></span> <span class='ocrx_word' id='word_1_84' title='bbox 1080 810 1155 864; x_wconf 80' lang='grc' dir='ltr'><strong>τῆς</strong></span> <span class='ocrx_word' id='word_1_85' title='bbox 1191 810 1279 850; x_wconf 81' lang='grc' dir='ltr'><strong>τῶν</strong></span> <span class='ocrx_word' id='word_1_86' title='bbox 1307 807 1474 862; x_wconf 75' lang='grc' dir='ltr'><em>ἀνδρῶν</em></span> <span class='ocrx_word' id='word_1_87' title='bbox 1501 819 1603 860; x_wconf 84' lang='grc' dir='ltr'><em>πρε-</em></span> 
     </span>
     <span class='ocr_line' id='line_1_11' title="bbox 101 868 1605 935; baseline -0.01 -10"><span class='ocrx_word' id='word_1_88' title='bbox 101 883 298 935; x_wconf 62' lang='grc' dir='ltr'><em>εοσβείας</em></span> <span class='ocrx_word' id='word_1_89' title='bbox 317 912 329 933; x_wconf 89' lang='grc'><em>,</em></span> <span class='ocrx_word' id='word_1_90' title='bbox 370 879 442 921; x_wconf 76' lang='grc' dir='ltr'><strong>καὶ</strong></span> <span class='ocrx_word' id='word_1_91' title='bbox 477 879 730 935; x_wconf 80' lang='grc' dir='ltr'><em>παρείποντο</em></span> <span class='ocrx_word' id='word_1_92' title='bbox 774 873 854 931; x_wconf 78' lang='grc' dir='ltr'><em>ὅ,τι</em></span> <span class='ocrx_word' id='word_1_93' title='bbox 891 874 966 918; x_wconf 81' lang='grc' dir='ltr'><em>καί</em></span> <span class='ocrx_word' id='word_1_94' title='bbox 1001 872 1324 929; x_wconf 81' lang='grc' dir='ltr'><em>ἀποκρινόμενος</em></span> <span class='ocrx_word' id='word_1_95' title='bbox 1355 868 1605 924; x_wconf 73' lang='grc' dir='ltr'><em>ἀποπέμψοι</em></span> 
     </span>
     <span class='ocr_line' id='line_1_12' title="bbox 149 936 1703 1002; baseline -0.008 -14"><span class='ocrx_word' id='word_1_96' title='bbox 149 948 262 1002; x_wconf 78' lang='grc' dir='ltr'><em>σφᾶς</em></span> <span class='ocrx_word' id='word_1_97' title='bbox 287 943 309 986; x_wconf 82' lang='grc' dir='ltr'>ὅ</span> <span class='ocrx_word' id='word_1_98' title='bbox 337 946 567 1000; x_wconf 84' lang='grc' dir='ltr'><em>βάρβαρος.</em></span> <span class='ocrx_word' id='word_1_99' title='bbox 622 945 694 986; x_wconf 77' lang='grc' dir='ltr'><em>ἐπὶ</em></span> <span class='ocrx_word' id='word_1_100' title='bbox 720 944 794 998; x_wconf 80' lang='grc' dir='ltr'><strong>τῆς</strong></span> <span class='ocrx_word' id='word_1_101' title='bbox 820 942 948 997; x_wconf 77' lang='grc' dir='ltr'><em>αὐτῆς</em></span> <span class='ocrx_word' id='word_1_102' title='bbox 975 936 1052 983; x_wconf 77' lang='grc' dir='ltr'><strong>οὖν</strong></span> <span class='ocrx_word' id='word_1_103' title='bbox 1079 937 1183 982; x_wconf 75' lang='grc' dir='ltr'><em>ὁδοῦ</em></span> <span class='ocrx_word' id='word_1_104' title='bbox 1209 937 1451 993; x_wconf 80' lang='grc' dir='ltr'><em>γενόμενοι,</em></span> <span class='ocrx_word' id='word_1_105' title='bbox 1497 947 1703 991; x_wconf 76' lang='grc' dir='ltr'><em>προ-Ρ.53</em></span> 
     </span>
     <span class='ocr_line' id='line_1_13' title="bbox 150 1001 1613 1068; baseline -0.008 -14"><span class='ocrx_word' id='word_1_106' title='bbox 150 1013 412 1068; x_wconf 79' lang='grc' dir='ltr'><em>πορευθῆναι</em></span> <span class='ocrx_word' id='word_1_107' title='bbox 441 1007 570 1053; x_wconf 75' lang='grc' dir='ltr'><em>αὐτὸν</em></span> <span class='ocrx_word' id='word_1_108' title='bbox 595 1006 895 1064; x_wconf 72' lang='grc' dir='ltr'><em>ἀναμείναντες</em></span> <span class='ocrx_word' id='word_1_109' title='bbox 905 1041 920 1062; x_wconf 98' lang='grc'><em>,</em></span> <span class='ocrx_word' id='word_1_110' title='bbox 957 1006 1037 1049; x_wconf 78' lang='grc' dir='ltr'><strong>σὺν</strong></span> <span class='ocrx_word' id='word_1_111' title='bbox 1074 1008 1133 1064; x_wconf 74' lang='grc' dir='ltr'><em>τῷ</em></span> <span class='ocrx_word' id='word_1_112' title='bbox 1161 1007 1287 1048; x_wconf 78' lang='grc' dir='ltr'><em>παντί</em></span> <span class='ocrx_word' id='word_1_113' title='bbox 1312 1001 1613 1059; x_wconf 71' lang='grc' dir='ltr'><em>ἐπηκολουθή-,</em></span> 
     </span>
     <span class='ocr_line' id='line_1_14' title="bbox 150 1069 1598 1132; baseline -0.009 -10"><span class='ocrx_word' id='word_1_114' title='bbox 150 1093 284 1131; x_wconf 92' lang='grc' dir='ltr'><em>σαμεν</em></span> <span class='ocrx_word' id='word_1_115' title='bbox 328 1075 496 1132; x_wconf 75' lang='grc' dir='ltr'><em>πλήθει.</em></span> <span class='ocrx_word' id='word_1_116' title='bbox 551 1078 627 1119; x_wconf 84' lang='grc' dir='ltr'>καί</span> <span class='ocrx_word' id='word_1_117' title='bbox 663 1073 876 1128; x_wconf 82' lang='grc' dir='ltr'><em>ποταμούς</em></span> <span class='ocrx_word' id='word_1_118' title='bbox 916 1087 1035 1122; x_wconf 88' lang='grc' dir='ltr'><em>τινας</em></span> <span class='ocrx_word' id='word_1_119' title='bbox 1071 1069 1292 1126; x_wconf 76' lang='grc' dir='ltr'><em>διαβάντες</em></span> <span class='ocrx_word' id='word_1_120' title='bbox 1339 1072 1386 1113; x_wconf 80' lang='grc' dir='ltr'><strong>ἐν</strong></span> <span class='ocrx_word' id='word_1_121' title='bbox 1426 1069 1598 1125; x_wconf 80' lang='grc' dir='ltr'><em>μεγίστῃ</em></span> 
     </span>
     <span class='ocr_line' id='line_1_15' title="bbox 151 1135 1601 1199; baseline -0.008 -13"><span class='ocrx_word' id='word_1_122' title='bbox 151 1143 467 1199; x_wconf 77' lang='grc' dir='ltr'><em>παρεγινόμεθα</em></span> <span class='ocrx_word' id='word_1_123' title='bbox 495 1139 638 1199; x_wconf 82' lang='grc' dir='ltr'><em>κώμῃ,</em></span> <span class='ocrx_word' id='word_1_124' title='bbox 667 1142 713 1183; x_wconf 79' lang='grc' dir='ltr'><strong>ἐν</strong></span> <span class='ocrx_word' id='word_1_125' title='bbox 737 1135 764 1197; x_wconf 82' lang='grc' dir='ltr'><strong><em>ᾗ</em></strong></span> <span class='ocrx_word' id='word_1_126' title='bbox 792 1138 844 1182; x_wconf 84' lang='grc' dir='ltr'><strong>τοὶ</strong></span> <span class='ocrx_word' id='word_1_127' title='bbox 874 1141 952 1182; x_wconf 82' lang='grc' dir='ltr'><strong>τοῦ</strong></span> <span class='ocrx_word' id='word_1_128' title='bbox 971 1135 1156 1192; x_wconf 76' lang='grc' dir='ltr'><em>Ἀττήλα</em></span> <span class='ocrx_word' id='word_1_129' title='bbox 1183 1135 1391 1191; x_wconf 85' lang='grc' dir='ltr'><em>οἰκήματα</em></span> <span class='ocrx_word' id='word_1_130' title='bbox 1416 1150 1601 1190; x_wconf 86' lang='grc' dir='ltr'><em>περιφα-</em></span> 
     </span>
     <span class='ocr_line' id='line_1_16' title="bbox 100 1202 1600 1264; baseline -0.007 -13"><span class='ocrx_word' id='word_1_131' title='bbox 100 1210 323 1264; x_wconf 76' lang='grc' dir='ltr'><em>ι-5νέστερα</em></span> <span class='ocrx_word' id='word_1_132' title='bbox 350 1210 435 1252; x_wconf 69' lang='grc' dir='ltr'><em>ταῖν</em></span> <span class='ocrx_word' id='word_1_133' title='bbox 467 1207 714 1261; x_wconf 79' lang='grc' dir='ltr'><em>ἁπανταχοῦ</em></span> <span class='ocrx_word' id='word_1_134' title='bbox 740 1202 848 1248; x_wconf 83' lang='grc' dir='ltr'><em>εἶναι</em></span> <span class='ocrx_word' id='word_1_135' title='bbox 875 1206 1034 1259; x_wconf 79' lang='grc' dir='ltr'><em>ἐλέγετο</em></span> <span class='ocrx_word' id='word_1_136' title='bbox 1055 1237 1067 1257; x_wconf 83' lang='grc'><em>,</em></span> <span class='ocrx_word' id='word_1_137' title='bbox 1099 1203 1238 1253; x_wconf 81' lang='grc' dir='ltr'><em>ξύλοις</em></span> <span class='ocrx_word' id='word_1_138' title='bbox 1263 1216 1309 1245; x_wconf 84' lang='grc' dir='ltr'><strong>τε</strong></span> <span class='ocrx_word' id='word_1_139' title='bbox 1337 1202 1411 1243; x_wconf 82' lang='grc' dir='ltr'><em>καί</em></span> <span class='ocrx_word' id='word_1_140' title='bbox 1435 1202 1600 1243; x_wconf 83' lang='grc' dir='ltr'><em>σανίσιν</em></span> 
     </span>
     <span class='ocr_line' id='line_1_17' title="bbox 147 1261 1598 1330; baseline -0.007 -13"><span class='ocrx_word' id='word_1_141' title='bbox 147 1271 354 1327; x_wconf 79' lang='grc' dir='ltr'><em>εὖξέστοις</em></span> <span class='ocrx_word' id='word_1_142' title='bbox 393 1272 638 1330; x_wconf 75' lang='grc' dir='ltr'><em>ἡρμοσμένα</em></span> <span class='ocrx_word' id='word_1_143' title='bbox 678 1273 752 1314; x_wconf 81' lang='grc' dir='ltr'>καί</span> <span class='ocrx_word' id='word_1_144' title='bbox 790 1270 999 1328; x_wconf 75' lang='grc' dir='ltr'><em>περιβόλῳ</em></span> <span class='ocrx_word' id='word_1_145' title='bbox 1041 1270 1189 1327; x_wconf 78' lang='grc' dir='ltr'><em>’ξυλίνῳ</em></span> <span class='ocrx_word' id='word_1_146' title='bbox 1229 1265 1517 1320; x_wconf 79' lang='grc' dir='ltr'><em>κυκλούμενα,</em></span> <span class='ocrx_word' id='word_1_147' title='bbox 1547 1261 1598 1307; x_wconf 84' lang='grc' dir='ltr'><em>οὖ</em></span> 
     </span>
     <span class='ocr_line' id='line_1_18' title="bbox 148 1328 1598 1397; baseline -0.008 -13"><span class='ocrx_word' id='word_1_148' title='bbox 148 1338 252 1397; x_wconf 87' lang='grc' dir='ltr'><em>πρὸς</em></span> <span class='ocrx_word' id='word_1_149' title='bbox 280 1339 530 1396; x_wconf 80' lang='grc' dir='ltr'><em>οἶσφάλειαν,</em></span> <span class='ocrx_word' id='word_1_150' title='bbox 559 1336 668 1381; x_wconf 82' lang='grc' dir='ltr'><em>α’λλά</em></span> <span class='ocrx_word' id='word_1_151' title='bbox 697 1336 805 1393; x_wconf 81' lang='grc' dir='ltr'><em>πρὸς</em></span> <span class='ocrx_word' id='word_1_152' title='bbox 833 1336 1090 1392; x_wconf 75' lang='grc' dir='ltr'><em>εὐπρέπειαν</em></span> <span class='ocrx_word' id='word_1_153' title='bbox 1117 1332 1468 1388; x_wconf 82' lang='grc' dir='ltr'><em>συλλαμβάνοντι.</em></span> <span class='ocrx_word' id='word_1_154' title='bbox 1492 1328 1598 1386; x_wconf 75' lang='grc' dir='ltr'><em>μετὰ</em></span> 
     </span>
     <span class='ocr_line' id='line_1_19' title="bbox 146 1394 1661 1463; baseline -0.007 -14"><span class='ocrx_word' id='word_1_155' title='bbox 146 1408 198 1449; x_wconf 79' lang='grc' dir='ltr'><strong>δὲ</strong></span> <span class='ocrx_word' id='word_1_156' title='bbox 218 1405 286 1448; x_wconf 76' lang='grc' dir='ltr'><em>’τὰ</em></span> <span class='ocrx_word' id='word_1_157' title='bbox 329 1407 406 1448; x_wconf 80' lang='grc' dir='ltr'><strong>τοῦ</strong></span> <span class='ocrx_word' id='word_1_158' title='bbox 440 1407 646 1459; x_wconf 87' lang='grc' dir='ltr'><em>βασιλέως</em></span> <span class='ocrx_word' id='word_1_159' title='bbox 687 1399 742 1463; x_wconf 78' lang='grc' dir='ltr'><strong>ἧν</strong></span> <span class='ocrx_word' id='word_1_160' title='bbox 776 1401 828 1446; x_wconf 81' lang='grc' dir='ltr'><em>τὰ</em></span> <span class='ocrx_word' id='word_1_161' title='bbox 867 1403 947 1444; x_wconf 83' lang='grc' dir='ltr'><strong>τοῦ</strong></span> <span class='ocrx_word' id='word_1_162' title='bbox 985 1401 1230 1456; x_wconf 85' lang='grc' dir='ltr'><em>Ὀνηγησίου</em></span> <span class='ocrx_word' id='word_1_163' title='bbox 1260 1398 1471 1454; x_wconf 80' lang='grc' dir='ltr'><em>διαπρεπῆ</em></span> <span class='ocrx_word' id='word_1_164' title='bbox 1486 1431 1507 1451; x_wconf 71' lang='grc'><strong>,,</strong></span> <span class='ocrx_word' id='word_1_165' title='bbox 1527 1394 1602 1439; x_wconf 77' lang='grc' dir='ltr'><strong>καὶ</strong></span> <span class='ocrx_word' id='word_1_166' title='bbox 1658 1449 1661 1452; x_wconf 78' lang='lat'><em>‚</em></span> 
     </span>
     <span class='ocr_line' id='line_1_20' title="bbox 151 1463 1600 1529; baseline -0.008 -15"><span class='ocrx_word' id='word_1_167' title='bbox 151 1473 372 1529; x_wconf 83' lang='grc' dir='ltr'><em>περίβολον</em></span> <span class='ocrx_word' id='word_1_168' title='bbox 412 1472 491 1523; x_wconf 80' lang='grc' dir='ltr'><strong>μὲν</strong></span> <span class='ocrx_word' id='word_1_169' title='bbox 529 1471 575 1512; x_wconf 76' lang='grc' dir='ltr'><strong>ἐκ</strong></span> <span class='ocrx_word' id='word_1_170' title='bbox 615 1466 752 1521; x_wconf 81' lang='grc' dir='ltr'><em>ξύλων</em></span> <span class='ocrx_word' id='word_1_171' title='bbox 788 1469 864 1510; x_wconf 85' lang='grc' dir='ltr'>καί</span> <span class='ocrx_word' id='word_1_172' title='bbox 900 1463 1008 1510; x_wconf 72' lang='grc' dir='ltr'><em>αὐτοὶ</em></span> <span class='ocrx_word' id='word_1_173' title='bbox 1043 1465 1196 1521; x_wconf 57' lang='grc' dir='ltr'><em>ἔχοντα</em></span> <span class='ocrx_word' id='word_1_174' title='bbox 1214 1498 1228 1519; x_wconf 96' lang='grc'><em>,</em></span> <span class='ocrx_word' id='word_1_175' title='bbox 1258 1465 1339 1519; x_wconf 78' lang='grc' dir='ltr'><em>οὕχ</em></span> <span class='ocrx_word' id='word_1_176' title='bbox 1367 1463 1523 1517; x_wconf 83' lang='grc' dir='ltr'><em>ὅμοίως</em></span> <span class='ocrx_word' id='word_1_177' title='bbox 1550 1463 1600 1505; x_wconf 82' lang='grc' dir='ltr'><strong>δὲ</strong></span> 
     </span>
     <span class='ocr_line' id='line_1_21' title="bbox 95 1523 1633 1594; baseline -0.008 -12"><span class='ocrx_word' id='word_1_178' title='bbox 95 1535 291 1594; x_wconf 60' lang='grc' dir='ltr'><em>βοῶσπερ</em></span> <span class='ocrx_word' id='word_1_179' title='bbox 332 1535 358 1578; x_wconf 82' lang='lat'><strong>0‘</strong></span> <span class='ocrx_word' id='word_1_180' title='bbox 396 1530 579 1592; x_wconf 71' lang='grc' dir='ltr'><em>Ἀττήλα</em></span> <span class='ocrx_word' id='word_1_181' title='bbox 618 1534 796 1591; x_wconf 76' lang='grc' dir='ltr'><em>πύργοις</em></span> <span class='ocrx_word' id='word_1_182' title='bbox 833 1534 1066 1586; x_wconf 77' lang='grc' dir='ltr'><em>ἐκοσμεῖτο.</em></span> <span class='ocrx_word' id='word_1_183' title='bbox 1120 1534 1344 1586; x_wconf 84' lang='grc' dir='ltr'><em>βαλανεῖον</em></span> <span class='ocrx_word' id='word_1_184' title='bbox 1381 1531 1428 1573; x_wconf 82' lang='grc' dir='ltr'><strong>δὲ</strong></span> <span class='ocrx_word' id='word_1_185' title='bbox 1465 1523 1520 1585; x_wconf 79' lang='grc' dir='ltr'><strong>ἦν</strong></span> <span class='ocrx_word' id='word_1_186' title='bbox 1547 1529 1602 1570; x_wconf 81' lang='grc' dir='ltr'><em>ου’</em></span> <span class='ocrx_word' id='word_1_187' title='bbox 1606 1541 1633 1576; x_wconf 85' lang='grc' dir='ltr'>Β</span> 
     </span>
     <span class='ocr_line' id='line_1_22' title="bbox 146 1594 1600 1660; baseline -0.007 -14"><span class='ocrx_word' id='word_1_188' title='bbox 146 1603 296 1660; x_wconf 76' lang='grc' dir='ltr'><em>πόρ’ῥω</em></span> <span class='ocrx_word' id='word_1_189' title='bbox 335 1604 416 1644; x_wconf 75' lang='grc' dir='ltr'><strong>τοῦ</strong></span> <span class='ocrx_word' id='word_1_190' title='bbox 448 1600 673 1657; x_wconf 87' lang='grc' dir='ltr'><em>περιβόλου</em></span> <span class='ocrx_word' id='word_1_191' title='bbox 691 1632 703 1656; x_wconf 92' lang='grc'><em>,</em></span> <span class='ocrx_word' id='word_1_192' title='bbox 749 1596 854 1656; x_wconf 80' lang='grc' dir='ltr'><em>ὅπερ</em></span> <span class='ocrx_word' id='word_1_193' title='bbox 898 1596 1139 1653; x_wconf 83' lang='grc' dir='ltr'><em>Ὀνηγήσιος</em></span> <span class='ocrx_word' id='word_1_194' title='bbox 1163 1595 1270 1650; x_wconf 76' lang='grc' dir='ltr'><em>μετά</em></span> <span class='ocrx_word' id='word_1_195' title='bbox 1299 1596 1369 1638; x_wconf 86' lang='grc' dir='ltr'><strong>τὸν</strong></span> <span class='ocrx_word' id='word_1_196' title='bbox 1393 1594 1600 1650; x_wconf 79' lang='grc' dir='ltr'><em>Ἀττήλαν</em></span> 
     </span>
    </p>
   </div>
   <div class='ocr_carea' id='block_1_3' title="bbox 238 1665 1600 1768">
    <p class='ocr_par' dir='ltr' id='par_1_3' title="bbox 238 1665 1600 1768">
     <span class='ocr_line' id='line_1_23' title="bbox 245 1665 1596 1723; baseline -0.006 -13"><span class='ocrx_word' id='word_1_197' title='bbox 245 1682 274 1712; x_wconf 72' lang='grc' dir='ltr'><strong>ι.’</strong></span> <span class='ocrx_word' id='word_1_198' title='bbox 297 1675 454 1723; x_wconf 76' lang='grc' dir='ltr'><em>ἐρῶντες</em></span> <span class='ocrx_word' id='word_1_199' title='bbox 478 1675 574 1721; x_wconf 81' lang='lat' dir='ltr'><strong>vulg.</strong></span> <span class='ocrx_word' id='word_1_200' title='bbox 668 1676 701 1710; x_wconf 80' lang='lat'><strong>3.</strong></span> <span class='ocrx_word' id='word_1_201' title='bbox 732 1675 799 1708; x_wconf 80' lang='grc' dir='ltr'><strong>καὶ</strong></span> <span class='ocrx_word' id='word_1_202' title='bbox 831 1672 923 1719; x_wconf 81' lang='grc' dir='ltr'><em>τοῖς]</em></span> <span class='ocrx_word' id='word_1_203' title='bbox 949 1673 1014 1705; x_wconf 79' lang='grc' dir='ltr'><em>καὶ</em></span> <span class='ocrx_word' id='word_1_204' title='bbox 1039 1671 1086 1706; x_wconf 79' lang='grc' dir='ltr'><em>οὔ</em></span> <span class='ocrx_word' id='word_1_205' title='bbox 1110 1676 1190 1708; x_wconf 82' lang='grc' dir='ltr'><em>τοῖς</em></span> <span class='ocrx_word' id='word_1_206' title='bbox 1207 1671 1301 1705; x_wconf 90' lang='lat' dir='ltr'><strong>coni.</strong></span> <span class='ocrx_word' id='word_1_207' title='bbox 1326 1672 1364 1704; x_wconf 88' lang='lat' dir='ltr'><strong>B.</strong></span> <span class='ocrx_word' id='word_1_208' title='bbox 1445 1670 1477 1704; x_wconf 88' lang='lat'><strong>5.</strong></span> <span class='ocrx_word' id='word_1_209' title='bbox 1501 1665 1596 1715; x_wconf 68' lang='grc' dir='ltr'><em>μετὰ</em></span> 
     </span>
     <span class='ocr_line' id='line_1_24' title="bbox 238 1716 1600 1768; baseline -0.006 -12"><span class='ocrx_word' id='word_1_210' title='bbox 238 1734 306 1768; x_wconf 87' lang='lat' dir='ltr'><strong>pro</strong></span> <span class='ocrx_word' id='word_1_211' title='bbox 341 1716 392 1768; x_wconf 67' lang='lat' dir='ltr'><strong>pv}</strong></span> <span class='ocrx_word' id='word_1_212' title='bbox 431 1723 525 1756; x_wconf 89' lang='lat' dir='ltr'><strong>coni.</strong></span> <span class='ocrx_word' id='word_1_213' title='bbox 559 1722 602 1755; x_wconf 86' lang='lat' dir='ltr'><strong>N.</strong></span> <span class='ocrx_word' id='word_1_214' title='bbox 690 1723 722 1756; x_wconf 89' lang='lat'><strong>8.</strong></span> <span class='ocrx_word' id='word_1_215' title='bbox 747 1718 1053 1768; x_wconf 83' lang='grc' dir='ltr'><em>παραιτούμενοι</em></span> <span class='ocrx_word' id='word_1_216' title='bbox 1078 1718 1171 1751; x_wconf 90' lang='lat' dir='ltr'><strong>coni.</strong></span> <span class='ocrx_word' id='word_1_217' title='bbox 1200 1719 1262 1760; x_wconf 90' lang='grc' dir='ltr'><strong>Β.,</strong></span> <span class='ocrx_word' id='word_1_218' title='bbox 1287 1716 1470 1752; x_wconf 73' lang='grc' dir='ltr'><em>ἐκδώσειν</em></span> <span class='ocrx_word' id='word_1_219' title='bbox 1497 1716 1600 1757; x_wconf 84' lang='lat' dir='ltr'><strong>VaL,</strong></span> 
     </span>
    </p>
   </div>
   <div class='ocr_carea' id='block_1_4' title="bbox 240 1768 534 1814">
    <p class='ocr_par' dir='ltr' id='par_1_4' title="bbox 240 1768 534 1814">
     <span class='ocr_line' id='line_1_25' title="bbox 240 1768 534 1814; baseline -0.003 -11"><span class='ocrx_word' id='word_1_220' title='bbox 240 1768 418 1806; x_wconf 79' lang='grc' dir='ltr'><em>ἐκδώσεις</em></span> <span class='ocrx_word' id='word_1_221' title='bbox 439 1769 534 1814; x_wconf 83' lang='lat' dir='ltr'>vulg.</span> 
     </span>
    </p>
   </div>
   <div class='ocr_carea' id='block_1_5' title="bbox 94 1829 1610 2762">
    <p class='ocr_par' dir='ltr' id='par_1_5' title="bbox 94 1829 1610 2762">
     <span class='ocr_line' id='line_1_26' title="bbox 149 1829 1597 1881; baseline -0.008 -8"><span class='ocrx_word' id='word_1_222' title='bbox 149 1848 225 1874; x_wconf 87' lang='lat' dir='ltr'><strong>non</strong></span> <span class='ocrx_word' id='word_1_223' title='bbox 248 1838 344 1871; x_wconf 84' lang='lat' dir='ltr'><strong>furto</strong></span> <span class='ocrx_word' id='word_1_224' title='bbox 370 1836 510 1876; x_wconf 86' lang='lat' dir='ltr'><strong>ablata,</strong></span> <span class='ocrx_word' id='word_1_225' title='bbox 537 1847 649 1881; x_wconf 85' lang='lat' dir='ltr'><strong>penes</strong></span> <span class='ocrx_word' id='word_1_226' title='bbox 674 1847 712 1870; x_wconf 89' lang='lat' dir='ltr'><strong>se</strong></span> <span class='ocrx_word' id='word_1_227' title='bbox 734 1836 928 1876; x_wconf 86' lang='lat' dir='ltr'><strong>habuisse,</strong></span> <span class='ocrx_word' id='word_1_228' title='bbox 960 1845 1054 1880; x_wconf 88' lang='lat' dir='ltr'><strong>quae</strong></span> <span class='ocrx_word' id='word_1_229' title='bbox 1078 1832 1351 1871; x_wconf 82' lang='lat' dir='ltr'><strong>sacerdotibus,</strong></span> <span class='ocrx_word' id='word_1_230' title='bbox 1387 1832 1453 1877; x_wconf 84' lang='lat' dir='ltr'><strong>qui</strong></span> <span class='ocrx_word' id='word_1_231' title='bbox 1486 1829 1597 1875; x_wconf 85' lang='lat' dir='ltr'><strong>primi</strong></span> 
     </span>
     <span class='ocr_line' id='line_1_27' title="bbox 147 1877 1597 1928; baseline -0.006 -10"><span class='ocrx_word' id='word_1_232' title='bbox 147 1896 188 1919; x_wconf 87' lang='lat' dir='ltr'><strong>se</strong></span> <span class='ocrx_word' id='word_1_233' title='bbox 225 1884 466 1924; x_wconf 86' lang='lat' dir='ltr'><strong>obtulissent,</strong></span> <span class='ocrx_word' id='word_1_234' title='bbox 501 1883 656 1916; x_wconf 89' lang='lat' dir='ltr'><strong>nummis</strong></span> <span class='ocrx_word' id='word_1_235' title='bbox 687 1883 867 1928; x_wconf 78' lang='lat' dir='ltr'><strong>argenteis</strong></span> <span class='ocrx_word' id='word_1_236' title='bbox 901 1884 1151 1926; x_wconf 84' lang='lat' dir='ltr'><strong>permutasset.</strong></span> <span class='ocrx_word' id='word_1_237' title='bbox 1200 1879 1276 1912; x_wconf 89' lang='lat' dir='ltr'><strong>Nec</strong></span> <span class='ocrx_word' id='word_1_238' title='bbox 1307 1878 1406 1911; x_wconf 84' lang='lat' dir='ltr'><strong>enim</strong></span> <span class='ocrx_word' id='word_1_239' title='bbox 1440 1877 1494 1910; x_wconf 85' lang='lat' dir='ltr'><strong>fas</strong></span> <span class='ocrx_word' id='word_1_240' title='bbox 1519 1887 1597 1910; x_wconf 86' lang='lat' dir='ltr'><strong>esse</strong></span> 
     </span>
     <span class='ocr_line' id='line_1_28' title="bbox 146 1924 1597 1974; baseline -0.006 -9"><span class='ocrx_word' id='word_1_241' title='bbox 146 1930 358 1965; x_wconf 85' lang='lat' dir='ltr'><strong>hominibus</strong></span> <span class='ocrx_word' id='word_1_242' title='bbox 384 1929 514 1974; x_wconf 88' lang='lat' dir='ltr'><strong>pocula</strong></span> <span class='ocrx_word' id='word_1_243' title='bbox 538 1930 616 1963; x_wconf 88' lang='lat' dir='ltr'><strong>Deo</strong></span> <span class='ocrx_word' id='word_1_244' title='bbox 645 1934 850 1962; x_wconf 86' lang='lat' dir='ltr'><strong>consecrata</strong></span> <span class='ocrx_word' id='word_1_245' title='bbox 885 1928 1044 1972; x_wconf 84' lang='lat' dir='ltr'><strong>propriis</strong></span> <span class='ocrx_word' id='word_1_246' title='bbox 1081 1925 1206 1959; x_wconf 90' lang='lat' dir='ltr'><strong>usibus</strong></span> <span class='ocrx_word' id='word_1_247' title='bbox 1231 1924 1425 1969; x_wconf 87' lang='lat' dir='ltr'><strong>applicare.</strong></span> <span class='ocrx_word' id='word_1_248' title='bbox 1468 1924 1597 1969; x_wconf 85' lang='lat' dir='ltr'><strong>Itaque</strong></span> 
     </span>
     <span class='ocr_line' id='line_1_29' title="bbox 146 1969 1598 2014; baseline -0.007 -2"><span class='ocrx_word' id='word_1_249' title='bbox 146 1978 220 2012; x_wconf 82' lang='lat' dir='ltr'><strong>nisi</strong></span> <span class='ocrx_word' id='word_1_250' title='bbox 245 1983 319 2012; x_wconf 87' lang='lat' dir='ltr'><strong>tam</strong></span> <span class='ocrx_word' id='word_1_251' title='bbox 342 1977 438 2009; x_wconf 84' lang='lat' dir='ltr'><strong>iusta</strong></span> <span class='ocrx_word' id='word_1_252' title='bbox 462 1987 567 2009; x_wconf 73' lang='lat' dir='ltr'><strong>causa</strong></span> <span class='ocrx_word' id='word_1_253' title='bbox 602 1980 665 2009; x_wconf 90' lang='lat' dir='ltr'><strong>aut</strong></span> <span class='ocrx_word' id='word_1_254' title='bbox 688 1974 806 2008; x_wconf 88' lang='lat' dir='ltr'><strong>divini</strong></span> <span class='ocrx_word' id='word_1_255' title='bbox 829 1974 992 2007; x_wconf 87' lang='lat' dir='ltr'><strong>numinis</strong></span> <span class='ocrx_word' id='word_1_256' title='bbox 1028 1972 1232 2006; x_wconf 85' lang='lat' dir='ltr'><strong>reverentia</strong></span> <span class='ocrx_word' id='word_1_257' title='bbox 1278 1981 1299 2002; x_wconf 85' lang='lat' dir='ltr'><strong>a</strong></span> <span class='ocrx_word' id='word_1_258' title='bbox 1327 1969 1495 2014; x_wconf 84' lang='lat' dir='ltr'><strong>petendis</strong></span> <span class='ocrx_word' id='word_1_259' title='bbox 1527 1980 1598 2014; x_wconf 85' lang='lat' dir='ltr'><strong>po-</strong></span> 
     </span>
     <span class='ocr_line' id='line_1_30' title="bbox 145 2016 1598 2064; baseline -0.006 -7"><span class='ocrx_word' id='word_1_260' title='bbox 145 2024 238 2057; x_wconf 85' lang='lat' dir='ltr'><strong>culis</strong></span> <span class='ocrx_word' id='word_1_261' title='bbox 267 2024 516 2064; x_wconf 85' lang='lat' dir='ltr'><strong>dimoveatur,</strong></span> <span class='ocrx_word' id='word_1_262' title='bbox 553 2027 696 2056; x_wconf 85' lang='lat' dir='ltr'><strong>retento</strong></span> <span class='ocrx_word' id='word_1_263' title='bbox 721 2021 895 2064; x_wconf 71' lang='lat' dir='ltr'><strong>Sylwxno,</strong></span> <span class='ocrx_word' id='word_1_264' title='bbox 931 2029 1058 2052; x_wconf 91' lang='lat' dir='ltr'><strong>aurum</strong></span> <span class='ocrx_word' id='word_1_265' title='bbox 1093 2028 1131 2051; x_wconf 91' lang='lat' dir='ltr'><strong>se</strong></span> <span class='ocrx_word' id='word_1_266' title='bbox 1154 2029 1221 2062; x_wconf 86' lang='lat' dir='ltr'><strong>pro</strong></span> <span class='ocrx_word' id='word_1_267' title='bbox 1246 2017 1381 2061; x_wconf 88' lang='lat' dir='ltr'><strong>pateris</strong></span> <span class='ocrx_word' id='word_1_268' title='bbox 1406 2016 1598 2061; x_wconf 82' lang='lat' dir='ltr'><strong>praebitu-</strong></span> 
     </span>
     <span class='ocr_line' id='line_1_31' title="bbox 148 2062 1596 2114; baseline -0.006 -10"><span class='ocrx_word' id='word_1_269' title='bbox 148 2081 237 2104; x_wconf 86' lang='lat' dir='ltr'><strong>rum.</strong></span> <span class='ocrx_word' id='word_1_270' title='bbox 287 2070 480 2103; x_wconf 81' lang='lat' dir='ltr'><strong>Hominem</strong></span> <span class='ocrx_word' id='word_1_271' title='bbox 507 2068 626 2110; x_wconf 87' lang='lat' dir='ltr'><strong>enim,</strong></span> <span class='ocrx_word' id='word_1_272' title='bbox 663 2069 729 2114; x_wconf 91' lang='lat' dir='ltr'><strong>qui</strong></span> <span class='ocrx_word' id='word_1_273' title='bbox 759 2067 856 2100; x_wconf 85' lang='lat' dir='ltr'>nihil</span> <span class='ocrx_word' id='word_1_274' title='bbox 889 2064 1108 2110; x_wconf 84' lang='lat' dir='ltr'><strong>deliquerit,</strong></span> <span class='ocrx_word' id='word_1_275' title='bbox 1146 2063 1296 2097; x_wconf 87' lang='lat' dir='ltr'><strong>minime</strong></span> <span class='ocrx_word' id='word_1_276' title='bbox 1320 2074 1359 2096; x_wconf 90' lang='lat' dir='ltr'><strong>se</strong></span> <span class='ocrx_word' id='word_1_277' title='bbox 1386 2062 1596 2096; x_wconf 86' lang='lat' dir='ltr'><strong>dediturum</strong></span> 
     </span>
     <span class='ocr_line' id='line_1_32' title="bbox 146 2109 1610 2161; baseline -0.005 -11"><span class='ocrx_word' id='word_1_278' title='bbox 146 2128 235 2151; x_wconf 83' lang='lat' dir='ltr'><strong>esse.</strong></span> <span class='ocrx_word' id='word_1_279' title='bbox 271 2117 369 2150; x_wconf 88' lang='lat' dir='ltr'><strong>Haec</strong></span> <span class='ocrx_word' id='word_1_280' title='bbox 394 2121 472 2149; x_wconf 86' lang='lat' dir='ltr'><strong>erat</strong></span> <span class='ocrx_word' id='word_1_281' title='bbox 495 2115 606 2161; x_wconf 82' lang='lat' dir='ltr'><strong>igitur</strong></span> <span class='ocrx_word' id='word_1_282' title='bbox 628 2114 761 2148; x_wconf 89' lang='lat' dir='ltr'><strong>horum</strong></span> <span class='ocrx_word' id='word_1_283' title='bbox 774 2114 934 2146; x_wconf 84' lang='lat' dir='ltr'><strong>virorum</strong></span> <span class='ocrx_word' id='word_1_284' title='bbox 949 2110 1142 2156; x_wconf 84' lang='lat' dir='ltr'><strong>legationis</strong></span> <span class='ocrx_word' id='word_1_285' title='bbox 1167 2121 1286 2151; x_wconf 88' lang='lat' dir='ltr'><strong>causa,</strong></span> <span class='ocrx_word' id='word_1_286' title='bbox 1311 2110 1376 2155; x_wconf 91' lang='lat' dir='ltr'><strong>qui</strong></span> <span class='ocrx_word' id='word_1_287' title='bbox 1399 2109 1610 2144; x_wconf 74' lang='lat' dir='ltr'><strong>barbarum—</strong></span> 
     </span>
     <span class='ocr_line' id='line_1_33' title="bbox 147 2155 1597 2206; baseline -0.005 -9"><span class='ocrx_word' id='word_1_288' title='bbox 147 2175 186 2197; x_wconf 84' lang='lat' dir='ltr'><strong>se</strong></span> <span class='ocrx_word' id='word_1_289' title='bbox 214 2163 416 2203; x_wconf 87' lang='lat' dir='ltr'><strong>uebantur‚</strong></span> <span class='ocrx_word' id='word_1_290' title='bbox 447 2167 488 2195; x_wconf 91' lang='lat' dir='ltr'><strong>ut</strong></span> <span class='ocrx_word' id='word_1_291' title='bbox 526 2172 739 2206; x_wconf 82' lang='lat' dir='ltr'><strong>responsum</strong></span> <span class='ocrx_word' id='word_1_292' title='bbox 771 2159 933 2198; x_wconf 85' lang='lat' dir='ltr'><strong>ferrent,</strong></span> <span class='ocrx_word' id='word_1_293' title='bbox 973 2164 1012 2191; x_wconf 89' lang='lat' dir='ltr'><strong>et</strong></span> <span class='ocrx_word' id='word_1_294' title='bbox 1045 2156 1327 2191; x_wconf 82' lang='lat' dir='ltr'><strong>dimitterentur.</strong></span> <span class='ocrx_word' id='word_1_295' title='bbox 1386 2155 1477 2189; x_wconf 88' lang='lat' dir='ltr'><strong>Cum</strong></span> <span class='ocrx_word' id='word_1_296' title='bbox 1511 2166 1597 2190; x_wconf 86' lang='lat' dir='ltr'><strong>vero</strong></span> 
     </span>
     <span class='ocr_line' id='line_1_34' title="bbox 147 2175 1599 2250; baseline -0.006 -6"><span class='ocrx_word' id='word_1_297' title='bbox 147 2175 254 2245; x_wconf 50' lang='lat' dir='ltr'><strong>noffiis</strong></span> <span class='ocrx_word' id='word_1_298' title='bbox 289 2208 415 2243; x_wconf 85' lang='lat' dir='ltr'><strong>eadem</strong></span> <span class='ocrx_word' id='word_1_299' title='bbox 446 2209 506 2243; x_wconf 86' lang='lat' dir='ltr'><strong>via</strong></span> <span class='ocrx_word' id='word_1_300' title='bbox 535 2207 694 2242; x_wconf 89' lang='lat' dir='ltr'><strong>eundum</strong></span> <span class='ocrx_word' id='word_1_301' title='bbox 724 2211 843 2246; x_wconf 89' lang='lat' dir='ltr'><strong>esset,</strong></span> <span class='ocrx_word' id='word_1_302' title='bbox 878 2216 950 2250; x_wconf 84' lang='lat' dir='ltr'><strong>qua</strong></span> <span class='ocrx_word' id='word_1_303' title='bbox 982 2203 1117 2237; x_wconf 88' lang='lat' dir='ltr'><strong>Attilas</strong></span> <span class='ocrx_word' id='word_1_304' title='bbox 1150 2202 1370 2244; x_wconf 84' lang='lat' dir='ltr'><strong>incedebat,</strong></span> <span class='ocrx_word' id='word_1_305' title='bbox 1405 2214 1599 2248; x_wconf 86' lang='lat' dir='ltr'><strong>parumper</strong></span> 
     </span>
     <span class='ocr_line' id='line_1_35' title="bbox 147 2249 1597 2300; baseline -0.005 -11"><span class='ocrx_word' id='word_1_306' title='bbox 147 2256 303 2297; x_wconf 77' lang='lat' dir='ltr'><strong>morati,</strong></span> <span class='ocrx_word' id='word_1_307' title='bbox 329 2254 415 2288; x_wconf 90' lang='lat' dir='ltr'><strong>dum</strong></span> <span class='ocrx_word' id='word_1_308' title='bbox 440 2254 697 2300; x_wconf 81' lang='lat' dir='ltr'><strong>praecederet,</strong></span> <span class='ocrx_word' id='word_1_309' title='bbox 721 2265 796 2286; x_wconf 89' lang='lat' dir='ltr'><strong>non</strong></span> <span class='ocrx_word' id='word_1_310' title='bbox 821 2251 935 2285; x_wconf 89' lang='lat' dir='ltr'><strong>multo</strong></span> <span class='ocrx_word' id='word_1_311' title='bbox 958 2255 1044 2296; x_wconf 88' lang='lat' dir='ltr'><strong>post</strong></span> <span class='ocrx_word' id='word_1_312' title='bbox 1066 2250 1204 2290; x_wconf 76' lang='lat' dir='ltr'><strong>secuti,</strong></span> <span class='ocrx_word' id='word_1_313' title='bbox 1229 2261 1310 2284; x_wconf 88' lang='lat' dir='ltr'><strong>cum</strong></span> <span class='ocrx_word' id='word_1_314' title='bbox 1333 2249 1476 2295; x_wconf 86' lang='lat' dir='ltr'><strong>reliqua</strong></span> <span class='ocrx_word' id='word_1_315' title='bbox 1498 2250 1597 2283; x_wconf 91' lang='lat' dir='ltr'><strong>mul-</strong></span> 
     </span>
     <span class='ocr_line' id='line_1_36' title="bbox 146 2292 1597 2347; baseline -0.003 -11"><span class='ocrx_word' id='word_1_316' title='bbox 146 2301 329 2342; x_wconf 82' lang='lat' dir='ltr'><strong>titudine,</strong></span> <span class='ocrx_word' id='word_1_317' title='bbox 354 2302 517 2335; x_wconf 87' lang='lat' dir='ltr'><strong>traiectis</strong></span> <span class='ocrx_word' id='word_1_318' title='bbox 543 2300 762 2347; x_wconf 87' lang='lat' dir='ltr'><strong>quibusdam</strong></span> <span class='ocrx_word' id='word_1_319' title='bbox 785 2298 974 2338; x_wconf 85' lang='lat' dir='ltr'><strong>amnibus,</strong></span> <span class='ocrx_word' id='word_1_320' title='bbox 1001 2297 1048 2330; x_wconf 86' lang='lat' dir='ltr'><strong>ad</strong></span> <span class='ocrx_word' id='word_1_321' title='bbox 1072 2295 1254 2343; x_wconf 78' lang='lat' dir='ltr'><strong>quendam</strong></span> <span class='ocrx_word' id='word_1_322' title='bbox 1278 2292 1447 2341; x_wconf 87' lang='lat' dir='ltr'><strong>mag‘num</strong></span> <span class='ocrx_word' id='word_1_323' title='bbox 1475 2297 1597 2331; x_wconf 86' lang='lat' dir='ltr'><strong>vicum</strong></span> 
     </span>
     <span class='ocr_line' id='line_1_37' title="bbox 146 2342 1595 2394; baseline -0.004 -12"><span class='ocrx_word' id='word_1_324' title='bbox 146 2349 388 2394; x_wconf 89' lang='lat' dir='ltr'><strong>pervenimus.</strong></span> <span class='ocrx_word' id='word_1_325' title='bbox 435 2348 505 2382; x_wconf 91' lang='lat' dir='ltr'><strong>Hic</strong></span> <span class='ocrx_word' id='word_1_326' title='bbox 542 2352 646 2381; x_wconf 89' lang='lat' dir='ltr'><strong>erant</strong></span> <span class='ocrx_word' id='word_1_327' title='bbox 678 2346 814 2382; x_wconf 86' lang='lat' dir='ltr'><strong>Attilae</strong></span> <span class='ocrx_word' id='word_1_328' title='bbox 847 2343 976 2384; x_wconf 81' lang='lat' dir='ltr'><strong>aedes,</strong></span> <span class='ocrx_word' id='word_1_329' title='bbox 1013 2355 1107 2389; x_wconf 89' lang='lat' dir='ltr'><strong>quae</strong></span> <span class='ocrx_word' id='word_1_330' title='bbox 1132 2342 1282 2389; x_wconf 83' lang='lat' dir='ltr'><strong>reliquis</strong></span> <span class='ocrx_word' id='word_1_331' title='bbox 1307 2342 1476 2377; x_wconf 89' lang='lat' dir='ltr'><strong>omnibus</strong></span> <span class='ocrx_word' id='word_1_332' title='bbox 1504 2343 1595 2376; x_wconf 87' lang='lat' dir='ltr'><strong>ubi-</strong></span> 
     </span>
     <span class='ocr_line' id='line_1_38' title="bbox 146 2389 1594 2441; baseline -0.003 -13"><span class='ocrx_word' id='word_1_333' title='bbox 146 2406 303 2441; x_wconf 88' lang='lat' dir='ltr'><strong>cumque</strong></span> <span class='ocrx_word' id='word_1_334' title='bbox 339 2395 501 2428; x_wconf 88' lang='lat' dir='ltr'><strong>locorum</strong></span> <span class='ocrx_word' id='word_1_335' title='bbox 535 2393 818 2439; x_wconf 82' lang='lat' dir='ltr'><strong>praestantiores</strong></span> <span class='ocrx_word' id='word_1_336' title='bbox 851 2402 928 2426; x_wconf 86' lang='lat' dir='ltr'><strong>esse</strong></span> <span class='ocrx_word' id='word_1_337' title='bbox 961 2389 1180 2424; x_wconf 83' lang='lat' dir='ltr'><strong>ferebantur.</strong></span> <span class='ocrx_word' id='word_1_338' title='bbox 1237 2390 1349 2423; x_wconf 86' lang='lat' dir='ltr'><strong>Erant</strong></span> <span class='ocrx_word' id='word_1_339' title='bbox 1382 2389 1451 2423; x_wconf 83' lang='lat' dir='ltr'><strong>hae</strong></span> <span class='ocrx_word' id='word_1_340' title='bbox 1477 2401 1522 2423; x_wconf 79' lang='lat' dir='ltr'><strong>ex</strong></span> <span class='ocrx_word' id='word_1_341' title='bbox 1543 2391 1594 2423; x_wconf 90' lang='lat' dir='ltr'><strong>li-</strong></span> 
     </span>
     <span class='ocr_line' id='line_1_39' title="bbox 146 2435 1592 2486; baseline -0.003 -12"><span class='ocrx_word' id='word_1_342' title='bbox 146 2441 226 2486; x_wconf 87' lang='lat' dir='ltr'><strong>gnis</strong></span> <span class='ocrx_word' id='word_1_343' title='bbox 274 2446 312 2475; x_wconf 88' lang='lat' dir='ltr'><strong>et</strong></span> <span class='ocrx_word' id='word_1_344' title='bbox 343 2441 481 2474; x_wconf 86' lang='lat' dir='ltr'><strong>tabulis</strong></span> <span class='ocrx_word' id='word_1_345' title='bbox 515 2442 647 2474; x_wconf 80' lang='lat' dir='ltr'><strong>eximie</strong></span> <span class='ocrx_word' id='word_1_346' title='bbox 681 2440 809 2485; x_wconf 86' lang='lat' dir='ltr'><strong>politis</strong></span> <span class='ocrx_word' id='word_1_347' title='bbox 841 2442 1041 2472; x_wconf 82' lang='lat' dir='ltr'><strong>exstructae</strong></span> <span class='ocrx_word' id='word_1_348' title='bbox 1073 2441 1110 2470; x_wconf 88' lang='lat' dir='ltr'><strong>et</strong></span> <span class='ocrx_word' id='word_1_349' title='bbox 1127 2435 1266 2471; x_wconf 86' lang='lat' dir='ltr'><strong>ambitu</strong></span> <span class='ocrx_word' id='word_1_350' title='bbox 1289 2436 1412 2480; x_wconf 84' lang='lat' dir='ltr'><strong>ligneo</strong></span> <span class='ocrx_word' id='word_1_351' title='bbox 1436 2437 1592 2470; x_wconf 86' lang='lat' dir='ltr'><strong>circum-</strong></span> 
     </span>
     <span class='ocr_line' id='line_1_40' title="bbox 147 2482 1592 2528; baseline -0.003 -8"><span class='ocrx_word' id='word_1_352' title='bbox 147 2487 275 2528; x_wconf 88' lang='lat' dir='ltr'><strong>datae,</strong></span> <span class='ocrx_word' id='word_1_353' title='bbox 311 2498 385 2519; x_wconf 88' lang='lat' dir='ltr'><strong>non</strong></span> <span class='ocrx_word' id='word_1_354' title='bbox 408 2486 455 2519; x_wconf 90' lang='lat' dir='ltr'><strong>ad</strong></span> <span class='ocrx_word' id='word_1_355' title='bbox 481 2488 749 2520; x_wconf 85' lang='lat' dir='ltr'><strong>munimentum</strong></span> <span class='ocrx_word' id='word_1_356' title='bbox 764 2510 775 2526; x_wconf 90' lang='lat'><em>‚</em></span> <span class='ocrx_word' id='word_1_357' title='bbox 809 2485 873 2518; x_wconf 86' lang='lat' dir='ltr'><strong>sed</strong></span> <span class='ocrx_word' id='word_1_358' title='bbox 907 2482 954 2518; x_wconf 89' lang='lat' dir='ltr'><strong>ad</strong></span> <span class='ocrx_word' id='word_1_359' title='bbox 975 2487 1139 2517; x_wconf 82' lang='lat' dir='ltr'><strong>ornatum</strong></span> <span class='ocrx_word' id='word_1_360' title='bbox 1164 2488 1376 2527; x_wconf 83' lang='lat' dir='ltr'><strong>comparato.</strong></span> <span class='ocrx_word' id='word_1_361' title='bbox 1425 2482 1592 2516; x_wconf 76' lang='lat' dir='ltr'><strong>Proxima</strong></span> 
     </span>
     <span class='ocr_line' id='line_1_41' title="bbox 146 2529 1589 2578; baseline -0.004 -10"><span class='ocrx_word' id='word_1_362' title='bbox 146 2534 267 2578; x_wconf 82' lang='lat' dir='ltr'><strong>regiae</strong></span> <span class='ocrx_word' id='word_1_363' title='bbox 292 2538 370 2566; x_wconf 86' lang='lat' dir='ltr'><strong>erat</strong></span> <span class='ocrx_word' id='word_1_364' title='bbox 384 2533 555 2578; x_wconf 84' lang='lat' dir='ltr'><strong>Onegesii</strong></span> <span class='ocrx_word' id='word_1_365' title='bbox 583 2534 726 2573; x_wconf 89' lang='lat' dir='ltr'><strong>domus,</strong></span> <span class='ocrx_word' id='word_1_366' title='bbox 755 2538 793 2566; x_wconf 89' lang='lat' dir='ltr'><strong>et</strong></span> <span class='ocrx_word' id='word_1_367' title='bbox 815 2533 894 2576; x_wconf 83' lang='lat' dir='ltr'><strong>ipsa</strong></span> <span class='ocrx_word' id='word_1_368' title='bbox 919 2541 1070 2577; x_wconf 72' lang='lat' dir='ltr'><strong>quoque</strong></span> <span class='ocrx_word' id='word_1_369' title='bbox 1093 2529 1234 2563; x_wconf 89' lang='lat' dir='ltr'><strong>ambitu</strong></span> <span class='ocrx_word' id='word_1_370' title='bbox 1257 2529 1379 2573; x_wconf 87' lang='lat' dir='ltr'><strong>ligneo</strong></span> <span class='ocrx_word' id='word_1_371' title='bbox 1408 2535 1589 2570; x_wconf 83' lang='lat' dir='ltr'><strong>constans,</strong></span> 
     </span>
     <span class='ocr_line' id='line_1_42' title="bbox 147 2575 1591 2625; baseline -0.004 -11"><span class='ocrx_word' id='word_1_372' title='bbox 147 2592 222 2614; x_wconf 90' lang='lat' dir='ltr'><strong>non</strong></span> <span class='ocrx_word' id='word_1_373' title='bbox 247 2584 368 2612; x_wconf 84' lang='lat' dir='ltr'><strong>tamen</strong></span> <span class='ocrx_word' id='word_1_374' title='bbox 394 2590 528 2625; x_wconf 86' lang='lat' dir='ltr'><strong>aeque,</strong></span> <span class='ocrx_word' id='word_1_375' title='bbox 554 2591 595 2613; x_wconf 86' lang='lat' dir='ltr'><strong>ac</strong></span> <span class='ocrx_word' id='word_1_376' title='bbox 619 2580 778 2620; x_wconf 83' lang='lat' dir='ltr'><strong>Attilae,</strong></span> <span class='ocrx_word' id='word_1_377' title='bbox 802 2577 964 2614; x_wconf 87' lang='lat' dir='ltr'><strong>turribus</strong></span> <span class='ocrx_word' id='word_1_378' title='bbox 989 2576 1150 2622; x_wconf 83' lang='lat' dir='ltr'><strong>insignis.</strong></span> <span class='ocrx_word' id='word_1_379' title='bbox 1199 2575 1306 2610; x_wconf 84' lang='lat' dir='ltr'><strong>Haud</strong></span> <span class='ocrx_word' id='word_1_380' title='bbox 1341 2575 1448 2622; x_wconf 83' lang='lat' dir='ltr'><strong>longo</strong></span> <span class='ocrx_word' id='word_1_381' title='bbox 1474 2576 1591 2609; x_wconf 85' lang='lat' dir='ltr'><strong>inter-</strong></span> 
     </span>
     <span class='ocr_line' id='line_1_43' title="bbox 146 2621 1590 2668; baseline -0.005 -7"><span class='ocrx_word' id='word_1_382' title='bbox 146 2627 244 2661; x_wconf 80' lang='lat' dir='ltr'><strong>vallo</strong></span> <span class='ocrx_word' id='word_1_383' title='bbox 268 2637 289 2658; x_wconf 91' lang='lat' dir='ltr'><strong>a</strong></span> <span class='ocrx_word' id='word_1_384' title='bbox 312 2625 465 2659; x_wconf 87' lang='lat' dir='ltr'><strong>circuitu</strong></span> <span class='ocrx_word' id='word_1_385' title='bbox 493 2626 619 2660; x_wconf 89' lang='lat' dir='ltr'><strong>domus</strong></span> <span class='ocrx_word' id='word_1_386' title='bbox 644 2626 804 2659; x_wconf 86' lang='lat' dir='ltr'><strong>distabat</strong></span> <span class='ocrx_word' id='word_1_387' title='bbox 829 2625 1019 2664; x_wconf 84' lang='lat' dir='ltr'><strong>balneum,</strong></span> <span class='ocrx_word' id='word_1_388' title='bbox 1054 2621 1153 2668; x_wconf 90' lang='lat' dir='ltr'><strong>quod</strong></span> <span class='ocrx_word' id='word_1_389' title='bbox 1187 2623 1388 2668; x_wconf 86' lang='lat' dir='ltr'><strong>Onegesius</strong></span> <span class='ocrx_word' id='word_1_390' title='bbox 1403 2648 1412 2662; x_wconf 93' lang='lat'><strong>‚</strong></span> <span class='ocrx_word' id='word_1_391' title='bbox 1443 2624 1505 2668; x_wconf 87' lang='lat' dir='ltr'><strong>qui</strong></span> <span class='ocrx_word' id='word_1_392' title='bbox 1530 2632 1590 2655; x_wconf 89' lang='lat' dir='ltr'><strong>se-</strong></span> 
     </span>
     <span class='ocr_line' id='line_1_44' title="bbox 94 2668 1590 2716; baseline -0.003 -11"><span class='ocrx_word' id='word_1_393' title='bbox 94 2702 102 2711; x_wconf 64' lang='grc'><em>,</em></span> <span class='ocrx_word' id='word_1_394' title='bbox 149 2671 308 2705; x_wconf 83' lang='lat' dir='ltr'><strong>cundum</strong></span> <span class='ocrx_word' id='word_1_395' title='bbox 332 2671 482 2705; x_wconf 85' lang='lat' dir='ltr'><strong>Attilam</strong></span> <span class='ocrx_word' id='word_1_396' title='bbox 514 2674 712 2716; x_wconf 90' lang='lat' dir='ltr'><strong>plurimum</strong></span> <span class='ocrx_word' id='word_1_397' title='bbox 750 2671 849 2716; x_wconf 89' lang='lat' dir='ltr'><strong>apud</strong></span> <span class='ocrx_word' id='word_1_398' title='bbox 875 2669 1022 2714; x_wconf 85' lang='lat' dir='ltr'><strong>Scythas</strong></span> <span class='ocrx_word' id='word_1_399' title='bbox 1047 2669 1179 2714; x_wconf 88' lang='lat' dir='ltr'><strong>opibus</strong></span> <span class='ocrx_word' id='word_1_400' title='bbox 1204 2668 1365 2711; x_wconf 87' lang='lat' dir='ltr'><strong>valebat,</strong></span> <span class='ocrx_word' id='word_1_401' title='bbox 1404 2668 1590 2714; x_wconf 87' lang='lat' dir='ltr'><strong>lapidibus</strong></span> 
     </span>
     <span class='ocr_line' id='line_1_45' title="bbox 154 2715 1594 2762; baseline -0.004 -8"><span class='ocrx_word' id='word_1_402' title='bbox 154 2729 199 2756; x_wconf 65' lang='lat' dir='ltr'><strong>ex</strong></span> <span class='ocrx_word' id='word_1_403' title='bbox 230 2717 385 2755; x_wconf 73' lang='lat' dir='ltr'><strong>Paeonia</strong></span> <span class='ocrx_word' id='word_1_404' title='bbox 411 2717 567 2761; x_wconf 80' lang='lat' dir='ltr'><strong>advectis</strong></span> <span class='ocrx_word' id='word_1_405' title='bbox 603 2719 868 2756; x_wconf 80' lang='lat' dir='ltr'><strong>aedificaverat.</strong></span> <span class='ocrx_word' id='word_1_406' title='bbox 915 2715 1112 2752; x_wconf 77' lang='lat' dir='ltr'><strong>Nec-enim</strong></span> <span class='ocrx_word' id='word_1_407' title='bbox 1135 2715 1234 2762; x_wconf 81' lang='lat' dir='ltr'><strong>apud</strong></span> <span class='ocrx_word' id='word_1_408' title='bbox 1257 2725 1344 2758; x_wconf 83' lang='lat' dir='ltr'><strong>eos,</strong></span> <span class='ocrx_word' id='word_1_409' title='bbox 1377 2717 1443 2761; x_wconf 84' lang='lat' dir='ltr'><strong>qui</strong></span> <span class='ocrx_word' id='word_1_410' title='bbox 1476 2716 1515 2749; x_wconf 85' lang='lat' dir='ltr'><strong>iu</strong></span> <span class='ocrx_word' id='word_1_411' title='bbox 1548 2725 1594 2757; x_wconf 20' lang='lat' dir='ltr'><strong>ea,</strong></span> 
     </span>
    </p>
   </div>
  </div>
 </body>
</html>
