1924 3164
593 144 629 185 E
665 132 838 186 rmsc1
863 135 1136 183 ms‘romA.
1476 119 1592 193 ,169

153 248 247 305 ρι’ῳ’
275 238 441 304 Θρᾳκίῳ
493 243 535 287 οἳ
582 243 881 302 παρειληφότες
924 240 1216 299 ἐσταύρωσαν,
1274 240 1393 289 δι’κας
1440 238 1597 290 αὖτοὺς
1606 245 1774 295 Δ.ῦ.433

151 312 430 368 πραττόμενοι
465 312 540 368 τῆς
579 312 738 368 φυγῆς.
793 309 835 352 οἱ
873 311 920 352 δὲ
957 310 1058 364 περὶ
1090 305 1298 362 Ἀττὴλαν
1323 306 1399 348 καί
1420 294 1790 383 Βλήδαν,,ἴξιῗὲὸιὰ26

151 377 230 433 τήν
267 376 432 433 εἰρήνην
468 375 575 434 πρὸς
612 376 856 429 Ῥωμαίους
905 377 1077 428 θέμενοι
1116 369 1330 430 διεξῄεσαν
1363 369 1414 414 τοὶ
1453 373 1500 414 ἐν
1539 389 1589 429 τῃ

152 445 341 500 Σκυθικῇ
368 441 472 498 ἔθνη
497 439 779 499 χειρούμενοι,
808 439 883 482 καὶ
906 438 1087 494 πόλεμον
1114 436 1216 496 πρὸς
1241 435 1477 495 Σορόσγους
1503 453 1596 481 συν-

125 508 391 565 5εστὴσαντο,

260 574 312 628 β’.
355 571 449 617 Ὅτι
478 570 704 622 Θεοδόσιος
731 570 889 626 ἔπεμπε
917 570 1157 629 Σηνᾰτορα,
1207 565 1340 627 ἄνδρα
1363 565 1783 647 Δὖπατικὸν,<ΙῑἈ(ί(ῗ·44ῑ

153 639 271 694 παρὰ
300 639 375 683 τὸν
418 636 615 696 Ἀπήλαν
639 637 1017 695 πρεσβευσάμενον.
1079 634 1126 688 ὃς
1153 637 1254 679 οὐδὲ
1291 635 1339 679 τό
1377 637 1458 679 τοῦ
1494 651 1594 693 πρε·
1606 626 1796 708 ’19ὴέἓάιῆ

152 708 338 759 σβευτοῦ
376 703 485 760 ἔχων
528 698 661 758 ὄνομα
703 701 916 762 ἐθάρρησε
949 702 1075 755 πεζὸς
1119 701 1235 759 παριὶ
1279 701 1380 752 τούς
1416 696 1668 756 Οῧννουςῦ,

154 772 402 827 ἀφικέσθαι,
433 771 623 813 ἄλλ’-ἐπὶ
647 768 722 813 τὸν
749 767 915 813 Πόντον
941 771 1016 812 καί
1039 768 1113 826 τῆν
1135 765 1399 824 Ὀδησσηνῶν
1425 767 1602 812 ἔπλευσε

101 834 287 891 ιοπόλιν,
320 837 365 879 ἐν
391 831 422 893 ᾗ
448 835 523 879 καὶ
550 834 783 887 Θεόδουλος
810 834 1043 893 στρατηγὸς
1070 835 1326 891 ἐκπεμφθείς
1353 835 1574 891 διέτριβεν.

261 899 311 958 γ’.
356 898 447 945 ‘'On
485 903 563 944 τοῦ
605 901 867 958 Χρυσαφίου
902 903 980 943 τοῦ
1017 897 1227 955 εὐνούχου
1275 900 1651 956 παραινέσαντοςᾼ,
1662 912 1778 958 0448

144 968 338 1011 Ἐδέκωνι
365 967 527 1010 ἀνελεῖν
552 966 626 1010 τὸν
655 963 882 1023 Ἆττήλαν,
922 963 1061 1009 ε’δόκει
1097 968 1159 1024 τῷ
1195 969 1368 1020 βασιλεῖ’
1393 959 1688 1025 ΘεοδοσάρῙΝῙ·
1704 970 1716 993 ¹

148 1035 226 1076 καί
249 1036 308 1095 τῷ
334 1035 553 1090 μαγίστρῳ
582 1034 838 1090 Μαρτιαλίῳ
864 1031 1187 1085 βουλευομένοις
1213 1034 1300 1073 τῶν
1325 1005 1795 1093 προκειμένωνΤιιεοειῄ

149 1101 248 1155 πέρι
274 1098 334 1154 μὴ
363 1099 493 1153 μόνον
508 1097 703 1152 Βιγίλαν,
732 1094 838 1140 ἀλλὰ
854 1100 1098 1151 Μαξιμῖνον
1124 1098 1347 1150 ἐκπέμπειν
1373 1095 1606 1153 πρεσβευό-

31 1200 36 1206 .
100 1167 276 1220 ιόμενον
312 1164 430 1221 παρὰ
474 1163 547 1207 τὸν
580 1161 812 1219 muriam,
849 1162 924 1205 καί
948 1165 1128 1217 Βιγίλαν
1168 1165 1250 1216 μὲν
1275 1166 1335 1220 τῷ
1362 1162 1602 1222 φαινομένῳ

148 1229 225 1286 τὴν
260 1233 339 1272 τοῦ
376 1228 589 1286 ἑρμηνέως
630 1231 831 1284 ἐπέχοντα
868 1228 984 1280 τάξιν
1023 1228 1224 1284 πράττειν
1264 1227 1370 1284 ἅπερ
1413 1230 1649 1274 ἙδέκωνιῙ)

151 1296 286 1348 δοκεῖ,
311 1294 387 1337 τὸν
417 1296 465 1337 δὲ
500 1297 744 1348 Μαξιμῖνον
765 1295 898 1350 μηδὲν
925 1295 1012 1337 τῶν
1049 1293 1191 1343 αὐτοῖς
1218 1296 1535 1348 βουλευθέντων
1560 1295 1606 1337 ἒ·-

148 1361 406 1414 πιστοίμενον
429 1360 482 1403 τὰ
510 1363 720 1415 βασιλέως
746 1359 995 1403 ἀποδιδόναι
1022 1357 1253 1416 γράμματα
1270 1395 1280 1406 .
1331 1361 1604 1417 ἐνεγέγραπτο

149 1428 198 1470 δὲ
222 1430 305 1469 τῶν
332 1428 678 1483 πρεσβευομένων
706 1426 877 1483 ἄνδριὸν
904 1427 1047 1480 ἕνεκα,
1086 1425 1145 1475 ὥς
1171 1425 1197 1468 ὅ
1225 1427 1306 1480 μὲν
1331 1427 1507 1482 Βιγίλας
1533 1424 1607 1483 ἑρ-

92 1491 306 1548 αομηνεύς
324 1526 337 1548 ,
366 1492 391 1535 ὅ
421 1494 468 1535 δὲ
495 1496 739 1546 Μαξιμῖνος
777 1494 980 1546 μείζονος,
1023 1487 1128 1548 ἢπερ
1171 1491 1197 1534 o‘
1225 1494 1416 1547 Βιγίλας,
1455 1489 1603 1546 ἆξίας,

103 1573 106 1581 “
147 1559 295 1614 γένους
321 1574 365 1601 τε
391 1560 667 1614 περιφανοῦς,
696 1560 771 1600 καί
796 1555 1031 1613 ἐπιτήδειος
1063 1559 1108 1607 ἐς
1132 1556 1186 1600 τὰ
1210 1557 1395 1611 μάλιστα
1422 1561 1604 1612 βασιλεῖ’·

148 1622 293 1667 ἔπειτα
331 1623 389 1673 ὥς
422 1624 474 1666 οὗ
503 1626 574 1666 δεῖ·
607 1621 962 1682 παρασαλεύοντα
989 1622 1065 1673 τὰς’
1102 1622 1285 1673 σπονδὰς
1311 1625 1363 1682 τῇ
1379 1623 1604 1677 Ῥωμαίων

240 1720 275 1753 9.
292 1705 634 1754 Ὀδυσσηνῶννιιὶς.
688 1719 740 1743 12.
763 1706 939 1742 Ἐδέκωνι
954 1706 1205 1750 Η.,Ἐδέκωνα
1214 1708 1307 1753 vulg.
1361 1705 1604 1742 16.Ἐδέκωνι

242 1755 303 1796 Η.,
326 1753 487 1790 Ἐδέκων
509 1755 605 1801 vulg.
657 1756 708 1789 18.
747 1754 918 1801 ἐνεγέγρ.
949 1756 1001 1796 Β.,
1027 1754 1245 1801 droey.vulg.
1294 1767 1349 1790 πο.
1374 1756 1481 1800 εἴπερ
1505 1754 1602 1799 vulg.

152 1849 244 1884 quos
277 1837 433 1882 Scythae
468 1842 632 1883 receptos
667 1839 709 1871 in
734 1838 857 1880 carso,
885 1837 1062 1872 Thraciae
1090 1839 1253 1878 castello,
1278 1840 1394 1873 crucis
1417 1838 1600 1883 supplicio

151 1886 371 1925 affecerunt,
396 1889 435 1918 et
457 1883 550 1918 hanc
573 1884 620 1917 ab
647 1883 705 1917 his
730 1884 836 1930 fugae
866 1895 1022 1930 poenam
1055 1889 1262 1929 exegerunt.
1309 1885 1399 1918 Pace
1422 1895 1504 1918 cum
1528 1885 1601 1916 Ro-

151 1932 269 1964 manis
295 1932 413 1972 saeta,
444 1931 574 1964 Attilas
607 1936 646 1964 et
671 1930 784 1964 Bleda
825 1930 872 1964 ad
891 1931 1122 1976 'subigendas
1152 1936 1276 1976 gentes
1301 1930 1484 1975 Scythicas
1507 1942 1599 1977 pro-

103 1982 107 1986 '
150 1978 240 2012 fecti
265 1983 370 2018 sunt,
397 1982 436 2010 et
459 1983 584 2011 contra
610 1977 783 2021 Sorosgos
809 1976 947 2009 bellum
971 1982 1171 2011 moverunt.

244 2036 275 2058 2.
303 2023 531 2057 Theodosius
565 2024 666 2057 misit
693 2024 926 2063 Senatorem,
956 2025 1071 2057 virum
1100 2024 1341 2064 consularem,
1376 2023 1423 2057 ad
1445 2023 1599 2059 Attilam

151 2069 372 2115 legationem
398 2070 593 2104 obiturum.
642 2071 689 2104 Et
700 2070 765 2103 ille
786 2069 934 2114 quidem
949 2070 1111 2115 quamvis
1134 2070 1247 2115 legati
1282 2081 1417 2104 nomen
1441 2070 1597 2116 adeptus

151 2123 266 2158 esset,
291 2117 441 2151 minime
476 2123 599 2150 tamen
638 2122 694 2150 est
727 2127 836 2148 ausus
854 2118 1018 2150 terrestri
1054 2117 1186 2150 itinere
1211 2116 1363 2150 Hunnos
1387 2117 1507 2151 adire:
1532 2117 1599 2151 sed

151 2165 223 2197 iter
245 2174 312 2208 per
346 2164 500 2197 Pontum
539 2163 721 2196 Euxinum
753 2164 939 2204 instituit,
964 2168 1002 2197 et
1037 2163 1076 2196 in
1103 2163 1371 2198 Odessenorum
1408 2165 1598 2199 civitatem

150 2211 352 2254 navigavit,
376 2211 415 2243 in
430 2221 512 2255 -qua
537 2209 750 2243 Theodnlus
775 2210 848 2243 dux
871 2210 1168 2244 commorabatur.

244 2259 276 2292 3.
322 2255 568 2301 Chrysaphius
591 2256 778 2289 eunuchus
803 2253 917 2290 suasit
939 2255 1100 2290 Edeconi
1128 2256 1279 2291 Attilam
1304 2256 1350 2290 de
1372 2256 1494 2292 medio
1520 2256 1597 2291 tol-

153 2302 244 2336 lere.
290 2302 407 2347 Super
431 2314 473 2336 ea
499 2313 559 2344 re,
582 2301 711 2336 habito
740 2303 786 2336 ab
811 2304 1031 2347 Imperatore
1065 2303 1273 2338 Theodosio
1300 2315 1380 2337 cum
1407 2304 1596 2338 Martiano

155 2350 328 2392 magistro
354 2349 532 2391 consilio,
557 2349 794 2383 decreverunt
828 2360 902 2382 uon
927 2350 1045 2383 solum
1069 2350 1222 2395 Bigilam
1239 2376 1248 2391 ,
1274 2350 1339 2383 scd
1366 2356 1403 2384 et
1423 2351 1596 2384 Maximi-

149 2406 238 2429 num
269 2396 426 2440 legatum
450 2395 496 2429 ad
519 2396 669 2429 Attilam
693 2398 747 2430 ire
761 2422 771 2437 ‚
795 2401 832 2429 et
852 2396 1001 2439 Bigilam
1024 2396 1171 2442 quidem
1207 2398 1329 2442 specie
1360 2397 1596 2442 interpretis,

151 2453 226 2487 quo
267 2452 418 2476 munere
451 2443 692 2486 fungebatur,
712 2450 818 2488 'quae
855 2443 1015 2476 Edeconi
1053 2443 1282 2484 viderentur,
1318 2450 1596 2486 exsecuturum,

150 2487 390 2521 Maximinum
419 2499 517 2529 vero,
541 2490 605 2542 qui
629 2489 778 2522 minime
804 2499 940 2530 eorum,
975 2500 1070 2535 quae
1103 2491 1144 2523 in
1171 2491 1325 2524 consilio
1361 2491 1596 2535 Imperatoris

150 2535 287 2578 agitata
303 2539 415 2576 erant,
445 2546 608 2569 conscius
629 2542 746 2576 esset,
771 2536 913 2568 litteras
937 2534 984 2568 ab
1009 2547 1051 2570 eo
1076 2537 1213 2571 Attilae
1236 2537 1472 2570 redditurum.
1497 2537 1592 2570 Scri-

149 2585 275 2626 pserat
299 2581 398 2614 enim
422 2583 619 2626 Imperator
652 2584 850 2627 legatorum
885 2593 1019 2624 causa,¹
1043 2583 1194 2628 Bigilam
1228 2584 1437 2628 interpretis
1460 2589 1599 2617 munus'

151 2627 359 2667 obiturum,
385 2632 423 2661 et
443 2629 681 2662 Maximinum
707 2630 866 2674 legatum
890 2629 1008 2669 mitti,
1035 2632 1099 2676 qui
1120 2631 1266 2675 quidem
1291 2630 1442 2675 Bigilam
1471 2629 1592 2674 digni-

151 2679 228 2706 tate
252 2679 460 2716 superaret,
485 2681 522 2708 et
549 2686 679 2721 genere
699 2676 851 2708 illustris
881 2681 919 2709 et
948 2676 1019 2709 sibi
1049 2677 1154 2710 valde
1168 2677 1357 2710 familiaris
1381 2681 1484 2710 esset.
1533 2675 1590 2708 Ad

150 2719 242 2752 haec
256 2720 407 2754 minime
430 2720 560 2756 decere
581 2723 732 2756 Attilam
751 2721 897 2756 foedera
922 2722 1245 2767 transgredientem
1263 2724 1504 2758 Romanorum
1528 2733 1588 2756 re-
