1924 3164
517 173 554 213 E
589 169 875 215 MENANmu
912 170 1190 214 ms'romA.
1460 154 1498 222 4
1510 175 1529 209 1
1545 173 1574 230 7

126 279 187 322 ων
213 273 257 322 ἒς
281 270 329 315 τό
369 274 569 329 οἷποχροὸν
595 289 722 331 σφισι
751 273 1052 329 μεταδιδόναι,
1092 275 1253 331 τρίβειν
1286 288 1332 316 τε
1365 271 1440 316 τόν
1471 272 1750 330 χρό-Α,ο,580

112 350 197 382 ’νον
234 340 309 381 καὶ
344 341 612 395 μακροτέραν
666 336 814 388 αὐτοῖς
849 338 928 394 την
966 342 1140 397 πορείαν
1179 338 1443 397 ἐργάζεσθαι.
1478 336 1731 394 μιᾶςῖῑὶὼέ·

125 404 206 462 γάρ
249 405 412 461 ἡμέρας
450 403 546 447 ὁδὸν
573 407 688 462 σφᾶς
717 403 942 460 α’γαγόντες
970 408 1044 449 ἐπὶ
1078 406 1132 449 τοὶ
1171 404 1342 462 πρόσω,
1387 407 1437 464 τῇ
1477 407 1578 462 ε’φε-
1594 382 1748 418 stheus.

127 473 200 526 ξῆς
233 472 287 512 δι’
317 467 464 527 ἑτέρας
491 467 684 524 ἆτραποῦ
711 471 755 520 ἐς
781 469 1016 525 τοῦμπαλιν
1049 474 1281 528 ἐπανῆγον,
1311 475 1390 522 ἓως
1414 474 1580 514 πολλῶν

103 532 318 592 ὅοῖνιαρῶν
346 534 502 586 αὐτοῦς
529 534 842 591 ἀναπλήσαντες
858 570 871 589 ,
913 536 971 586 ὥς
1007 538 1081 580 καί
1112 536 1307 594 ἑκάτερον
1336 538 1482 592 α’μέλει
1508 536 1580 580 νό-

104 619 188 664 Δσῳ
216 600 435 660 βαρυτάτῃ
464 609 723 658 περιπεσεῖν,
775 602 994 658 ἐξώθησαν
1029 606 1103 659 τῆς
1135 606 1337 660 Περσῶν.
1380 605 1586 660 ἀφικομέ-

126 684 201 724 νης
229 670 276 710 δὲ
314 668 466 724 ταύτης
503 670 578 724 τῆς
626 667 821 722 ἀγγελίας
862 667 980 724 παρὰ
1027 673 1206 723 βασιλέα
1238 670 1468 723 εΡωμαίων
1508 668 1624 713 καίΡ.
1644 689 1703 724 ¹7¹

127 733 246 790 παρὰ
272 732 346 789 τὴν
373 732 542 776 πάντων
570 735 719 776 ἐλπίδα
750 733 1083 790 προσπεσούσης,
1119 738 1136 792 (
1155 736 1207 777 ου’
1232 734 1313 791 γὰρ
1347 733 1466 793 ᾠήθη
1494 732 1585 778 πώ-

127 815 229 842 ποτε
257 800 434 855 Πέρσας
473 801 546 841 ἐπὶ
572 806 778 856 ’σμικροῖς
816 798 931 842 οῦτω
970 800 1044 843 καί
1072 802 1168 844 λίαν
1208 804 1467 857 συμμέτροις
1504 800 1583 856 την

79 864 295 921 ιοεῖρὴνην
321 863 381 919 μή
412 867 763 922 προσδέξασθαι,)
795 867 1027 925 Μαυρικίῳ
1054 868 1132 920 μὲν
1159 864 1330 916 εἰκότως
1357 865 1583 923 ἐσήμαινεν

130 928 310 984 ἔχεσθαι
337 932 413 971 τοῦ
442 933 625 984 πολέμου
655 930 764 990 κατὰ
791 930 863 973 τὸν
888 935 1191 988 προχωροῦντα
1219 932 1398 988 τρόπον,
1428 932 1500 975 καί
1526 931 1581 974 τὰ

129 991 236 1038 ἄλλα
263 993 554 1052 περιεσκόπει,
603 997 660 1046 ὥς
700 993 752 1039 ἂν
785 997 978 1055 α’μηγέπη
1024 994 1158 1041 οἷόστε
1196 997 1331 1041 ἔσοιτο
1368 1001 1583 1055 βοηθῆσαι

128 1067 213 1111 τοῖς
236 1061 495 1118 πράγμασιν.
524 1061 563 1104 οἱ
594 1064 641 1104 δὲ
667 1061 719 1105 uk
745 1065 824 1117 μὲν
855 1059 963 1106 ἄλλα
992 1064 1067 1106 οῦκ
1095 1062 1184 1120 εἶχε
1210 1068 1346 1115 κακῶς
1374 1064 1420 1108 τὸ
1451 1065 1584 1121 στρά-

128 1144 279 1182 τευμα·
319 1131 392 1170 καί
416 1128 496 1184 γὰρ
526 1127 602 1184 την
626 1128 831 1185 διανομὴν
855 1131 936 1172 τῶν
963 1128 1193 1186 χρημάτων
1221 1131 1456 1187 ἐπεποίητο.

81 1195 130 1237 15
241 1191 290 1236 κ’.
336 1192 425 1238 Ὅτι
462 1196 795 1252 παρεσκευάζετο
834 1195 857 1236 ὅ
905 1197 1100 1252 Τιβέριος
1131 1198 1332 1240 διαλῦσαι
1367 1197 1437 1239 τὸν
1477 1197 1615 1254 πρὸςΑ
1639 1201 1755 1238 C-581
1805 1181 1809 1186 Ι

129 1261 308 1315 Πέρσας
334 1258 526 1314 πόλεμον.
555 1263 780 1317 τοιγαροῦν
808 1258 941 1310 οὕτως
971 1257 1179 1317 ἆρέσαντα
1215 1265 1406 1316 βασιλεῖ’,
1452 1249 1754 1341 οἷφιή-,Ῑιῖ’ἰ“ιι)“6”ῐ”’*4

129 1341 198 1368 σιν
226 1327 298 1368 ἐπὶ
323 1324 454 1384 τούτῳ
481 1326 705 1382 Ζαχαρίαν
745 1327 791 1369 ἐν
830 1333 918 1377 τοῖς
937 1326 1161 1380 Ῥωμαίων
1198 1344 1241 1371 τε
1281 1329 1354 1370 καί
1393 1333 1611 1385 ΠερσῶνΒ

128 1394 344 1448 μεθορίοις
372 1393 735 1447 πρεσβευσάμενον
757 1394 830 1435 καί
854 1389 996 1442 αὖθις·
1036 1389 1080 1434 ὃν
1111 1392 1162 1448 δὴ
1190 1393 1264 1435 καὶ
1291 1392 1486 1444 πολλάκις
1517 1398 1591 1438 ἐπί

129 1461 221 1506 ταῖς
247 1455 466 1507 τοιαύταις
498 1456 788 1514 ἐχειροτόνησε
821 1460 1005 1513 χρείαις.
1044 1457 1066 1500 ὅ
1116 1460 1163 1502 δὲ
1203 1456 1487 1515 ἀφικόμενος,
1515 1462 1591 1502 καί

77 1523 262 1577 Βοδῆλον
288 1524 557 1579 καταστήσας
583 1525 650 1580 ἐφ’
680 1518 713 1582 ᾧ
741 1521 965 1579 ἐποιήσατο
995 1523 1052 1575 ὦς
1091 1526 1270 1581 Πέρσας
1305 1523 1382 1580 την
1420 1521 1587 1582 ἄφιξιν,

133 1587 156 1630 ὅ
183 1590 263 1642 μὲν
300 1588 490 1646 ὑπῆρχεν
527 1592 571 1632 ἐν
612 1591 805 1643 τούτοις,
844 1589 1047 1644 βασιλεῦς
1090 1592 1138 1632 δὲ
1175 1594 1360 1647 Περσῶν
1387 1593 1590 1644 ἐκπέμπει

127 1653 342 1710 Ἀνδῖγαν.
384 1652 506 1707 οὗτος
546 1657 592 1698 δὲ
629 1654 732 1712 α’νὴρ
775 1655 882 1698 κατὰ
911 1659 1111 1700 τοσοῦτον
1139 1658 1336 1714 ἐχέφρων
1361 1673 1405 1700 τε
1438 1654 1490 1714 ἦν
1517 1659 1592 1700 καί

180 1794 185 1810 2
229 1767 263 1802 5.
289 1765 393 1812 Quae
416 1768 523 1812 vulgo
550 1771 635 1812 post
662 1767 812 1801 verbum
837 1767 1121 1810 ἀναπλήσαντες
1158 1779 1201 1802 ex
1232 1770 1397 1814 proxime
1423 1769 1592 1813 superio-

229 1812 331 1846 ribus
357 1814 513 1847 absurde
538 1819 772 1858 repetuntur:
809 1814 872 1847 ἐπὶ
905 1808 950 1848 τὰ
988 1812 1146 1859 πρόσω,
1181 1817 1222 1860 τῇ
1261 1817 1415 1861 ἐφεξῆς,
1447 1815 1516 1848 del.
1551 1817 1587 1849 B.

226 1861 261 1895 6.
287 1859 503 1908 ἐξώθησαν]’
528 1860 749 1902 ἐξώσθησαν
778 1862 845 1896 H.:
878 1867 918 1895 at
938 1871 985 1895 ne
1009 1862 1080 1895 hoc
1103 1861 1253 1907 quidem
1278 1873 1401 1897 verum
1430 1862 1587 1896 videtur.

232 1908 285 1943 13.
311 1906 363 1955 οἱ]
389 1908 441 1952 τῷ
465 1907 558 1941 coni.
582 1909 620 1941 B.

137 1998 235 2034 diem
270 1996 316 2032 de
351 1997 412 2031 die
445 1997 653 2039 (lucebant,
691 2002 729 2032 et
760 1997 986 2042 longioribus
1028 1998 1224 2033 itineribus
1274 2008 1335 2033 eos
1375 1997 1587 2042 fatigabant.

134 2045 282 2082 Etenim
310 2055 418 2090 quam
455 2046 550 2078 viam
587 2055 659 2078 uno
694 2044 754 2078 die
789 2046 1040 2086 confecerant,
1073 2056 1152 2078 eam
1177 2044 1354 2090 postridie
1390 2051 1487 2079 retro
1525 2057 1587 2080 eos

138 2091 322 2128 ducebant
338 2117 347 2133 ‚
379 2091 495 2125 donec
518 2093 642 2125 multis
677 2092 857 2125 aerumnis
883 2092 1093 2132 conflictati,
1122 2092 1174 2125 ita
1200 2096 1241 2124 ut
1261 2098 1418 2137 uterque
1442 2093 1482 2124 in
1509 2105 1589 2137 gra-

136 2138 325 2175 vissimum
353 2139 518 2172 morbum
545 2139 741 2179 inciderem
765 2137 913 2172 tandem
940 2137 1086 2173 Perside
1111 2144 1354 2172 excesserunt.
1402 2138 1514 2172 Cuius
1534 2140 1590 2173 rei

137 2186 291 2221 nuntius
315 2196 427 2229 quum
454 2185 501 2218 ad
525 2186 782 2231 Imperatorem
806 2188 1004 2226 afferretur,
1029 2190 1066 2217 et
1085 2190 1230 2229 praeter
1242 2196 1384 2218 omnem
1400 2192 1588 2228 exspecta-

138 2233 280 2267 tionem
303 2232 360 2265 illi
385 2232 586 2273 accideret,
619 2232 716 2278 (non
741 2231 837 2265 enim
863 2232 1150 2272 existimaverat,
1175 2243 1257 2264 cum
1280 2231 1432 2265 Romani
1456 2233 1509 2266 ita
1533 2233 1590 2265 fa..

140 2280 228 2312 ciles
251 2283 289 2312 et
310 2279 514 2313 moderatos
541 2290 577 2312 se
602 2278 878 2324 praebuissent,
906 2277 1007 2320 fore,
1030 2283 1072 2314 ut
1095 2278 1221 2311 Persae
1248 2290 1269 2311 a
1297 2289 1385 2322 pace
1409 2277 1588 2312 abhorre-

140 2325 257 2371 rent‚)
281 2326 361 2360 iure
391 2331 428 2359 et
449 2327 578 2359 merito
603 2325 777 2359 Mauricio
806 2327 1008 2370 praecepit,
1030 2328 1072 2357 ut
1095 2323 1234 2358 bellum
1257 2330 1403 2359 strenuo
1428 2331 1587 2370 pararet,

142 2377 181 2407 et
203 2377 321 2406 cetera
350 2373 472 2406 omnia
498 2373 548 2406 ita
573 2372 758 2412 instituit,
795 2376 836 2404 ut
861 2372 962 2406 omni
987 2371 1095 2405 modo
1121 2371 1196 2405 suis
1232 2370 1341 2406 rebus
1372 2373 1587 2406 consuleret.

139 2418 271 2464 Neque
297 2429 381 2453 vero
417 2420 596 2454 exercitus
633 2418 755 2465 quoad
782 2423 903 2453 cetera
935 2418 1031 2452 male
1054 2416 1224 2452 habebat.
1272 2418 1464 2464 Stipendia
1490 2419 1589 2453 enim

139 2465 326 2511 persoluta
345 2466 502 2500 fuerant.
697 2475 700 2481 ’

238 2523 293 2546 20.
319 2512 490 2546 Tiberius
504 2512 643 2546 bellum
656 2510 914 2547 conti-aperus
927 2510 1032 2545 finire
1042 2511 1081 2545 in
1094 2510 1216 2545 animo
1227 2510 1402 2550 habebat.
1436 2513 1586 2557 Itaque,

145 2556 218 2592 hoc
230 2558 382 2594 consilio
395 2560 654 2605 capto,iterum
663 2557 865 2592 Zachariam
879 2558 1000 2602 elegit,
1015 2569 1122 2604 quem
1136 2558 1181 2592 ad
1194 2559 1330 2592 limites
1346 2561 1587 2592 Romanorum

148 2605 376 2639 etPersarum
393 2606 540 2651 legaret.
566 2607 642 2639 Iam
656 2607 754 2639 enim
770 2611 807 2639 et
818 2604 962 2650 saepius
978 2611 1085 2639 antea
1097 2605 1175 2638 eius
1188 2616 1297 2651 opera
1320 2607 1359 2639 in
1378 2605 1589 2638 huiusmodi

147 2651 256 2685 rebus
270 2663 355 2685 usus
365 2651 495 2686 fuerat.
533 2654 567 2686 Is
580 2664 692 2699 quum
706 2651 924 2692 advenisset,
946 2662 1092 2701 quaque
1110 2652 1156 2686 de
1173 2663 1279 2685 causa
1303 2651 1350 2684 ad
1366 2652 1488 2685 Persas
1505 2662 1590 2696 pro-

148 2698 264 2732 fectus
278 2703 384 2739 esset,
400 2700 642 2744 exposuisset,
660 2700 788 2744 ipsein
812 2698 858 2732 iis
882 2698 972 2732 locis
986 2697 1169 2741 manebat,
1188 2699 1418 2733 etPersarum
1429 2709 1491 2731 rex
1515 2699 1591 2730 An-

148 2743 258 2789 digan
284 2744 412 2779 eodem
437 2747 563 2782 mittit.
611 2746 680 2779 Hic
702 2747 758 2781 vir
785 2749 864 2780 erat
885 2743 1081 2780 admodum
1111 2745 1291 2792 prudens,
1324 2749 1363 2779 et
1393 2746 1590 2779 multorum

189 2813 400 2862 Dexippus,
425 2815 619 2862 Eunapius
641 2822 709 2850 etc.
1286 2823 1332 2858 ²7
