1924 3164
582 194 615 234 E
654 191 935 235 MENANDRI
975 159 1246 234 msTomA.
1526 172 1636 228 303

196 296 356 347 στῶτα,
386 295 460 336 καί
488 293 591 350 πρός
613 311 659 349 γε
688 291 950 350 αὐτόχθονα,
979 294 1038 350 μή
1067 295 1269 350 περιιδεῖν
1294 292 1536 350 στράτευμα
1563 291 1631 336 ἔν-
1642 296 1824 332 e.A.c.555

311 362 327 398 ς-
447 359 468 372 Ὴ
674 364 684 376 ι
754 361 767 374 c
882 361 902 373 ν
990 362 1002 375 ³
1070 363 1081 376 ³
1094 361 1107 376 t
1133 358 1142 372 1
1280 362 1301 371 ⁶·
1362 359 1377 374 ³
1461 356 1471 371 ¹
1621 345 1776 378 =1ud-13

195 377 313 403 σπον(
327 376 386 403 ον.
441 377 599 417 εφασκε
643 363 702 414 δε,
735 378 814 415 ως,
858 377 942 416 ειγε
981 376 1209 418 επιρρωσει
1242 376 1326 402 των
1369 362 1559 416 Αβαρων
1587 376 1632 402 το
1652 391 1809 426 hmini·

195 427 440 483 στράτευμα
469 433 555 476 τοῖς
583 427 843 480 ἀναγκαίοις,
882 428 936 468 ου’
971 427 1097 470 πλέον
1125 422 1152 482 ἢ
1178 431 1288 483 τρεῖς
1315 422 1476 482 ἡμέρας
1503 425 1637 468 αὐτου

194 495 456 548 ἐνδιατρίψει
476 526 489 546 ,
518 490 606 535 εἶτα
647 489 997 548 ἀπαλλαγήσεται.
1052 494 1189 535 ταῦτα
1232 490 1377 547 ἐπειδὴ
1407 491 1675 547 οἷπήγγελτοῦ

166 557 250 616 5τῷ
288 559 565 616 Σιγισβέρτῳ,
613 561 879 615 παραχρῆμα
924 555 947 601 ὅ
993 574 1040 613 γε
1079 552 1239 614 ἄλευρά
1266 573 1320 600 ’τε
1358 555 1512 601 ἔστειλε
1553 563 1638 609 τοῖς

186 622 388 680 ’.Αβάροις
414 626 488 666 καί
513 619 669 680 ὄσπρια
698 623 772 665 καί
796 619 860 673 ὄϊς
887 623 960 666 καί
983 622 1104 678 βόας.
1840 668 1841 671 Ἰ

303 687 372 732 ια’.
416 686 510 732 Ὅτι
546 688 762 744 Ἀλβούιος
800 689 822 731 ὃ
863 691 946 732 τῶν
974 690 1282 747 Λογγιβάρδων
1322 689 1535 748 μόναρχος
1563 692 1813 749 (013A.C.566

190 754 270 811 γὰρ
315 756 429 814 αὐτῷ
458 755 658 810 ἀπέληγεν
687 755 713 811 ἢ
743 753 848 812 πρὸς
874 757 1168 809 Κονιμοῧνδον
1196 752 1433 812 ἀπέχθεια,
1475 757 1567 800 ἄλλ’
1593 746 1811 828 έκῙΙῖἓίἰῖῑὶἳ

190 819 344 871 παντὸς
370 822 526 877 τρόπου
558 815 657 880 ᾧέτο
689 823 775 864 δεῖν
802 821 1180 879 καταστρέψασθαι
1207 821 1283 878 τήν
1310 825 1395 865 τῶν
1412 822 1640 880 Γηπαιῖῖων

141 886 476 944 ιοέπικράτειαν)
507 885 635 945 ταύτῃ
667 903 731 929 τοι
761 890 955 945 πρέσβεις
982 890 1214 943 ἐξέπεμψεν
1241 886 1299 938 ὥς
1323 888 1396 932 τὸν
1422 889 1636 945 Βαΐανὸν,

188 954 233 1002 ἐς
263 952 502 1007 ὁμαιχμίαν
529 955 798 1009 παρακαλῶν.
838 956 1187 1010 παραγενομένων
1216 955 1264 996 δὲ
1290 955 1372 998 τῶν
1399 957 1639 1012 πρέσβεων,

187 1017 429 1074 ἠντιβόλουν
463 1017 521 1074 μή
564 1020 767 1075 περιϊδεῖν
800 1021 914 1076 σφᾶς
951 1019 1034 1061 ὑπὸ
1074 1023 1116 1062 Γ
1113 1022 1301 1076 ηπαίδων
1342 1020 1395 1064 τὰ
1433 1021 1640 1078 ἀνήκεστα

172 1081 481 1138 πεπονθότας,
516 1083 698 1137 μάλιστα
755 1087 829 1127 καὶ
867 1083 1096 1139 εΡω,ιιαιί]ι>ν
1146 1089 1230 1129 τῶν
1273 1082 1382 1142 ἄγαν
1432 1089 1640 1143 ἐχθίστων

183 1150 386 1205 Ἀβάροις
414 1149 748 1204 συμμαχούντων
772 1156 860 1199 τοῖς
876 1154 916 1192 Γ
915 1149 1100 1206 ήπαισιν.
1157 1150 1379 1197 ἐδίδασκον
1408 1155 1471 1207 δὲ,
1501 1152 1559 1204 ὥς
1587 1153 1659 1196 οὗ·

139 1214 295 1258 ιόκατά
325 1216 523 1257 τοσοῦτον
551 1213 657 1271 πρὸς
679 1218 720 1257 Γ
719 1217 901 1271 ήπαιδας
927 1215 1001 1258 τὸν
1028 1214 1212 1270 πόλεμον
1235 1218 1531 1274 οἷναρᾘίψωσι,
1560 1231 1677 1265 ›ea-D

181 1282 311 1324 θόσον
335 1280 540 1338 Ἰουστίνῳ
567 1280 862 1335 μαχήσονται,
899 1285 1076 1336 βασιλεῖ’,
1094 1283 1151 1339 τῷ
1179 1284 1265 1325 τῶν
1300 1282 1492 1340 Ἀβάρων
1519 1283 1638 1328 ἔθνει

182 1348 226 1396 ἒς
244 1344 294 1388 τά
315 1344 501 1399 μάλιστα
521 1345 834 1404 δυσμενεστάτῳ
852 1363 898 1402 γε
921 1344 1023 1400 ὄντι,
1044 1343 1090 1397 ὃς
1104 1347 1409 1405 παρωσάμενος
1435 1349 1512 1400 τὰς
1530 1346 1638 1394 Ἰου-

181 1414 399 1454 στινιανοῦ
427 1413 504 1455 τοῦ
529 1414 833 1469 μητραδέλφου
864 1412 1050 1463 σπονδὰς
1077 1412 1183 1469 πρὸς
1219 1413 1429 1472 Ἀβάρους
1456 1413 1502 1457 ἐκ
1535 1421 1637 1459 πολ-·

182 1477 258 1521 λοῦ
296 1479 569 1532 γεγενημένας
611 1481 694 1520 τῶν
732 1477 947 1522 εἰωθότων
986 1481 1196 1537 ἐστέρησε.
1239 1485 1541 1538 προσετίθεσαν
1568 1484 1633 1537 δὲ,

129 1541 270 1596 αοῶς,
311 1541 355 1583 εἴ
385 1559 432 1596 γε
471 1541 631 1586 ἔσοιντο
672 1541 761 1598 ἅμα
789 1543 1133 1602 Λογγοβάρδοις,
1166 1546 1487 1603 ἄκαταμάχητοι
1513 1549 1635 1604 γενή-

179 1610 330 1651 σονταί
346 1625 455 1662 πως,
484 1608 556 1651 καί
581 1609 641 1661 αἷς
667 1610 1050 1668 καταστρεφόμενοι
1077 1615 1118 1654 Γ
1115 1610 1297 1669 ήπαιδας
1323 1614 1402 1655 τοῦ
1428 1629 1475 1655 τε
1502 1611 1635 1655 πλού-

177 1672 265 1716 του
281 1676 421 1731 σφῶν,
450 1673 514 1716 ἔτι
541 1691 588 1730 γε
613 1676 698 1731 μήν
724 1675 796 1718 καί
816 1679 888 1732 τῆς
917 1675 1084 1719 ἐκείνων
1111 1680 1232 1736 κοινῇ
1259 1679 1517 1735 κρατήσουσι
1541 1679 1634 1734 χώ-

178 1756 281 1794 ρας,
325 1741 399 1781 καί
436 1741 494 1789 ὦς
533 1741 559 1797 ἢ
594 1741 758 1783 Σκυθία
796 1741 841 1783 τὸ
885 1741 1031 1784 λοιπὸν
1060 1745 1202 1793 αὐτοῖς
1229 1745 1493 1800 εὖημεροῢσί
1511 1761 1557 1800 γε
1587 1745 1634 1794 ἐς·

179 1800 271 1859 ἇεί,
318 1804 391 1847 καί
423 1809 503 1859 μὲν
542 1800 616 1848 οὖν
654 1807 680 1862 ἦ
728 1805 873 1864 Θρᾴκη
912 1807 1019 1863 αὕτὴ
1070 1807 1192 1851 ἔσται
1242 1809 1517 1864 εὖεπίβατος,
1559 1810 1634 1853 καὶ
1671 1859 1673 1861 q

271 1895 304 1928 8.
323 1894 593 1940 Κονιμοῦντον
617 1895 701 1939 vulg
808 1898 864 1933 23.
892 1893 1123 1943 ευήμεροῦσί
1147 1897 1190 1932 Η.
1205 1898 1478 1946 ,εῠημεριοῦσί
1500 1900 1595 1945 vulg.

179 1973 328 2009 foedere
353 1975 599 2008 coniunctum.
650 1973 891 2007 promittebat
914 1979 1036 2006 autem
1056 2000 1065 2015 ‚
1099 1974 1130 2007 si
1157 1975 1356 2008 exercitum
1381 1976 1536 2010 Avarum
1559 1987 1636 2010 ne«

177 2021 342 2055 cessariis
370 2021 479 2054 rebus
506 2025 719 2059 recreasset,
745 2030 783 2053 se
807 2021 917 2053 tertio
942 2020 1004 2054 die
1031 2026 1145 2054 eastra
1168 2026 1372 2062 moturum,
1396 2034 1518 2069 neque
1544 2023 1629 2057 diu-

177 2068 250 2101 tius
275 2068 313 2100 in
340 2066 396 2101 his
421 2068 509 2101 locis
536 2072 849 2100 commoraturum.
897 2067 996 2100 Haec
1019 2067 1085 2100 ubi
1110 2067 1309 2112 Sigisberto
1333 2073 1418 2102 sunt
1442 2071 1626 2113 nuntiata,

177 2115 300 2148 statim
325 2114 499 2154 farinam,
528 2115 731 2158 legumina,
755 2123 839 2146 oves
865 2119 902 2146 et
925 2113 1036 2148 hoves
1072 2113 1119 2147 ad
1143 2117 1273 2147 Avares
1303 2115 1412 2149 misit.

274 2173 325 2195 ιι.
375 2161 567 2201 Alboinus,
593 2159 915 2204 Longobardorum
949 2170 1035 2201 rex,
1068 2160 1133 2205 qui
1158 2161 1383 2203 inimicitias,
1419 2173 1508 2208 quas
1543 2172 1626 2198 cum

174 2206 420 2248 Cunimundo,
447 2207 670 2252 Gepidarum
686 2216 779 2251 rege,
795 2205 999 2248 exercebat,
1023 2206 1172 2240 minime
1199 2206 1418 2252 deponebat,
1442 2209 1506 2243 sed
1531 2221 1625 2256 qua·-

173 2264 319 2298 cunque
356 2256 498 2288 ratione
526 2253 748 2299 Gepidarum
786 2263 872 2298 opes
914 2253 987 2286 sibi
1033 2253 1245 2287 evertendas
1279 2254 1446 2290 ducebat.
1494 2257 1625 2303 Itaque

173 2300 311 2344 legatos
327 2300 372 2334 ad
394 2301 568 2334 Baianum
586 2300 698 2340 misit,
719 2300 852 2345 quibus
874 2310 957 2332 eum
983 2299 1030 2332 ad
1048 2311 1229 2333 armorum
1256 2301 1466 2336 societatem
1490 2302 1626 2339 adhor-

172 2345 328 2380 tabatur.
372 2347 498 2392 Legati
514 2358 593 2380 cum
609 2347 854 2387 advenissent,
877 2347 1050 2391 precibus
1076 2357 1156 2379 cum
1179 2348 1314 2381 Baiano
1338 2349 1506 2394 agebant,
1521 2361 1568 2382 ne
1585 2362 1624 2384 se

172 2398 437 2434 contemneret,
476 2396 540 2439 qui
565 2393 724 2428 nefanda
749 2393 871 2426 omnia
904 2404 924 2425 a
954 2393 1109 2438 Gepidis
1134 2394 1230 2439 passi
1255 2401 1387 2436 essent,
1411 2396 1626 2440 praesertim

173 2450 285 2484 quum
310 2441 418 2474 etiam
433 2441 597 2482 Romani,
622 2442 775 2474 Avarum
800 2440 899 2485 genti
924 2450 1037 2485 quam
1062 2440 1302 2482 infestissimi,
1351 2443 1510 2488 Gepidas
1524 2443 1624 2477 bello

171 2487 364 2521 iuvassent.
391 2486 519 2533 Neque
535 2493 610 2521 tam
627 2488 665 2521 in
679 2485 836 2532 Gepidas
851 2486 954 2519 hello
973 2487 1060 2519 ferri
1077 2485 1264 2528 dicebant,
1288 2499 1397 2533 quam
1415 2495 1540 2523 contra
1563 2491 1626 2523 Iu-

171 2533 308 2565 stinum
322 2543 479 2578 pugnare
489 2540 675 2578 cuperent,
688 2534 965 2578 regemAvarum
978 2533 1076 2577 genti
1092 2533 1392 2575 inimicissimum,
1403 2537 1467 2582 qui
1476 2536 1623 2570 foedera

173 2590 254 2612 cum
268 2580 482 2621 Iustiniano,
500 2582 578 2614 eius
598 2580 791 2620 avunculo,
811 2581 881 2612 iam
899 2579 1043 2623 pridem
1069 2585 1246 2614 transacta
1258 2592 1323 2625 pro
1338 2581 1457 2615 nihilo
1482 2581 1623 2616 habens

171 2625 304 2659 Avares
332 2628 513 2661 consuetis
538 2628 749 2661 muneribus
767 2627 944 2671 privaret..
989 2625 1146 2667 Adiecit,
1171 2628 1201 2660 si
1221 2638 1301 2660 cum
1318 2628 1568 2674 Longobardis
1584 2640 1623 2663 se

172 2672 454 2718 coniungerent,
482 2674 580 2715 fore,
606 2680 648 2707 ut
671 2673 798 2707 invicti
825 2677 972 2713 essent,
998 2677 1056 2713 et,
1088 2673 1241 2720 Gepidis
1263 2675 1532 2716 exterminatis,
1559 2686 1623 2710 eo-

172 2729 250 2751 rnm
276 2719 406 2764 opibus
427 2726 464 2754 et
487 2722 634 2764 regione
660 2719 902 2754 communiter
924 2719 1144 2765 potirentur.
1193 2721 1287 2754 Tum
1309 2723 1447 2766 pacatis
1472 2728 1509 2755 et
1532 2733 1622 2757 con—

172 2763 306 2801 iunctis
338 2766 424 2814 ipsis
460 2766 567 2803 facile
605 2767 684 2803 fore
716 2765 900 2812 Scythiam
932 2770 976 2805 et
999 2765 1115 2813 ipsam
1141 2766 1333 2803 Thraciam
1358 2779 1559 2816 occupare,
1584 2774 1621 2804 et
