1838 3210
730 205 803 247 DE
838 203 1028 247 PETRO.
1058 201 1060 203 ’
1471 206 1604 247 XXIII

157 315 246 364 post
269 314 441 364 mortem
463 322 487 347 a
514 307 690 362 Corippo
719 308 814 348 bom·
837 309 1075 363 cognomine
1099 307 1314 362 insignitur
1332 306 1385 361 ²⁰)
1398 337 1410 359 ,
1440 315 1487 348 ut
1504 309 1603 349 olim

158 378 242 416 Rex
274 376 429 416 Ancus.
487 376 753 427 Quaevtameu
768 376 938 415 virtutes
961 389 1043 415 non
1072 374 1234 415 obstant
1259 372 1476 429 quominus
1507 390 1604 416 vere

158 443 380 496 Procopius
411 442 450 481 ei
481 441 719 495 exprobrare
756 443 932 494 potuerit
972 442 1269 481 fiaracissimum
1298 441 1420 481 fuisse
1440 470 1453 493 ‚
1481 448 1603 495 atque

157 508 386 562 inexplebili
421 508 656 548 divitiarum
680 507 898 561 cupiditate
937 508 1144 547 incensum
1171 507 1222 560 ³¹)
1236 522 1248 546 :
1293 508 1462 548 avaritia
1496 508 1604 547 enim

159 576 270 629 apud
316 576 480 615 orientis
521 573 690 628 populos
704 604 716 623 ‚
768 573 821 614 ad
861 575 1096 613 servitutem
1144 574 1374 629 prolapsos,
1417 587 1605 628 persaepe

159 643 292 696 etiamd
306 644 488 682 virorum
509 641 676 680 minime
703 640 903 680 malorum
928 641 1082 680 animos
1107 641 1286 680 invadit:
1318 655 1493 695 quorum
1529 635 1614 680 bo-v

158 710 263 748 nitas
283 723 330 749 eo
351 716 510 748 tantum
531 707 660 748 elucet
673 738 684 757 ‚
714 707 826 762 quod
856 722 986 761 neque
1012 707 1228 748 crudeliter
1246 715 1371 762 agunt
1389 722 1607 748 numorum

159 789 306 826 causa,
334 789 464 829 neque
494 777 556 815 ius
599 774 751 816 violant
766 790 778 814 z
807 773 944 828 quales
973 781 1066 814 sunt
1096 774 1177 813 sere
1214 776 1249 814 si
1277 776 1347 829 qui
1375 776 1480 815 inter
1497 776 1607 815 'rur-

161 855 227 881 cas
255 843 332 881 viri
353 842 451 882 boni
480 841 685 881 dicuntur.
740 842 789 880 In
809 855 890 895 quo
925 855 1067 895 genere
1100 840 1256 880 illustre
1279 841 1504 896 exemplum
1522 847 1609 881 erat

161 909 355 948 memoria
379 911 468 948 mea
486 907 788 949 Mohammedes
807 922 938 956 senex,
970 907 1158 962 Algeriae
1175 914 1348 961 satrapa.
1391 907 1504 947 Nihil
1530 908 1609 947 hoc

160 976 251 1015 viro
287 975 425 1027 mitius
439 1004 451 1026 ‚
497 975 663 1028 eiusque
683 974 762 1014 fide
805 974 900 1013 data
932 973 1036 1013 nihil
1078 973 1277 1013 sanctius:
1320 981 1362 1013 at
1393 974 1501 1013 idem
1525 988 1608 1013 non

161 1040 292 1080 solum
320 1042 398 1080 nisi
440 1055 580 1094 pacem
604 1041 657 1079 ab
687 1054 736 1080 eo
759 1040 992 1080 redemisses
1006 1069 1018 1091 ‚
1046 1040 1259 1093 piraticam
1289 1039 1521 1091 exercebat;
1545 1041 1608 1079 vi-

161 1106 348 1160 olataque
366 1136 378 1158 ,
409 1108 496 1146 sine
520 1121 592 1147 sua
621 1106 741 1161 culpa
758 1114 782 1155 ‚'
804 1120 928 1160 pace,
957 1106 1139 1160 gavisum
1169 1120 1252 1145 esse
1282 1106 1402 1145 credo
1425 1120 1437 1157 3
1466 1121 1611 1146 verum

161 1175 282 1212 etiam
308 1173 488 1227 quotidie
512 1188 584 1227 per
614 1187 824 1227 vesperam
852 1173 985 1212 aureis
1011 1172 1272 1211 numerandis
1292 1186 1335 1211 se
1364 1171 1605 1211 delectabat.

161 1239 433 1279 Praedivitem
455 1246 562 1279 certe
593 1239 715 1278 fuisse
740 1238 908 1278 Petrum
933 1238 1027 1277 inde
1059 1237 1283 1292 colligimus
1299 1267 1311 1289 ,
1341 1238 1450 1291 quod
1477 1238 1610 1277 insula

161 1304 356 1355 Aconitis‚
386 1307 428 1344 in
448 1303 532 1359 vqua
559 1307 658 1347 cotis
689 1306 849 1347 fodinae
871 1307 1172 1359 exercebantur,
1204 1307 1360 1361 integra
1385 1322 1460 1361 pro
1483 1307 1610 1347 fundo

163 1371 217 1410 ad
240 1385 333 1410 eum
357 1372 657 1425 pertinebatw).
689 1372 844 1412 Eadem
872 1374 1076 1412 servitutis
1105 1373 1262 1412 miseria
1292 1375 1401 1412 viros
1425 1375 1610 1427 quamvis

161 1437 290 1478 bonos
314 1440 601 1478 immanissima
623 1440 816 1493 principis
838 1440 942 1479 iussa
963 1453 1039 1493 pro
1062 1440 1240 1479 numinis
1259 1440 1431 1479 oraculis
1452 1442 1611 1495 exsequi

163 1505 295 1558 cogit,
322 1507 436 1558 quasi
458 1505 562 1545 nihil
582 1506 748 1546 arbitrio
780 1520 854 1545 suo
885 1506 1070 1546 relictum
1106 1508 1182 1546 sit:
1219 1507 1356 1559 itaque
1381 1521 1612 1546 asseverare

163 1585 247 1610 non
267 1572 457 1611 auderem
479 1572 722 1612 calumniam
737 1587 822 1612 esse
833 1573 1022 1626 Procopii
1042 1574 1244 1613 narrantis
1257 1572 1613 1612 Theodahaduma

163 1637 287 1678 Petro
323 1638 376 1677 ad
405 1637 723 1679 Amalasunthae
752 1653 892 1679 necem
925 1641 1136 1679 incitatum
1163 1653 1248 1679 esse
1276 1639 1355 1691 33):
1385 1640 1462 1678 nisi
1493 1653 1613 1678 causa

164 1719 286 1758 quam
316 1704 431 1744 affert
453 1719 526 1744 cur
556 1706 772 1745 Theodora
795 1707 960 1745 exitium
990 1706 1159 1746 infelicis
1193 1707 1354 1760 reginae
1383 1706 1612 1745 machinata

165 1777 268 1810 esset
286 1777 371 1809 tam
399 1785 545 1824 parum
568 1771 769 1811 credibilis
800 1772 902 1811 foret
916 1801 934 1820 ,
957 1779 1004 1811 ut
1026 1772 1103 1811 hoc
1134 1786 1295 1826 quoque
1331 1772 1483 1811 crimen
1525 1786 1613 1811 ma-

166 1835 320 1875 ledictis
351 1851 521 1876 vesanae
556 1838 828 1891 impudentiae
854 1839 1052 1878 accenseri
1083 1853 1200 1892 posse
1227 1838 1442 1877 confidam.

276 1903 401 1942 Petro
422 1903 599 1942 Patricio
621 1903 762 1942 Suidas
791 1899 978 1955 ἱστορίας
1004 1903 1170 1943 tribuit:
1206 1903 1313 1942 unde
1340 1906 1486 1956 petitae
1505 1903 1612 1943 eclo-

167 1981 242 2021 gae
279 1969 322 2007 in
349 1967 523 2022 utroque
548 1968 669 2008 titulo
696 1968 747 2008 de
775 1967 1042 2022 legationibus
1068 1975 1253 2008 exstant:
1283 1983 1455 2022 quarum
1482 1971 1613 2023 prima

167 2035 221 2073 ad
254 2036 467 2088 imperium
499 2035 653 2075 Tiberii
677 2066 690 2088 .,
718 2034 862 2075 ultima
894 2034 946 2075 ad
970 2048 1034 2074 res
1065 2049 1090 2073 a
1129 2034 1286 2073 Iuliano
1307 2064 1319 2082 ,
1349 2035 1482 2074 adhuc
1513 2035 1613 2075 Cae-

168 2114 281 2151 sare,
309 2100 385 2140 sub
412 2102 598 2154 auspiciis
626 2101 849 2140 Constantii
869 2102 912 2140 in
930 2099 1061 2139 Gallia
1090 2107 1218 2154 gestas
1244 2101 1431 2153 pertinet.
1491 2101 1614 2152 Quod

169 2166 203 2204 si
229 2165 397 2206 ulterius
415 2181 649 2221 progressus
675 2174 777 2207 esset
794 2196 806 2219 ‚
825 2168 857 2206 is
891 2167 960 2220 qui
984 2166 1140 2220 eclogas
1176 2166 1347 2206 confecit
1375 2181 1458 2206 non
1487 2168 1614 2221 magis

169 2232 213 2270 in
242 2233 366 2272 Petro
393 2247 515 2286 quam
542 2235 586 2272 in
622 2234 762 2273 ceteris
792 2232 976 2271 ultimam
997 2233 1128 2286 operis
1154 2239 1310 2286 partem
1348 2232 1579 2287 neglexisset
1597 2249 1610 2273 :

169 2298 305 2351 itaque
326 2312 418 2337 eum
444 2299 566 2338 finem
599 2299 737 2339 fecisse
762 2298 834 2337 ubi
857 2298 1066 2352 Eunapius
1086 2312 1150 2337 res
1176 2297 1294 2351 plene
1319 2313 1485 2338 narrare
1511 2299 1613 2338 inci-

169 2363 305 2416 piebat
348 2377 433 2403 non
471 2365 627 2404 dubito.
686 2366 842 2405 Verum
876 2365 919 2403 in
949 2379 1030 2418 quo
1055 2371 1238 2418 tempore
1279 2364 1470 2404 historiae
1516 2379 1611 2404 suae

172 2429 334 2467 initium
359 2430 612 2471 constituerit
627 2460 639 2483 ‚
671 2445 718 2470 ea
738 2418 924 2484 'quaestio
944 2444 1027 2469 non
1055 2444 1180 2483 aeque
1204 2437 1311 2470 certe
1334 2430 1511 2484 expediri
1537 2445 1612 2483 po-

170 2500 273 2533 test:
310 2509 452 2548 regum
477 2503 614 2535 tamen
641 2495 837 2550 liberique
856 2495 995 2550 populi
1023 2496 1195 2535 Romani
1214 2503 1396 2550 tempora
1424 2503 1615 2535 tractasse

172 2572 255 2598 non
273 2560 509 2600 crediderim
525 2577 537 2613 3
554 2577 680 2616 quum
700 2569 864 2616 propter
875 2560 1102 2615 eclogarum
1126 2576 1172 2601 ex
1196 2563 1384 2602 universo
1410 2561 1488 2600 hoc
1510 2569 1614 2600 tem-

173 2639 270 2678 pore
294 2626 509 2679 defectum,
526 2635 613 2667 tum
633 2630 727 2682 quia
742 2642 824 2667 non
852 2627 972 2667 video
1001 2628 1100 2682 quid
1118 2627 1324 2667 hominem
1347 2628 1612 2682 Byzantinum

221 2742 281 2788 30)
307 2742 484 2789 Corippus
513 2743 558 2777 dc
586 2743 682 2777 laud.
708 2745 795 2777 Iust.
824 2745 847 2778 1.
873 2743 926 2788 24.
1022 2745 1083 2789 31)
1105 2724 1251 2790 procop.
1276 2745 1299 2777 l.
1324 2744 1347 2776 1.
1432 2744 1492 2791 32)
1517 2745 1612 2779 Her·

269 2790 408 2824 molaus
431 2790 470 2825 in
495 2790 653 2825 ethnicis
678 2790 853 2835 Stephani
877 2801 903 2825 s.
928 2801 958 2827 v.
982 2789 1148 2827 Ἀκόναι.
1219 2793 1282 2836 33)
1303 2789 1433 2825 Anecd.
1451 2791 1609 2837 16.p.47.
