1924 3164
187 1483 231 1518 V.
244 1495 312 1529 209

217 2204 329 2242 Ru·

339 156 448 230 590
696 176 921 217 PHILIPPI
963 177 1148 218 ιΑΒΒΕι
1188 177 1370 219 NOTAE

334 279 424 319 Deo
462 278 583 318 dante
603 307 614 329 ,
654 278 695 317 in
734 293 827 318 suos
864 293 989 319 annos
1032 279 1261 333 digerentur
1298 295 1323 319 a
1350 279 1466 321 nobis
1494 281 1534 321 in
1566 281 1767 324 Chronico

338 347 467 373 novae
496 335 661 372 Romae.

446 389 547 439 Pag.
561 402 626 425 21.
648 387 700 425 A.
730 386 848 440 [482
866 386 947 440 12]
977 388 1144 427 Iustinus
1165 403 1242 443 per
1274 390 1552 430 Comentzolum
1574 391 1764 432 Suamam

334 458 364 482 a
393 443 565 480 Cliosroe'
587 451 784 495 repeteret
814 444 945 492 Quem
974 443 1048 481 hoc
1075 443 1161 481 loco
1189 443 1451 496 Theophanes
1473 445 1766 486 Comentiolum

336 498 546 545 nominat,
575 497 616 533 in
644 497 775 535 Excei
776 497 853 549 ptis
878 497 1090 536 Menandri
1118 498 1360 538 Protectoris
1387 514 1478 552 pag.
1508 499 1596 550 148.
1623 501 1767 540 editio-

335 554 400 589 nis
427 552 504 602 regi
510 565 555 588 ae
585 551 730 589 dicitur
758 553 952 600 Ioannes,
997 552 1234 591 Comentioli
1263 553 1393 601 filius,
1437 562 1482 592 ut
1520 569 1677 594 necesse
1717 557 1770 595 sit

333 605 517 644 altfflntri
546 604 633 643 loco
661 606 819 645 subesse
847 606 1050 645 mendum.
1106 608 1259 646 Locum
1288 609 1498 647 Menandri
1526 609 1765 660 adscribam,

336 667 425 700 tum
450 660 560 711 quod
589 659 793 712 legationis
821 667 977 712 tempus
1016 675 1254 715 causamque
1293 663 1465 701 insinuet
1505 664 1770 716 Theophanis

337 715 465 752 nostri
484 717 701 753 narrationi
718 723 1038 766 consentaneam,
1071 724 1158 754 tum
1177 717 1285 769 quod
1306 717 1383 757 levi
1411 719 1528 756 unius
1556 718 1771 758 alteriusve

336 768 539 807 litterulae
566 772 784 809 mutatione
816 771 1015 809 sanandus
1052 772 1236 809 xideatur
1262 786 1271 809 :
1302 770 1515 818 Ἰουστΐνος
1542 769 1565 809 ὅ
1596 770 1771 823 α’νεψιός

333 821 641 863 ἫΙουστινιαιοῦ
680 826 768 863 κατ’
795 825 924 863 ἐκεῖνο
954 825 1101 876 namo&
1138 821 1342 876 Ἰωάννην
1382 824 1452 865 τὸν
1483 824 1768 876 Κομεντιόλου

334 877 431 929 (vel,
462 878 571 930 quod
590 893 670 917 non
688 880 818 918 minus
837 880 998 930 arridet,
1027 875 1098 918 τὸν
1125 879 1429 930 1(ομεντι’,ολον
1458 882 1513 919 sic
1541 883 1688 934 quippe
1709 881 1769 920 le-

333 933 510 985 gendum
537 934 723 995 arbitror,
755 949 837 973 non
865 910 1172 984 Λομεντιόλου,
1202 941 1247 972 ut
1274 934 1424 972 habent
1451 935 1556 974 edita
1570 938 1599 986 ,)
1628 949 1686 982 εις
1713 931 1767 974 τοὶ

336 987 519 1039 Περσῶν
555 981 638 1052 ⁷737
668 985 823 1028 ε’στειλε
849 985 1214 1051 πρεσβευσάμενον.
1271 986 1576 1041 παοενεγγύησε
1621 988 1667 1027 δέ
1708 985 1769 1038 οἱ,

325 1041 382 1080 ’ἐκ
406 1040 485 1091 μὲν
504 1042 580 1080 τοῦ
612 1043 825 1096 ἐμφανοῦς
853 1037 1101 1105 ανακὴουξιν
1127 1040 1397 1107 ποιήσασθαι
1412 1044 1482 1109 τῆς
1521 1043 1654 1082 αυ’τοῦ’
1700 1039 1771 1082 ἐπι

332 1091 409 1160 τὴν
450 1096 666 1145 βωσιλειὶιν
702 1093 1008 1149 ἅναγοοεύσεως
1048 1093 1153 1135 κατὰ
1196 1094 1242 1136 τὸ
1275 1093 1424 1144 εἰωθὸς
1461 1095 1684 1147 Ῥωιιαιόις
1723 1109 1772 1136 τε

335 1146 409 1188 καὶ
434 1149 656 1216 Πέρσαις,
687 1152 731 1192 ἐν
760 1151 904 1205 ταύτῃ)
934 1150 1007 1201 ὸὲ,
1037 1150 1118 1201 εἰ’7ε
1147 1153 1313 1192 nauum
1316 1149 1510 1213 καιοὸς,
1544 1149 1616 1190 καί
1656 1146 1771 1204 ἄμφι

332 1202 546 1251 Σουανίας
584 1206 749 1258 κινῆσαι
781 1190 942 1257 λόγους.
997 1204 1153 1257 ταύτην
1178 1203 1256 1258 γὰρ
1284 1221 1399 1245 ovum
1438 1203 1633 1259 Χοσρόης
1669 1205 1774 1245 dne·-

335 1256 516 1311 κράτησε
537 1257 761 1309 εἸ-’ωμιιιιοις
781 1268 868 1308 εἴα,
893 1275 994 1312 quae
1017 1260 1184 1313 Eclogas
1205 1268 1316 1299 nostr
1317 1276 1358 1299 as
1383 1261 1544 1299 mirifice
1568 1259 1772 1300 illustrant

335 1314 459 1352 nimio
487 1314 695 1354 brevitatis
713 1316 844 1354 studio
866 1315 1144 1354 subobscuras.
1201 1316 1399 1368 Equidem
1417 1315 1491 1353 sub
1511 1329 1556 1353 ea
1574 1322 1768 1367 tempora,

336 1368 514 1416 Iustino,
548 1369 713 1408 Tiberio
740 1370 1014 1422 Mauricioque
1044 1371 1328 1421 imperantibus
1350 1400 1360 1417 ‚
1407 1369 1588 1408 crebram
1617 1370 1773 1422 reperio

336 1422 575 1462 Comentioli
627 1425 870 1463 mentionem
905 1425 1011 1476 apud
1054 1425 1274 1473 Euagrium
1315 1423 1603 1462 scholasticum
1624 1453 1635 1474 ,
1701 1424 1772 1476 qui

336 1477 409 1516 lib.
441 1478 481 1517 6.
513 1492 598 1530 cap.
634 1478 696 1529 14.
741 1494 884 1532 genere
914 1480 1113 1517 Thracem
1142 1478 1287 1526 fuisse,
1339 1486 1378 1517 et
1421 1477 1724 1531 Martyropolim
1750 1492 1774 1516 e

337 1532 470 1571 Persis
495 1533 713 1585 recepisse,
754 1534 982 1585 chasque,
1012 1534 1314 1571 munitissimam
1343 1546 1505 1582 arcem,
1533 1546 1777 1585 expugnasse

336 1588 478 1635 docet,
510 1594 548 1626 et
577 1588 925 1654 Theophylactum
940 1589 1195 1627 simocattam
1226 1588 1291 1627 lib.
1314 1602 1347 1625 1.
1377 1586 1564 1625 historiae
1580 1585 1775 1652 capite4.‚

336 1643 407 1683 ubi
450 1643 596 1680 dicitur
631 1639 761 1706 ἀνὴρ
805 1641 890 1681 τῶν
918 1637 1289 1694 σωματοφυλάκων
1314 1641 1390 1680 τοῦ
1415 1639 1618 1691 βασιλέως
1646 1639 1774 1692 ὑπερ-

338 1693 596 1760 φερόμενος,
627 1691 674 1735 ὃν
703 1697 919 1747 Σκριβωνα
946 1696 994 1749 τῇ
1022 1695 1223 1735 Λατινίὸι
1267 1697 1383 1749 φωνῇ
1416 1692 1613 1744 Ῥωμαῖοι
1653 1708 1776 1733 κατο-

337 1747 564 1802 νομάζουσι
580 1779 592 1800 ,
622 1758 662 1789 et
689 1750 727 1790 5.
756 1751 796 1790 6.
830 1766 867 1804 7.
894 1750 962 1789 lib.
985 1765 1023 1789 2.
1055 1750 1122 1788 lib.
1144 1748 1183 1789 5.
1205 1764 1290 1801 cap.
1305 1764 1345 1787 2.
1379 1748 1544 1801 aliisque
1572 1749 1772 1801 deinceps.

337 1805 493 1845 Auctor
521 1805 710 1844 Chronici
741 1805 1003 1844 Alexandrini
1022 1802 1522 1853 na1rat‚Comentmlum,
1554 1803 1775 1842 Patricium

339 1868 379 1901 et
410 1861 646 1912 Magistlum
685 1859 873 1907 militiae,
916 1875 1007 1898 cum
1044 1833 1239 1897 Mamicio
1279 1858 1540 1911 pluribusque
1571 1857 1774 1897 nobilibus

339 1917 450 1955 iussu
477 1915 638 1954 Phocae
657 1917 818 1969 tyianni
840 1930 998 1954 caesum
1036 1914 1154 1952 fuisse
1182 1920 1293 1952 trans
1320 1913 1462 1951 urbem
1490 1912 1539 1950 ad
1569 1912 1611 1951 S.
1642 1912 1779 1951 Cono-

339 1971 427 2019 nis,
467 1970 656 2022 additque
685 1984 730 2008 ex
769 1971 917 2022 Magno
947 1969 1261 2021 Chr-onogmpho
1282 1997 1294 2017 ,
1324 1968 1502 2020 quisquis
1529 1966 1595 2005 ille
1625 1966 1777 2016 fuerit,

340 2025 499 2063 divinae
527 2026 569 2062 in
597 2025 839 2064 Mam-icium
859 2025 1022 2063 ultionis
1051 2037 1209 2061 causam
1239 2023 1301 2061 his
1333 2022 1498 2061 veihis.
1530 2019 1776 2086 Μαυρίκιος

335 2076 361 2117 o‘
371 2076 587 2142 βασιλεῦς
607 2080 664 2133 τῶ
693 2079 861 2132 στρατῶ
882 2074 1176 2142 Κομεντιόὶου
1207 2079 1288 2128 (sic)
1320 2074 1497 2115 ὑπέθετο
1523 2070 1568 2114 τὸ
1595 2071 1777 2125 Ῥωμαϊ-

336 2129 410 2172 κὸν
439 2118 677 2185 στράτευμα
706 2128 971 2183 παραὸουναι
999 2131 1211 2182 πολεμίοις
1240 2139 1315 2170 etc.

455 2189 560 2240 Pag.
589 2202 655 2226 21.
686 2187 737 2226 A.
763 2187 882 2241 [484,
917 2202 928 2225 1
941 2186 969 2240 .]
999 2186 1190 2225 Suamam
1222 2193 1420 2240 repeteret.
1473 2182 1532 2222 Ex
1560 2183 1775 2223 Menandri

339 2242 581 2282 Protectoris
608 2243 813 2294 Excerptis
843 2257 929 2295 pag.
951 2241 1037 2282 138.
1075 2241 1162 2304 145
1194 2239 1282 2290 14.
1321 2238 1407 2290 146.
1448 2237 1613 2290 aliisque
1653 2238 1772 2276 disci-

340 2311 455 2336 muS.
510 2299 542 2347 1)
578 2297 768 2335 Suaniam
796 2297 916 2336 fuisse
943 2297 1191 2349 piovinciam
1219 2293 1400 2333 Colchidi
1439 2293 1611 2332 vicinam
1628 2321 1639 2341 ,
1683 2306 1776 2344 par-

336 2359 500 2403 temque
541 2353 700 2390 Lazices
740 2353 844 2390 circa
887 2351 1135 2398 Caucasum,
1174 2349 1245 2406 ubi
1293 2348 1481 2387 transitus
1508 2346 1779 2399 Scytharum;

338 2406 380 2455 2)
411 2406 589 2454 Suanos,
619 2407 701 2445 sive
730 2407 880 2445 Soanos
900 2435 911 2455 ‚
943 2407 1030 2457 (sic
1061 2407 1168 2443 enim
1210 2402 1447 2467 quibusdam
1480 2401 1691 2450 dicuntur,
1733 2407 1774 2440 et

340 2459 482 2499 Prisco
514 2459 720 2511 Sophistae
748 2457 950 2500 Σουάννοι
978 2473 1070 2512 pag.
1083 2458 1154 2524 46
1170 2458 1182 2509 )
1212 2460 1304 2518 iuga
1337 2457 1499 2495 Caucasi
1527 2454 1740 2494 incolentes
1760 2484 1775 2505 ,

338 2527 425 2553 esse
453 2513 631 2560 κλῶπας,
663 2510 991 2566 λαφυραγωγοὺς
1018 2527 1087 2551 και
1120 2510 1312 2563 χαλεπῶν
1331 2507 1469 2563 ἔργων
1496 2523 1564 2548 και
1593 2503 1772 2548 α’νοσιων

341 2566 542 2620 ἐργάτας·
532 2596 543 2617 ,
576 2568 611 2616 3)
631 2575 848 2621 atempore
860 2568 1213 2630 Theodosiiusque
1240 2566 1291 2604 ad
1317 2565 1460 2604 Leonis
1474 2565 1575 2615 Imp
1596 2570 1777 2616 tempora

342 2623 539 2662 Lazorum
568 2635 677 2674 reges
709 2622 850 2661 Suanis
888 2623 1008 2661 duces
1032 2623 1307 2674 principesque
1334 2618 1509 2667 dedisse,
1540 2616 1581 2669 4)
1597 2631 1688 2656 cum
1705 2631 1777 2656 ne-

343 2684 432 2729 gata
471 2677 606 2716 fuisset
642 2690 799 2715 annona
822 2706 833 2727 ,
872 2691 993 2729 quam
1030 2690 1097 2714 rex
1137 2675 1378 2714 Colchorum
1406 2672 1547 2711 suanis
1575 2678 1776 2724 praestare

343 2730 513 2783 solebat,
539 2745 606 2771 eos
633 2731 768 2785 iniquo
789 2730 925 2770 animo
951 2730 1100 2780 tulisse,
1132 2737 1171 2770 et
1189 2729 1323 2770 Persis
1350 2741 1392 2767 se
1425 2734 1565 2780 sponte
1593 2726 1775 2766 dedisse·
1761 2754 1780 2778 ²
