<?xml version="1.0" encoding="UTF-8"?>
<!DOCTYPE html PUBLIC "-//W3C//DTD XHTML 1.0 Transitional//EN"
    "http://www.w3.org/TR/xhtml1/DTD/xhtml1-transitional.dtd">
<html xmlns="http://www.w3.org/1999/xhtml" xml:lang="en" lang="en">
 <head>
  <title>
</title>
<meta http-equiv="Content-Type" content="text/html;charset=utf-8" />
  <meta name='ocr-system' content='tesseract 3.04.00' />
  <meta name='ocr-capabilities' content='ocr_page ocr_carea ocr_par ocr_line ocrx_word'/>
</head>
<body>
  <div class='ocr_page' id='page_1' title='image "./corpusscriptorum10niebuoft/corpusscriptorum10niebuoft_0376.png"; bbox 0 0 1924 3164; ppageno 0'>
   <div class='ocr_carea' id='block_1_1' title="bbox 302 152 1150 223">
    <p class='ocr_par' dir='ltr' id='par_1_1' title="bbox 302 152 1150 223">
     <span class='ocr_line' id='line_1_1' title="bbox 302 152 1150 223; baseline -0.001 -16"><span class='ocrx_word' id='word_1_1' title='bbox 302 152 371 223; x_wconf 81' lang='lat'><strong>32</strong></span> <span class='ocrx_word' id='word_1_2' title='bbox 383 172 411 206; x_wconf 81' lang='lat'><em>2</em></span> <span class='ocrx_word' id='word_1_3' title='bbox 716 188 719 192; x_wconf 91' lang='lat'><em>-</em></span> <span class='ocrx_word' id='word_1_4' title='bbox 870 164 1150 208; x_wconf 69' lang='lat' dir='ltr'>EXCERPTA</span> 
     </span>
    </p>
   </div>
   <div class='ocr_carea' id='block_1_2' title="bbox 104 261 1818 1634">
    <p class='ocr_par' dir='ltr' id='par_1_2' title="bbox 104 261 1818 1634">
     <span class='ocr_line' id='line_1_2' title="bbox 113 261 1744 326; baseline -0.001 -13"><span class='ocrx_word' id='word_1_5' title='bbox 113 273 380 321; x_wconf 24' lang='lat' dir='ltr'><strong>Arc-577w3v</strong></span> <span class='ocrx_word' id='word_1_6' title='bbox 407 270 614 326; x_wconf 76' lang='grc' dir='ltr'><em>Περσῶν,</em></span> <span class='ocrx_word' id='word_1_7' title='bbox 652 267 743 308; x_wconf 72' lang='grc' dir='ltr'><em>ἀλλ’</em></span> <span class='ocrx_word' id='word_1_8' title='bbox 772 261 801 321; x_wconf 78' lang='grc' dir='ltr'><em>ἢ</em></span> <span class='ocrx_word' id='word_1_9' title='bbox 836 264 912 315; x_wconf 64' lang='grc' dir='ltr'><em>τὰς</em></span> <span class='ocrx_word' id='word_1_10' title='bbox 953 265 1156 309; x_wconf 73' lang='grc' dir='ltr'><em>ἀνέκαθεν</em></span> <span class='ocrx_word' id='word_1_11' title='bbox 1191 262 1414 321; x_wconf 76' lang='grc' dir='ltr'><em>τριάκοντα</em></span> <span class='ocrx_word' id='word_1_12' title='bbox 1440 268 1638 321; x_wconf 74' lang='grc' dir='ltr'><em>χιλιάδας</em></span> <span class='ocrx_word' id='word_1_13' title='bbox 1666 272 1744 310; x_wconf 80' lang='grc' dir='ltr'><strong><em>τοῦ</em></strong></span> 
     </span>
     <span class='ocr_line' id='line_1_3' title="bbox 104 322 1746 404; baseline -0.002 -26"><span class='ocrx_word' id='word_1_14' title='bbox 104 322 235 404; x_wconf 47' lang='lat'><strong>38:32}</strong></span> <span class='ocrx_word' id='word_1_15' title='bbox 250 335 290 404; x_wconf 48' lang='grc' dir='ltr'><strong>ἒξ</strong></span> <span class='ocrx_word' id='word_1_16' title='bbox 302 338 467 393; x_wconf 80' lang='grc' dir='ltr'><strong><em>χρυσοῦ</em></strong></span> <span class='ocrx_word' id='word_1_17' title='bbox 502 335 754 386; x_wconf 87' lang='grc' dir='ltr'><em>νομίσματος</em></span> <span class='ocrx_word' id='word_1_18' title='bbox 781 326 810 386; x_wconf 78' lang='grc' dir='ltr'><em>ἢ</em></span> <span class='ocrx_word' id='word_1_19' title='bbox 837 329 1058 387; x_wconf 78' lang='grc' dir='ltr'><em>προσάπαξ</em></span> <span class='ocrx_word' id='word_1_20' title='bbox 1086 331 1144 380; x_wconf 76' lang='grc' dir='ltr'><em>ὥς</em></span> <span class='ocrx_word' id='word_1_21' title='bbox 1165 329 1249 386; x_wconf 81' lang='grc' dir='ltr'><em>χρὴ</em></span> <span class='ocrx_word' id='word_1_22' title='bbox 1277 331 1385 384; x_wconf 84' lang='grc' dir='ltr'><em>μέγα</em></span> <span class='ocrx_word' id='word_1_23' title='bbox 1410 347 1454 373; x_wconf 87' lang='grc' dir='ltr'><strong>τι·</strong></span> <span class='ocrx_word' id='word_1_24' title='bbox 1479 335 1746 376; x_wconf 73' lang='grc' dir='ltr'><strong><em>καταθέσθαι</em></strong></span> 
     </span>
     <span class='ocr_line' id='line_1_4' title="bbox 113 395 1748 454; baseline -0.002 -11"><span class='ocrx_word' id='word_1_25' title='bbox 113 407 118 413; x_wconf 86' lang='grc'><strong>“</strong></span> <span class='ocrx_word' id='word_1_26' title='bbox 304 400 727 454; x_wconf 84' lang='grc' dir='ltr'><em>δικαιολογουμένων,</em></span> <span class='ocrx_word' id='word_1_27' title='bbox 767 396 812 439; x_wconf 80' lang='grc' dir='ltr'><em>τὸ</em></span> <span class='ocrx_word' id='word_1_28' title='bbox 854 401 1091 439; x_wconf 81' lang='grc' dir='ltr'><em>τελευταῖον</em></span> <span class='ocrx_word' id='word_1_29' title='bbox 1118 395 1258 447; x_wconf 81' lang='grc' dir='ltr'><em>ἔδοξεν</em></span> <span class='ocrx_word' id='word_1_30' title='bbox 1299 395 1321 438; x_wconf 82' lang='grc' dir='ltr'><em>ὃ</em></span> <span class='ocrx_word' id='word_1_31' title='bbox 1351 397 1564 453; x_wconf 81' lang='grc' dir='ltr'><em>Μεβώδης</em></span> <span class='ocrx_word' id='word_1_32' title='bbox 1590 399 1748 440; x_wconf 78' lang='grc' dir='ltr'><em>ἐπιδει-</em></span> 
     </span>
     <span class='ocr_line' id='line_1_5' title="bbox 301 460 1747 519; baseline -0.002 -10"><span class='ocrx_word' id='word_1_33' title='bbox 301 465 447 509; x_wconf 74' lang='grc' dir='ltr'><em>κνύναι</em></span> <span class='ocrx_word' id='word_1_34' title='bbox 486 466 614 519; x_wconf 74' lang='grc' dir='ltr'><em>δῆθεν</em></span> <span class='ocrx_word' id='word_1_35' title='bbox 654 466 800 512; x_wconf 66' lang='grc' dir='ltr'><em>αὐτοῖς</em></span> <span class='ocrx_word' id='word_1_36' title='bbox 837 465 884 506; x_wconf 80' lang='grc' dir='ltr'><strong>ἐκ</strong></span> <span class='ocrx_word' id='word_1_37' title='bbox 922 463 998 505; x_wconf 72' lang='grc' dir='ltr'><em>τοῦ</em></span> <span class='ocrx_word' id='word_1_38' title='bbox 1039 465 1129 504; x_wconf 88' lang='grc' dir='ltr'><em>κατ’</em></span> <span class='ocrx_word' id='word_1_39' title='bbox 1157 460 1289 503; x_wconf 72' lang='grc' dir='ltr'><em>αὐτὸν</em></span> <span class='ocrx_word' id='word_1_40' title='bbox 1327 463 1533 515; x_wconf 86' lang='grc' dir='ltr'><em>βασιλέως</em></span> <span class='ocrx_word' id='word_1_41' title='bbox 1569 464 1747 519; x_wconf 75' lang='grc' dir='ltr'><em>γράμμα</em></span> 
     </span>
     <span class='ocr_line' id='line_1_6' title="bbox 303 522 1773 587; baseline -0.003 -14"><span class='ocrx_word' id='word_1_42' title='bbox 303 527 398 587; x_wconf 70' lang='grc' dir='ltr'><em>ἄρτι</em></span> <span class='ocrx_word' id='word_1_43' title='bbox 425 530 597 582; x_wconf 85' lang='grc' dir='ltr'><em>σταλὲν,</em></span> <span class='ocrx_word' id='word_1_44' title='bbox 637 530 681 572; x_wconf 79' lang='grc' dir='ltr'><strong>ἐν</strong></span> <span class='ocrx_word' id='word_1_45' title='bbox 719 522 752 586; x_wconf 77' lang='grc' dir='ltr'><em>ᾧ</em></span> <span class='ocrx_word' id='word_1_46' title='bbox 780 531 1036 583; x_wconf 83' lang='grc' dir='ltr'><em>περιείχετο,</em></span> <span class='ocrx_word' id='word_1_47' title='bbox 1065 526 1123 577; x_wconf 74' lang='grc' dir='ltr'><em>ὥς</em></span> <span class='ocrx_word' id='word_1_48' title='bbox 1149 526 1279 584; x_wconf 81' lang='grc' dir='ltr'><em>χάριν</em></span> <span class='ocrx_word' id='word_1_49' title='bbox 1306 530 1380 583; x_wconf 81' lang='grc' dir='ltr'><strong>τῆς</strong></span> <span class='ocrx_word' id='word_1_50' title='bbox 1407 525 1514 583; x_wconf 84' lang='grc' dir='ltr'><em>πρὸς</em></span> <span class='ocrx_word' id='word_1_51' title='bbox 1541 526 1773 584; x_wconf 71' lang='grc' dir='ltr'><em>Καίσαραό</em></span> 
     </span>
     <span class='ocr_line' id='line_1_7' title="bbox 304 591 1763 653; baseline -0.001 -15"><span class='ocrx_word' id='word_1_52' title='bbox 304 596 449 653; x_wconf 81' lang='grc' dir='ltr'><em>φιλίας</em></span> <span class='ocrx_word' id='word_1_53' title='bbox 473 595 658 646; x_wconf 77' lang='grc' dir='ltr'><em>ἅνέξοιτο</em></span> <span class='ocrx_word' id='word_1_54' title='bbox 686 593 760 636; x_wconf 77' lang='grc' dir='ltr'><strong>καὶ</strong></span> <span class='ocrx_word' id='word_1_55' title='bbox 781 595 1010 650; x_wconf 80' lang='grc' dir='ltr'><em>χρημάτων</em></span> <span class='ocrx_word' id='word_1_56' title='bbox 1037 592 1156 643; x_wconf 82' lang='grc' dir='ltr'><em>ἐκτὸς</em></span> <span class='ocrx_word' id='word_1_57' title='bbox 1183 595 1228 645; x_wconf 79' lang='grc' dir='ltr'><strong>ἐξ</strong></span> <span class='ocrx_word' id='word_1_58' title='bbox 1261 594 1470 646; x_wconf 80' lang='grc' dir='ltr'><em>ἰσοτιμίας</em></span> <span class='ocrx_word' id='word_1_59' title='bbox 1498 591 1763 650; x_wconf 64' lang='grc' dir='ltr'><em>ἅναρῥῶσαν</em></span> 
     </span>
     <span class='ocr_line' id='line_1_8' title="bbox 303 658 1754 718; baseline -0.001 -14"><span class='ocrx_word' id='word_1_60' title='bbox 303 661 379 717; x_wconf 84' lang='grc' dir='ltr'><em>τήν</em></span> <span class='ocrx_word' id='word_1_61' title='bbox 408 659 588 718; x_wconf 76' lang='grc' dir='ltr'><em>εἰρήνην.</em></span> <span class='ocrx_word' id='word_1_62' title='bbox 623 663 744 703; x_wconf 81' lang='grc' dir='ltr'><em>τοῦτο</em></span> <span class='ocrx_word' id='word_1_63' title='bbox 773 660 871 702; x_wconf 77' lang='grc' dir='ltr'><em>ἐπεί</em></span> <span class='ocrx_word' id='word_1_64' title='bbox 894 658 968 714; x_wconf 87' lang='grc' dir='ltr'><strong>[οἱ]</strong></span> <span class='ocrx_word' id='word_1_65' title='bbox 999 658 1104 702; x_wconf 82' lang='grc' dir='ltr'><strong>κατοὶ</strong></span> <span class='ocrx_word' id='word_1_66' title='bbox 1131 658 1210 714; x_wconf 81' lang='grc' dir='ltr'><em>τήν</em></span> <span class='ocrx_word' id='word_1_67' title='bbox 1235 659 1436 713; x_wconf 79' lang='grc' dir='ltr'><em>βασιλίδα</em></span> <span class='ocrx_word' id='word_1_68' title='bbox 1466 660 1754 715; x_wconf 72' lang='grc' dir='ltr'><em>διεθρυλλήθη</em></span> 
     </span>
     <span class='ocr_line' id='line_1_9' title="bbox 268 722 1756 781; baseline -0.002 -13"><span class='ocrx_word' id='word_1_69' title='bbox 268 728 451 780; x_wconf 78' lang='grc' dir='ltr'><em>Βπόλιν,</em></span> <span class='ocrx_word' id='word_1_70' title='bbox 483 723 658 775; x_wconf 78' lang='grc' dir='ltr'><em>ἅπαντες</em></span> <span class='ocrx_word' id='word_1_71' title='bbox 686 722 1037 781; x_wconf 72' lang='grc' dir='ltr'><em>οἷνεπτερώθησάν</em></span> <span class='ocrx_word' id='word_1_72' title='bbox 1064 740 1135 775; x_wconf 90' lang='grc' dir='ltr'><strong>τε,</strong></span> <span class='ocrx_word' id='word_1_73' title='bbox 1173 726 1247 766; x_wconf 87' lang='grc' dir='ltr'><em>καί</em></span> <span class='ocrx_word' id='word_1_74' title='bbox 1273 722 1444 767; x_wconf 78' lang='grc' dir='ltr'><em>ἐδόκουν</em></span> <span class='ocrx_word' id='word_1_75' title='bbox 1473 724 1586 767; x_wconf 78' lang='grc' dir='ltr'><em>οἵτε</em></span> <span class='ocrx_word' id='word_1_76' title='bbox 1614 726 1659 768; x_wconf 78' lang='grc' dir='ltr'><strong>ἐν</strong></span> <span class='ocrx_word' id='word_1_77' title='bbox 1686 725 1756 767; x_wconf 60' lang='lat' dir='ltr'><strong>uff-</strong></span> 
     </span>
     <span class='ocr_line' id='line_1_10' title="bbox 303 779 1755 848; baseline -0.001 -15"><span class='ocrx_word' id='word_1_78' title='bbox 303 796 366 834; x_wconf 83' lang='grc' dir='ltr'><strong>λει</strong></span> <span class='ocrx_word' id='word_1_79' title='bbox 389 791 463 835; x_wconf 80' lang='grc' dir='ltr'><em>καί</em></span> <span class='ocrx_word' id='word_1_80' title='bbox 489 789 586 842; x_wconf 80' lang='grc' dir='ltr'><em>ὅσος</em></span> <span class='ocrx_word' id='word_1_81' title='bbox 614 793 751 848; x_wconf 74' lang='grc' dir='ltr'><em>ἕτερος</em></span> <span class='ocrx_word' id='word_1_82' title='bbox 779 787 923 845; x_wconf 74' lang='grc' dir='ltr'><em>ὅμιλος</em></span> <span class='ocrx_word' id='word_1_83' title='bbox 963 786 1043 846; x_wconf 68' lang='grc' dir='ltr'><strong>ἤδη</strong></span> <span class='ocrx_word' id='word_1_84' title='bbox 1072 787 1268 846; x_wconf 77' lang='grc' dir='ltr'><em>ἅργήσειν</em></span> <span class='ocrx_word' id='word_1_85' title='bbox 1295 788 1349 832; x_wconf 81' lang='grc' dir='ltr'><em>τὰ</em></span> <span class='ocrx_word' id='word_1_86' title='bbox 1378 792 1479 847; x_wconf 79' lang='grc' dir='ltr'><em>ξίφη</em></span> <span class='ocrx_word' id='word_1_87' title='bbox 1518 779 1592 833; x_wconf 78' lang='grc' dir='ltr'><em>καί</em></span> <span class='ocrx_word' id='word_1_88' title='bbox 1625 792 1755 844; x_wconf 79' lang='grc' dir='ltr'><em>ἐμπε-</em></span> 
     </span>
     <span class='ocr_line' id='line_1_11' title="bbox 307 851 1807 912; baseline -0.003 -12"><span class='ocrx_word' id='word_1_89' title='bbox 307 857 476 900; x_wconf 58' lang='lat' dir='ltr'><strong>&amp;odram</strong></span> <span class='ocrx_word' id='word_1_90' title='bbox 503 860 695 908; x_wconf 74' lang='grc' dir='ltr'><em>καθέξειν</em></span> <span class='ocrx_word' id='word_1_91' title='bbox 722 856 796 911; x_wconf 78' lang='grc' dir='ltr'><em>τήν</em></span> <span class='ocrx_word' id='word_1_92' title='bbox 823 853 1015 912; x_wconf 80' lang='grc' dir='ltr'><em>εἰρήνην,</em></span> <span class='ocrx_word' id='word_1_93' title='bbox 1049 857 1141 898; x_wconf 76' lang='grc' dir='ltr'><em>ἐπεὶ</em></span> <span class='ocrx_word' id='word_1_94' title='bbox 1167 855 1191 897; x_wconf 79' lang='grc' dir='ltr'><em>ὅ</em></span> <span class='ocrx_word' id='word_1_95' title='bbox 1221 858 1395 911; x_wconf 84' lang='grc' dir='ltr'><em>Καῖσαρ</em></span> <span class='ocrx_word' id='word_1_96' title='bbox 1426 851 1807 912; x_wconf 82' lang='grc' dir='ltr'><em>Περσαρμενίαςιο</em></span> 
     </span>
     <span class='ocr_line' id='line_1_12' title="bbox 307 917 1757 979; baseline -0.001 -14"><span class='ocrx_word' id='word_1_97' title='bbox 307 940 351 965; x_wconf 84' lang='grc' dir='ltr'><strong>τε</strong></span> <span class='ocrx_word' id='word_1_98' title='bbox 378 925 451 966; x_wconf 82' lang='grc' dir='ltr'><em>καί</em></span> <span class='ocrx_word' id='word_1_99' title='bbox 478 922 528 979; x_wconf 76' lang='grc' dir='ltr'><strong>δὴ</strong></span> <span class='ocrx_word' id='word_1_100' title='bbox 551 924 733 979; x_wconf 84' lang='grc' dir='ltr'><em>Ἰβηρίας</em></span> <span class='ocrx_word' id='word_1_101' title='bbox 763 924 894 977; x_wconf 70' lang='grc' dir='ltr'><em>αὕτῆς</em></span> <span class='ocrx_word' id='word_1_102' title='bbox 920 918 1170 975; x_wconf 72' lang='grc' dir='ltr'><em>ἓτοιμότατα</em></span> <span class='ocrx_word' id='word_1_103' title='bbox 1197 917 1285 975; x_wconf 84' lang='grc' dir='ltr'><em>εἶχε</em></span> <span class='ocrx_word' id='word_1_104' title='bbox 1306 923 1616 978; x_wconf 83' lang='grc' dir='ltr'><em>παραχωρῆσαι</em></span> <span class='ocrx_word' id='word_1_105' title='bbox 1635 923 1757 977; x_wconf 86' lang='grc' dir='ltr'><em>Πέρ-</em></span> 
     </span>
     <span class='ocr_line' id='line_1_13' title="bbox 309 983 1757 1045; baseline -0.003 -13"><span class='ocrx_word' id='word_1_106' title='bbox 309 1006 429 1043; x_wconf 86' lang='grc' dir='ltr'><em>σαις,</em></span> <span class='ocrx_word' id='word_1_107' title='bbox 483 991 730 1045; x_wconf 81' lang='grc' dir='ltr'><em>σαφέστατα</em></span> <span class='ocrx_word' id='word_1_108' title='bbox 773 987 1088 1040; x_wconf 75' lang='grc' dir='ltr'><em>ἐξεπιστάμενος</em></span> <span class='ocrx_word' id='word_1_109' title='bbox 1139 986 1198 1036; x_wconf 79' lang='grc' dir='ltr'><em>ὥς</em></span> <span class='ocrx_word' id='word_1_110' title='bbox 1240 983 1289 1028; x_wconf 80' lang='grc' dir='ltr'><strong>οὖ</strong></span> <span class='ocrx_word' id='word_1_111' title='bbox 1328 987 1493 1029; x_wconf 84' lang='grc' dir='ltr'><em>πώποτε</em></span> <span class='ocrx_word' id='word_1_112' title='bbox 1532 985 1757 1029; x_wconf 78' lang='grc' dir='ltr'><em>ἐνδώσοιεν</em></span> 
     </span>
     <span class='ocr_line' id='line_1_14' title="bbox 309 1051 1760 1111; baseline -0.003 -12.081"><span class='ocrx_word' id='word_1_113' title='bbox 285 1055 518 1111; x_wconf 83' lang='grc' dir='ltr'><em>τοσαύτης</em></span> <span class='ocrx_word' id='word_1_114' title='bbox 544 1056 812 1110; x_wconf 75' lang='grc' dir='ltr'><em>ἐστερημένοι</em></span> <span class='ocrx_word' id='word_1_115' title='bbox 835 1055 1007 1109; x_wconf 79' lang='grc' dir='ltr'><em>χώρας,</em></span> <span class='ocrx_word' id='word_1_116' title='bbox 1048 1053 1146 1095; x_wconf 72' lang='grc' dir='ltr'><em>οὐδέ</em></span> <span class='ocrx_word' id='word_1_117' title='bbox 1181 1067 1228 1108; x_wconf 87' lang='grc' dir='ltr'><strong>γε</strong></span> <span class='ocrx_word' id='word_1_118' title='bbox 1267 1053 1308 1095; x_wconf 85' lang='grc' dir='ltr'><strong>εἰ</strong></span> <span class='ocrx_word' id='word_1_119' title='bbox 1331 1055 1483 1103; x_wconf 88' lang='grc' dir='ltr'><em>τελέως</em></span> <span class='ocrx_word' id='word_1_120' title='bbox 1511 1051 1760 1106; x_wconf 76' lang='grc' dir='ltr'><em>κατολισθή-</em></span> 
     </span>
     <span class='ocr_line' id='line_1_15' title="bbox 310 1116 1762 1175; baseline -0.002 -12"><span class='ocrx_word' id='word_1_121' title='bbox 310 1138 377 1163; x_wconf 83' lang='grc' dir='ltr'><em>σοι</em></span> <span class='ocrx_word' id='word_1_122' title='bbox 404 1120 477 1163; x_wconf 82' lang='grc' dir='ltr'><em>καί</em></span> <span class='ocrx_word' id='word_1_123' title='bbox 502 1121 668 1175; x_wconf 75' lang='grc' dir='ltr'><em>ἐξίτηλα</em></span> <span class='ocrx_word' id='word_1_124' title='bbox 706 1117 843 1161; x_wconf 78' lang='grc' dir='ltr'><em>ἔσοιτο</em></span> <span class='ocrx_word' id='word_1_125' title='bbox 881 1116 935 1160; x_wconf 84' lang='grc' dir='ltr'><em>τοὶ</em></span> <span class='ocrx_word' id='word_1_126' title='bbox 974 1116 1201 1174; x_wconf 81' lang='grc' dir='ltr'><em>πράγματα</em></span> <span class='ocrx_word' id='word_1_127' title='bbox 1232 1121 1430 1174; x_wconf 79' lang='grc' dir='ltr'><em>Περσῶν.</em></span> <span class='ocrx_word' id='word_1_128' title='bbox 1486 1116 1588 1168; x_wconf 71' lang='grc' dir='ltr'><em>τοὺς</em></span> <span class='ocrx_word' id='word_1_129' title='bbox 1614 1118 1762 1171; x_wconf 80' lang='grc' dir='ltr'><em>μέντοι</em></span> 
     </span>
     <span class='ocr_line' id='line_1_16' title="bbox 206 1179 1814 1244; baseline -0.001 -17"><span class='ocrx_word' id='word_1_130' title='bbox 206 1191 309 1227; x_wconf 77' lang='lat' dir='ltr'>V-82</span> <span class='ocrx_word' id='word_1_131' title='bbox 320 1188 548 1244; x_wconf 79' lang='grc' dir='ltr'><em>γενεάρχας</em></span> <span class='ocrx_word' id='word_1_132' title='bbox 570 1183 919 1241; x_wconf 87' lang='grc' dir='ltr'><em>Περσαρμενίων,</em></span> <span class='ocrx_word' id='word_1_133' title='bbox 947 1183 1053 1242; x_wconf 76' lang='grc' dir='ltr'><strong>ἆλλᾴ</strong></span> <span class='ocrx_word' id='word_1_134' title='bbox 1081 1182 1163 1239; x_wconf 80' lang='grc' dir='ltr'><em>γὰρ</em></span> <span class='ocrx_word' id='word_1_135' title='bbox 1192 1185 1266 1225; x_wconf 84' lang='grc' dir='ltr'><em>καί</em></span> <span class='ocrx_word' id='word_1_136' title='bbox 1289 1182 1390 1234; x_wconf 78' lang='grc' dir='ltr'><em>τούς</em></span> <span class='ocrx_word' id='word_1_137' title='bbox 1417 1186 1475 1241; x_wconf 75' lang='grc' dir='ltr'><em>τῷ</em></span> <span class='ocrx_word' id='word_1_138' title='bbox 1502 1185 1610 1238; x_wconf 79' lang='grc' dir='ltr'><em>γένει</em></span> <span class='ocrx_word' id='word_1_139' title='bbox 1639 1179 1814 1239; x_wconf 78' lang='grc' dir='ltr'><em>σφῶνῑ5</em></span> 
     </span>
     <span class='ocr_line' id='line_1_17' title="bbox 312 1247 1763 1310; baseline -0.003 -15"><span class='ocrx_word' id='word_1_140' title='bbox 312 1252 576 1310; x_wconf 77' lang='grc' dir='ltr'><em>ἡνωμένους,</em></span> <span class='ocrx_word' id='word_1_141' title='bbox 616 1254 689 1293; x_wconf 85' lang='grc' dir='ltr'><em>καί</em></span> <span class='ocrx_word' id='word_1_142' title='bbox 716 1250 858 1299; x_wconf 77' lang='grc' dir='ltr'><em>ἅπλῶς</em></span> <span class='ocrx_word' id='word_1_143' title='bbox 885 1248 957 1292; x_wconf 85' lang='grc' dir='ltr'><strong>τόν</strong></span> <span class='ocrx_word' id='word_1_144' title='bbox 995 1248 1215 1292; x_wconf 73' lang='grc' dir='ltr'><em>ὁντιναοῦν</em></span> <span class='ocrx_word' id='word_1_145' title='bbox 1255 1250 1371 1304; x_wconf 80' lang='grc' dir='ltr'><em>οἵγε</em></span> <span class='ocrx_word' id='word_1_146' title='bbox 1409 1247 1763 1304; x_wconf 73' lang='grc' dir='ltr'><em>αὐτομολήσαντες</em></span> 
     </span>
     <span class='ocr_line' id='line_1_18' title="bbox 311 1310 1765 1375; baseline -0.003 -14"><span class='ocrx_word' id='word_1_147' title='bbox 311 1314 420 1375; x_wconf 79' lang='grc' dir='ltr'><em>ἦσαν</em></span> <span class='ocrx_word' id='word_1_148' title='bbox 445 1318 502 1367; x_wconf 81' lang='grc' dir='ltr'><em>ὥς</em></span> <span class='ocrx_word' id='word_1_149' title='bbox 525 1317 814 1372; x_wconf 59' lang='grc' dir='ltr'><em>“Ρωμαίους,</em></span> <span class='ocrx_word' id='word_1_150' title='bbox 837 1310 934 1357; x_wconf 65' lang='grc' dir='ltr'><em>οὔτε</em></span> <span class='ocrx_word' id='word_1_151' title='bbox 975 1314 1195 1358; x_wconf 78' lang='grc' dir='ltr'><em>ἐκδώσειν·</em></span> <span class='ocrx_word' id='word_1_152' title='bbox 1243 1315 1332 1357; x_wconf 74' lang='grc' dir='ltr'><em>ἀλλ’</em></span> <span class='ocrx_word' id='word_1_153' title='bbox 1372 1313 1472 1358; x_wconf 73' lang='grc' dir='ltr'><em>οῦδὲ</em></span> <span class='ocrx_word' id='word_1_154' title='bbox 1509 1313 1661 1371; x_wconf 74' lang='grc' dir='ltr'><em>ἑτέρως</em></span> <span class='ocrx_word' id='word_1_155' title='bbox 1688 1316 1765 1368; x_wconf 79' lang='grc' dir='ltr'><em>ἔμ-</em></span> 
     </span>
     <span class='ocr_line' id='line_1_19' title="bbox 311 1377 1764 1439; baseline -0.003 -12"><span class='ocrx_word' id='word_1_156' title='bbox 311 1386 516 1427; x_wconf 82' lang='grc' dir='ltr'><em>πεδώσειν</em></span> <span class='ocrx_word' id='word_1_157' title='bbox 555 1381 713 1439; x_wconf 81' lang='grc' dir='ltr'><em>ἔφασκε</em></span> <span class='ocrx_word' id='word_1_158' title='bbox 753 1380 829 1436; x_wconf 81' lang='grc' dir='ltr'><em>τήν</em></span> <span class='ocrx_word' id='word_1_159' title='bbox 868 1378 1062 1438; x_wconf 69' lang='grc' dir='ltr'><em>εἰρήνην,</em></span> <span class='ocrx_word' id='word_1_160' title='bbox 1104 1379 1149 1422; x_wconf 83' lang='grc' dir='ltr'><strong>εἴ</strong></span> <span class='ocrx_word' id='word_1_161' title='bbox 1179 1397 1226 1436; x_wconf 86' lang='grc' dir='ltr'><strong>γε</strong></span> <span class='ocrx_word' id='word_1_162' title='bbox 1262 1380 1322 1436; x_wconf 78' lang='grc' dir='ltr'><em>μή</em></span> <span class='ocrx_word' id='word_1_163' title='bbox 1363 1377 1486 1423; x_wconf 74' lang='grc' dir='ltr'><em>ἄδεια</em></span> <span class='ocrx_word' id='word_1_164' title='bbox 1513 1380 1648 1424; x_wconf 81' lang='grc' dir='ltr'><em>ἔσοιτο</em></span> <span class='ocrx_word' id='word_1_165' title='bbox 1676 1386 1764 1430; x_wconf 82' lang='grc' dir='ltr'><em>τοῖς</em></span> 
     </span>
     <span class='ocr_line' id='line_1_20' title="bbox 313 1445 1764 1504; baseline -0.004 -12"><span class='ocrx_word' id='word_1_166' title='bbox 313 1450 579 1504; x_wconf 85' lang='grc' dir='ltr'><em>βουλομένοις</em></span> <span class='ocrx_word' id='word_1_167' title='bbox 620 1451 958 1502; x_wconf 86' lang='grc' dir='ltr'><em>Περσαρμενίων</em></span> <span class='ocrx_word' id='word_1_168' title='bbox 994 1462 1041 1488; x_wconf 88' lang='grc' dir='ltr'><strong>τε</strong></span> <span class='ocrx_word' id='word_1_169' title='bbox 1081 1449 1156 1488; x_wconf 81' lang='grc' dir='ltr'><em>καί</em></span> <span class='ocrx_word' id='word_1_170' title='bbox 1196 1445 1388 1502; x_wconf 88' lang='grc' dir='ltr'><em>Ἰβήρων,</em></span> <span class='ocrx_word' id='word_1_171' title='bbox 1435 1445 1510 1502; x_wconf 82' lang='grc' dir='ltr'><em>τήν</em></span> <span class='ocrx_word' id='word_1_172' title='bbox 1556 1448 1764 1503; x_wconf 76' lang='grc' dir='ltr'><em>σφετέραν</em></span> 
     </span>
     <span class='ocr_line' id='line_1_21' title="bbox 315 1510 1818 1567; baseline -0.002 -10"><span class='ocrx_word' id='word_1_173' title='bbox 315 1512 581 1567; x_wconf 75' lang='grc' dir='ltr'><em>ἐκλιπόντας,</em></span> <span class='ocrx_word' id='word_1_174' title='bbox 620 1512 996 1555; x_wconf 71' lang='grc' dir='ltr'><em>ἄνασκευοίσασθαι</em></span> <span class='ocrx_word' id='word_1_175' title='bbox 1040 1514 1083 1560; x_wconf 79' lang='grc' dir='ltr'><em>ἐς</em></span> <span class='ocrx_word' id='word_1_176' title='bbox 1119 1510 1197 1567; x_wconf 83' lang='grc' dir='ltr'><em>τήν</em></span> <span class='ocrx_word' id='word_1_177' title='bbox 1229 1511 1478 1566; x_wconf 57' lang='grc' dir='ltr'><em>«“Ρωμαιἰον.</em></span> <span class='ocrx_word' id='word_1_178' title='bbox 1534 1510 1654 1567; x_wconf 81' lang='grc' dir='ltr'><em>λόγον</em></span> <span class='ocrx_word' id='word_1_179' title='bbox 1681 1510 1818 1567; x_wconf 71' lang='grc' dir='ltr'><em>γὰραο</em></span> 
     </span>
     <span class='ocr_line' id='line_1_22' title="bbox 318 1574 1762 1634; baseline -0.002 -13"><span class='ocrx_word' id='word_1_180' title='bbox 318 1581 398 1634; x_wconf 76' lang='grc' dir='ltr'><strong>οιῖχ</strong></span> <span class='ocrx_word' id='word_1_181' title='bbox 427 1576 578 1634; x_wconf 75' lang='grc' dir='ltr'><em>ἥκιστα</em></span> <span class='ocrx_word' id='word_1_182' title='bbox 606 1578 783 1620; x_wconf 77' lang='grc' dir='ltr'><em>ἐποιεῖτο</em></span> <span class='ocrx_word' id='word_1_183' title='bbox 811 1575 944 1619; x_wconf 74' lang='grc' dir='ltr'><em>πολύν</em></span> <span class='ocrx_word' id='word_1_184' title='bbox 972 1574 995 1618; x_wconf 81' lang='grc' dir='ltr'>ὅ</span> <span class='ocrx_word' id='word_1_185' title='bbox 1024 1580 1198 1633; x_wconf 81' lang='grc' dir='ltr'><em>Καῖσαρ</em></span> <span class='ocrx_word' id='word_1_186' title='bbox 1229 1580 1313 1619; x_wconf 76' lang='grc' dir='ltr'><em>τῶν</em></span> <span class='ocrx_word' id='word_1_187' title='bbox 1341 1577 1652 1631; x_wconf 79' lang='grc' dir='ltr'><em>ὄμωμοσμένων</em></span> <span class='ocrx_word' id='word_1_188' title='bbox 1678 1575 1762 1620; x_wconf 73' lang='grc' dir='ltr'><strong>ὑπὸ</strong></span> 
     </span>
    </p>
   </div>
   <div class='ocr_carea' id='block_1_3' title="bbox 411 1654 1767 1842">
    <p class='ocr_par' dir='ltr' id='par_1_3' title="bbox 411 1654 1767 1842">
     <span class='ocr_line' id='line_1_23' title="bbox 411 1654 1764 1703; baseline -0.001 -13"><span class='ocrx_word' id='word_1_189' title='bbox 411 1661 444 1694; x_wconf 90' lang='grc'><strong>6.</strong></span> <span class='ocrx_word' id='word_1_190' title='bbox 473 1656 697 1703; x_wconf 68' lang='grc' dir='ltr'><em>ἄναρᾁῶσαι</em></span> <span class='ocrx_word' id='word_1_191' title='bbox 730 1657 773 1691; x_wconf 91' lang='lat' dir='ltr'><strong>N.</strong></span> <span class='ocrx_word' id='word_1_192' title='bbox 788 1682 797 1697; x_wconf 93' lang='lat'><strong><em>‚</em></strong></span> <span class='ocrx_word' id='word_1_193' title='bbox 821 1654 1099 1703; x_wconf 75' lang='grc' dir='ltr'><em>α’ναθαῤῥῶσαι</em></span> <span class='ocrx_word' id='word_1_194' title='bbox 1123 1656 1218 1700; x_wconf 85' lang='lat' dir='ltr'><strong>vulg.</strong></span> <span class='ocrx_word' id='word_1_195' title='bbox 1315 1669 1346 1701; x_wconf 84' lang='lat'><strong>7.</strong></span> <span class='ocrx_word' id='word_1_196' title='bbox 1365 1657 1403 1695; x_wconf 80' lang='grc' dir='ltr'><strong>οἱ</strong></span> <span class='ocrx_word' id='word_1_197' title='bbox 1426 1658 1529 1690; x_wconf 81' lang='lat' dir='ltr'><strong>uncis</strong></span> <span class='ocrx_word' id='word_1_198' title='bbox 1554 1657 1703 1693; x_wconf 79' lang='lat' dir='ltr'><strong>inclusit</strong></span> <span class='ocrx_word' id='word_1_199' title='bbox 1726 1656 1764 1691; x_wconf 84' lang='grc' dir='ltr'><strong>Β.</strong></span> 
     </span>
     <span class='ocr_line' id='line_1_24' title="bbox 412 1702 1765 1750; baseline -0.001 -13"><span class='ocrx_word' id='word_1_200' title='bbox 412 1718 446 1750; x_wconf 85' lang='lat'><strong>9.</strong></span> <span class='ocrx_word' id='word_1_201' title='bbox 470 1703 560 1741; x_wconf 77' lang='grc' dir='ltr'><em>ὅσος</em></span> <span class='ocrx_word' id='word_1_202' title='bbox 584 1705 619 1736; x_wconf 90' lang='lat' dir='ltr'><strong>B.</strong></span> <span class='ocrx_word' id='word_1_203' title='bbox 637 1729 647 1744; x_wconf 92' lang='lat'><strong>,</strong></span> <span class='ocrx_word' id='word_1_204' title='bbox 672 1702 761 1737; x_wconf 76' lang='grc' dir='ltr'><em>ὅσοι</em></span> <span class='ocrx_word' id='word_1_205' title='bbox 784 1705 880 1747; x_wconf 82' lang='lat' dir='ltr'><strong>vulg.</strong></span> <span class='ocrx_word' id='word_1_206' title='bbox 1011 1702 1254 1748; x_wconf 74' lang='grc' dir='ltr'><em>ἐμπεδώτατα</em></span> <span class='ocrx_word' id='word_1_207' title='bbox 1272 1704 1315 1736; x_wconf 90' lang='grc' dir='ltr'><strong>Η.</strong></span> <span class='ocrx_word' id='word_1_208' title='bbox 1329 1729 1338 1743; x_wconf 91' lang='grc'><em>,</em></span> <span class='ocrx_word' id='word_1_209' title='bbox 1353 1702 1505 1749; x_wconf 73' lang='grc' dir='ltr'><em>ἐμπεδιύ·</em></span> <span class='ocrx_word' id='word_1_210' title='bbox 1526 1704 1646 1737; x_wconf 83' lang='grc' dir='ltr'><em>ταῦτα</em></span> <span class='ocrx_word' id='word_1_211' title='bbox 1668 1703 1765 1748; x_wconf 79' lang='lat' dir='ltr'><strong>vulg.</strong></span> 
     </span>
     <span class='ocr_line' id='line_1_25' title="bbox 418 1743 1767 1797; baseline -0.001 -13"><span class='ocrx_word' id='word_1_212' title='bbox 418 1763 470 1785; x_wconf 84' lang='grc' dir='ltr'><em>ιι.</em></span> <span class='ocrx_word' id='word_1_213' title='bbox 492 1753 772 1796; x_wconf 77' lang='grc' dir='ltr'><em>παραχωρῆσαι</em></span> <span class='ocrx_word' id='word_1_214' title='bbox 793 1749 979 1790; x_wconf 62' lang='lat' dir='ltr'><strong>Cantocl„</strong></span> <span class='ocrx_word' id='word_1_215' title='bbox 1002 1743 1249 1796; x_wconf 71' lang='grc' dir='ltr'><em>παραῤῥῆσαι</em></span> <span class='ocrx_word' id='word_1_216' title='bbox 1273 1751 1388 1795; x_wconf 62' lang='lat' dir='ltr'><strong>vulg„</strong></span> <span class='ocrx_word' id='word_1_217' title='bbox 1411 1752 1635 1797; x_wconf 80' lang='grc' dir='ltr'><em>παραρῦσαι</em></span> <span class='ocrx_word' id='word_1_218' title='bbox 1661 1751 1767 1795; x_wconf 85' lang='grc' dir='ltr'><em>Πέρ-</em></span> 
     </span>
     <span class='ocr_line' id='line_1_26' title="bbox 416 1793 1128 1842; baseline -0.004 -11"><span class='ocrx_word' id='word_1_219' title='bbox 416 1807 484 1834; x_wconf 84' lang='grc' dir='ltr'><strong>σας</strong></span> <span class='ocrx_word' id='word_1_220' title='bbox 508 1808 576 1842; x_wconf 86' lang='lat' dir='ltr'><strong>mg.</strong></span> <span class='ocrx_word' id='word_1_221' title='bbox 591 1797 634 1830; x_wconf 90' lang='grc' dir='ltr'><strong>Η.</strong></span> <span class='ocrx_word' id='word_1_222' title='bbox 734 1797 831 1831; x_wconf 77' lang='grc' dir='ltr'><em>13.εἰ</em></span> <span class='ocrx_word' id='word_1_223' title='bbox 853 1796 948 1837; x_wconf 77' lang='lat' dir='ltr'><strong>val„</strong></span> <span class='ocrx_word' id='word_1_224' title='bbox 973 1793 996 1838; x_wconf 83' lang='grc' dir='ltr'><strong><em>ἧ</em></strong></span> <span class='ocrx_word' id='word_1_225' title='bbox 1018 1796 1128 1842; x_wconf 83' lang='lat' dir='ltr'><strong>vulg.-</strong></span> 
     </span>
    </p>
   </div>
   <div class='ocr_carea' id='block_1_4' title="bbox 263 1874 1773 2758">
    <p class='ocr_par' dir='ltr' id='par_1_4' title="bbox 263 1874 1773 2758">
     <span class='ocr_line' id='line_1_27' title="bbox 323 1874 1767 1922; baseline -0.001 -11"><span class='ocrx_word' id='word_1_226' title='bbox 323 1879 503 1912; x_wconf 85' lang='lat' dir='ltr'><strong>Romanos</strong></span> <span class='ocrx_word' id='word_1_227' title='bbox 530 1879 595 1909; x_wconf 87' lang='lat' dir='ltr'><strong>aut</strong></span> <span class='ocrx_word' id='word_1_228' title='bbox 618 1874 857 1908; x_wconf 85' lang='lat' dir='ltr'><strong>constitutum</strong></span> <span class='ocrx_word' id='word_1_229' title='bbox 881 1874 1032 1918; x_wconf 74' lang='lat' dir='ltr'><strong>triginta</strong></span> <span class='ocrx_word' id='word_1_230' title='bbox 1055 1874 1211 1909; x_wconf 88' lang='lat' dir='ltr'><strong>millium</strong></span> <span class='ocrx_word' id='word_1_231' title='bbox 1239 1884 1431 1908; x_wconf 87' lang='lat' dir='ltr'><strong>aureorum</strong></span> <span class='ocrx_word' id='word_1_232' title='bbox 1455 1874 1632 1908; x_wconf 83' lang='lat' dir='ltr'><strong>tributum</strong></span> <span class='ocrx_word' id='word_1_233' title='bbox 1656 1879 1767 1922; x_wconf 85' lang='lat' dir='ltr'><strong>quot-</strong></span> 
     </span>
     <span class='ocr_line' id='line_1_28' title="bbox 324 1921 1765 1967; baseline -0.001 -11"><span class='ocrx_word' id='word_1_234' title='bbox 324 1925 429 1957; x_wconf 85' lang='lat' dir='ltr'>annis</span> <span class='ocrx_word' id='word_1_235' title='bbox 455 1922 613 1967; x_wconf 87' lang='lat' dir='ltr'><strong>pendere</strong></span> <span class='ocrx_word' id='word_1_236' title='bbox 631 1947 641 1962; x_wconf 93' lang='lat'>,</span> <span class='ocrx_word' id='word_1_237' title='bbox 660 1926 724 1954; x_wconf 89' lang='lat' dir='ltr'><strong>aut</strong></span> <span class='ocrx_word' id='word_1_238' title='bbox 746 1921 857 1954; x_wconf 89' lang='lat' dir='ltr'><strong>semel</strong></span> <span class='ocrx_word' id='word_1_239' title='bbox 881 1932 1046 1966; x_wconf 84' lang='lat' dir='ltr'><strong>magnam</strong></span> <span class='ocrx_word' id='word_1_240' title='bbox 1069 1921 1229 1967; x_wconf 86' lang='lat' dir='ltr'><strong>aliquam</strong></span> <span class='ocrx_word' id='word_1_241' title='bbox 1256 1922 1432 1965; x_wconf 89' lang='lat' dir='ltr'><strong>pecuniae</strong></span> <span class='ocrx_word' id='word_1_242' title='bbox 1457 1932 1630 1965; x_wconf 81' lang='lat' dir='ltr'><strong>summam</strong></span> <span class='ocrx_word' id='word_1_243' title='bbox 1645 1946 1654 1963; x_wconf 89' lang='lat'><em>‚</em></span> <span class='ocrx_word' id='word_1_244' title='bbox 1679 1926 1765 1955; x_wconf 85' lang='lat' dir='ltr'><strong>tan-</strong></span> 
     </span>
     <span class='ocr_line' id='line_1_29' title="bbox 325 1967 1766 2014; baseline -0.002 -11"><span class='ocrx_word' id='word_1_245' title='bbox 325 1970 406 2004; x_wconf 88' lang='lat' dir='ltr'><strong>dem</strong></span> <span class='ocrx_word' id='word_1_246' title='bbox 431 1969 581 2003; x_wconf 87' lang='lat' dir='ltr'><strong>Mebodi</strong></span> <span class='ocrx_word' id='word_1_247' title='bbox 612 1968 778 2001; x_wconf 82' lang='lat' dir='ltr'><strong>Romanis</strong></span> <span class='ocrx_word' id='word_1_248' title='bbox 813 1968 953 2001; x_wconf 73' lang='lat' dir='ltr'><strong>litteras</strong></span> <span class='ocrx_word' id='word_1_249' title='bbox 986 1968 1169 2001; x_wconf 85' lang='lat' dir='ltr'>Persarum</span> <span class='ocrx_word' id='word_1_250' title='bbox 1201 1968 1293 2014; x_wconf 81' lang='lat' dir='ltr'><strong>regis</strong></span> <span class='ocrx_word' id='word_1_251' title='bbox 1327 1979 1443 2012; x_wconf 89' lang='lat' dir='ltr'>nuper</span> <span class='ocrx_word' id='word_1_252' title='bbox 1470 1967 1517 2001; x_wconf 84' lang='lat' dir='ltr'><strong>ad</strong></span> <span class='ocrx_word' id='word_1_253' title='bbox 1548 1978 1586 2001; x_wconf 83' lang='lat' dir='ltr'><strong>se</strong></span> <span class='ocrx_word' id='word_1_254' title='bbox 1614 1969 1766 2013; x_wconf 81' lang='lat' dir='ltr'><strong>scriptas</strong></span> 
     </span>
     <span class='ocr_line' id='line_1_30' title="bbox 325 2013 1767 2060; baseline -0.002 -11"><span class='ocrx_word' id='word_1_255' title='bbox 325 2016 517 2050; x_wconf 80' lang='lat' dir='ltr'><strong>ostendere</strong></span> <span class='ocrx_word' id='word_1_256' title='bbox 544 2015 706 2060; x_wconf 89' lang='lat' dir='ltr'><strong>placuit,</strong></span> <span class='ocrx_word' id='word_1_257' title='bbox 733 2013 867 2060; x_wconf 86' lang='lat' dir='ltr'><strong>quibus</strong></span> <span class='ocrx_word' id='word_1_258' title='bbox 893 2025 930 2048; x_wconf 88' lang='lat' dir='ltr'><strong>se</strong></span> <span class='ocrx_word' id='word_1_259' title='bbox 955 2019 1107 2059; x_wconf 56' lang='lat' dir='ltr'><strong>propter·⁴</strong></span> <span class='ocrx_word' id='word_1_260' title='bbox 1130 2014 1293 2048; x_wconf 82' lang='lat' dir='ltr'>Caesaris</span> <span class='ocrx_word' id='word_1_261' title='bbox 1321 2015 1518 2048; x_wconf 83' lang='lat' dir='ltr'><strong>amicitiam</strong></span> <span class='ocrx_word' id='word_1_262' title='bbox 1543 2014 1654 2048; x_wconf 88' lang='lat' dir='ltr'><strong>etiam</strong></span> <span class='ocrx_word' id='word_1_263' title='bbox 1677 2014 1767 2047; x_wconf 86' lang='lat' dir='ltr'><strong>nul-</strong></span> 
     </span>
     <span class='ocr_line' id='line_1_31' title="bbox 324 2060 1766 2107; baseline -0.001 -12"><span class='ocrx_word' id='word_1_264' title='bbox 324 2064 360 2096; x_wconf 83' lang='lat' dir='ltr'><strong>la</strong></span> <span class='ocrx_word' id='word_1_265' title='bbox 385 2062 620 2107; x_wconf 84' lang='lat' dir='ltr'><strong>pecuniarum</strong></span> <span class='ocrx_word' id='word_1_266' title='bbox 643 2061 767 2094; x_wconf 86' lang='lat' dir='ltr'><strong>habita</strong></span> <span class='ocrx_word' id='word_1_267' title='bbox 802 2060 941 2097; x_wconf 87' lang='lat' dir='ltr'><strong>ratione</strong></span> <span class='ocrx_word' id='word_1_268' title='bbox 973 2061 1099 2107; x_wconf 81' lang='lat' dir='ltr'><strong>aequis</strong></span> <span class='ocrx_word' id='word_1_269' title='bbox 1135 2061 1406 2095; x_wconf 86' lang='lat' dir='ltr'><strong>conditionibus</strong></span> <span class='ocrx_word' id='word_1_270' title='bbox 1437 2072 1560 2106; x_wconf 86' lang='lat' dir='ltr'><strong>pacem</strong></span> <span class='ocrx_word' id='word_1_271' title='bbox 1584 2061 1766 2099; x_wconf 84' lang='lat' dir='ltr'><strong>facturum.</strong></span> 
     </span>
     <span class='ocr_line' id='line_1_32' title="bbox 326 2106 1769 2154; baseline -0.003 -11"><span class='ocrx_word' id='word_1_272' title='bbox 326 2121 403 2143; x_wconf 86' lang='lat' dir='ltr'><strong>esse</strong></span> <span class='ocrx_word' id='word_1_273' title='bbox 427 2109 615 2143; x_wconf 85' lang='lat' dir='ltr'><strong>indicavit.</strong></span> <span class='ocrx_word' id='word_1_274' title='bbox 665 2106 780 2140; x_wconf 74' lang='lat' dir='ltr'><strong>Huius</strong></span> <span class='ocrx_word' id='word_1_275' title='bbox 807 2108 862 2140; x_wconf 87' lang='lat' dir='ltr'><strong>rei</strong></span> <span class='ocrx_word' id='word_1_276' title='bbox 898 2108 993 2140; x_wconf 84' lang='lat' dir='ltr'><strong>fama</strong></span> <span class='ocrx_word' id='word_1_277' title='bbox 1029 2108 1250 2154; x_wconf 85' lang='lat' dir='ltr'><strong>simulatque</strong></span> <span class='ocrx_word' id='word_1_278' title='bbox 1274 2106 1320 2139; x_wconf 88' lang='lat' dir='ltr'><strong>ad</strong></span> <span class='ocrx_word' id='word_1_279' title='bbox 1341 2109 1474 2151; x_wconf 86' lang='lat' dir='ltr'><strong>regiam</strong></span> <span class='ocrx_word' id='word_1_280' title='bbox 1496 2107 1623 2141; x_wconf 87' lang='lat' dir='ltr'><strong>urbem</strong></span> <span class='ocrx_word' id='word_1_281' title='bbox 1647 2107 1769 2153; x_wconf 85' lang='lat' dir='ltr'><strong>perla-</strong></span> 
     </span>
     <span class='ocr_line' id='line_1_33' title="bbox 327 2153 1768 2199; baseline -0.002 -10"><span class='ocrx_word' id='word_1_282' title='bbox 327 2162 364 2189; x_wconf 85' lang='lat' dir='ltr'><strong>ta</strong></span> <span class='ocrx_word' id='word_1_283' title='bbox 389 2160 465 2196; x_wconf 81' lang='lat' dir='ltr'><strong>est,</strong></span> <span class='ocrx_word' id='word_1_284' title='bbox 491 2165 615 2188; x_wconf 86' lang='lat' dir='ltr'><strong>omnes</strong></span> <span class='ocrx_word' id='word_1_285' title='bbox 641 2154 768 2187; x_wconf 84' lang='lat' dir='ltr'><strong>laetati</strong></span> <span class='ocrx_word' id='word_1_286' title='bbox 794 2159 880 2187; x_wconf 87' lang='lat' dir='ltr'><strong>sunt</strong></span> <span class='ocrx_word' id='word_1_287' title='bbox 905 2159 942 2187; x_wconf 89' lang='lat' dir='ltr'><strong>et</strong></span> <span class='ocrx_word' id='word_1_288' title='bbox 967 2153 1116 2188; x_wconf 87' lang='lat' dir='ltr'><strong>Senatus</strong></span> <span class='ocrx_word' id='word_1_289' title='bbox 1143 2159 1180 2187; x_wconf 79' lang='lat' dir='ltr'><strong>et</strong></span> <span class='ocrx_word' id='word_1_290' title='bbox 1204 2154 1327 2199; x_wconf 80' lang='lat' dir='ltr'><strong>plebS,</strong></span> <span class='ocrx_word' id='word_1_291' title='bbox 1359 2164 1509 2199; x_wconf 82' lang='lat' dir='ltr'><strong>eamque</strong></span> <span class='ocrx_word' id='word_1_292' title='bbox 1539 2154 1660 2188; x_wconf 86' lang='lat' dir='ltr'><strong>animo</strong></span> <span class='ocrx_word' id='word_1_293' title='bbox 1685 2154 1768 2199; x_wconf 84' lang='lat' dir='ltr'><strong>opi-</strong></span> 
     </span>
     <span class='ocr_line' id='line_1_34' title="bbox 329 2199 1769 2247; baseline 0.001 -14"><span class='ocrx_word' id='word_1_294' title='bbox 329 2203 477 2235; x_wconf 89' lang='lat' dir='ltr'><strong>nionem</strong></span> <span class='ocrx_word' id='word_1_295' title='bbox 501 2205 785 2247; x_wconf 81' lang='lat' dir='ltr'><strong>praeceperunt,</strong></span> <span class='ocrx_word' id='word_1_296' title='bbox 812 2205 954 2245; x_wconf 87' lang='lat' dir='ltr'><strong>tempus</strong></span> <span class='ocrx_word' id='word_1_297' title='bbox 980 2199 1187 2241; x_wconf 82' lang='lat' dir='ltr'><strong>advenisse,</strong></span> <span class='ocrx_word' id='word_1_298' title='bbox 1212 2211 1285 2246; x_wconf 89' lang='lat' dir='ltr'><strong>quo</strong></span> <span class='ocrx_word' id='word_1_299' title='bbox 1310 2199 1454 2234; x_wconf 87' lang='lat' dir='ltr'><strong>ensibus</strong></span> <span class='ocrx_word' id='word_1_300' title='bbox 1480 2200 1641 2245; x_wconf 88' lang='lat' dir='ltr'><strong>quietem</strong></span> <span class='ocrx_word' id='word_1_301' title='bbox 1667 2199 1769 2234; x_wconf 86' lang='lat' dir='ltr'><strong>indi-</strong></span> 
     </span>
     <span class='ocr_line' id='line_1_35' title="bbox 331 2247 1773 2291; baseline -0.001 -10"><span class='ocrx_word' id='word_1_302' title='bbox 331 2254 478 2288; x_wconf 90' lang='lat' dir='ltr'><strong>cerent,</strong></span> <span class='ocrx_word' id='word_1_303' title='bbox 516 2254 553 2281; x_wconf 89' lang='lat' dir='ltr'><strong>et</strong></span> <span class='ocrx_word' id='word_1_304' title='bbox 580 2248 730 2280; x_wconf 84' lang='lat' dir='ltr'><strong>firmiter</strong></span> <span class='ocrx_word' id='word_1_305' title='bbox 753 2257 879 2291; x_wconf 84' lang='lat' dir='ltr'><strong>pacem</strong></span> <span class='ocrx_word' id='word_1_306' title='bbox 907 2247 1086 2281; x_wconf 89' lang='lat' dir='ltr'><strong>colerent:</strong></span> <span class='ocrx_word' id='word_1_307' title='bbox 1126 2247 1279 2280; x_wconf 84' lang='lat' dir='ltr'><strong>maxime</strong></span> <span class='ocrx_word' id='word_1_308' title='bbox 1304 2257 1383 2279; x_wconf 90' lang='lat' dir='ltr'><strong>cum</strong></span> <span class='ocrx_word' id='word_1_309' title='bbox 1407 2247 1540 2280; x_wconf 84' lang='lat' dir='ltr'><strong>Caesar</strong></span> <span class='ocrx_word' id='word_1_310' title='bbox 1564 2247 1773 2281; x_wconf 79' lang='lat' dir='ltr'><strong>Persarme-</strong></span> 
     </span>
     <span class='ocr_line' id='line_1_36' title="bbox 330 2292 1770 2338; baseline -0.001 -11"><span class='ocrx_word' id='word_1_311' title='bbox 330 2294 428 2327; x_wconf 86' lang='lat' dir='ltr'><strong>niam</strong></span> <span class='ocrx_word' id='word_1_312' title='bbox 463 2300 498 2327; x_wconf 88' lang='lat' dir='ltr'><strong>et</strong></span> <span class='ocrx_word' id='word_1_313' title='bbox 524 2294 679 2327; x_wconf 84' lang='lat' dir='ltr'><strong>Iberiam</strong></span> <span class='ocrx_word' id='word_1_314' title='bbox 714 2293 826 2327; x_wconf 84' lang='lat' dir='ltr'><strong>Persis</strong></span> <span class='ocrx_word' id='word_1_315' title='bbox 860 2294 987 2327; x_wconf 86' lang='lat' dir='ltr'><strong>cedere</strong></span> <span class='ocrx_word' id='word_1_316' title='bbox 1025 2299 1169 2338; x_wconf 86' lang='lat' dir='ltr'><strong>paratus</strong></span> <span class='ocrx_word' id='word_1_317' title='bbox 1202 2296 1306 2327; x_wconf 89' lang='lat' dir='ltr'><strong>esset.</strong></span> <span class='ocrx_word' id='word_1_318' title='bbox 1354 2292 1411 2326; x_wconf 84' lang='lat' dir='ltr'><strong>Sic</strong></span> <span class='ocrx_word' id='word_1_319' title='bbox 1442 2294 1540 2333; x_wconf 83' lang='lat' dir='ltr'><strong>enim</strong></span> <span class='ocrx_word' id='word_1_320' title='bbox 1565 2293 1770 2336; x_wconf 80' lang='lat' dir='ltr'><strong>statuebat,</strong></span> 
     </span>
     <span class='ocr_line' id='line_1_37' title="bbox 331 2338 1770 2385; baseline 0 -11"><span class='ocrx_word' id='word_1_321' title='bbox 331 2342 476 2380; x_wconf 83' lang='lat' dir='ltr'><strong>Persas,</strong></span> <span class='ocrx_word' id='word_1_322' title='bbox 514 2340 655 2374; x_wconf 83' lang='lat' dir='ltr'><strong>etiamsi</strong></span> <span class='ocrx_word' id='word_1_323' title='bbox 690 2350 813 2372; x_wconf 88' lang='lat' dir='ltr'><strong>eorum</strong></span> <span class='ocrx_word' id='word_1_324' title='bbox 843 2350 899 2373; x_wconf 88' lang='lat' dir='ltr'><strong>res</strong></span> <span class='ocrx_word' id='word_1_325' title='bbox 925 2339 1090 2385; x_wconf 87' lang='lat' dir='ltr'><strong>perditae</strong></span> <span class='ocrx_word' id='word_1_326' title='bbox 1122 2341 1242 2373; x_wconf 90' lang='lat' dir='ltr'><strong>forent</strong></span> <span class='ocrx_word' id='word_1_327' title='bbox 1265 2344 1301 2372; x_wconf 82' lang='lat' dir='ltr'><strong>et</strong></span> <span class='ocrx_word' id='word_1_328' title='bbox 1324 2338 1371 2371; x_wconf 88' lang='lat' dir='ltr'><strong>ad</strong></span> <span class='ocrx_word' id='word_1_329' title='bbox 1396 2339 1554 2372; x_wconf 84' lang='lat' dir='ltr'><strong>nihilum</strong></span> <span class='ocrx_word' id='word_1_330' title='bbox 1580 2339 1770 2380; x_wconf 67' lang='lat' dir='ltr'><strong>redactae.</strong></span> 
     </span>
     <span class='ocr_line' id='line_1_38' title="bbox 331 2384 1771 2432; baseline -0.001 -13"><span class='ocrx_word' id='word_1_331' title='bbox 331 2397 517 2431; x_wconf 85' lang='lat' dir='ltr'><strong>nunquam</strong></span> <span class='ocrx_word' id='word_1_332' title='bbox 536 2389 722 2432; x_wconf 85' lang='lat' dir='ltr'><strong>quieturos</strong></span> <span class='ocrx_word' id='word_1_333' title='bbox 736 2410 744 2426; x_wconf 95' lang='lat'>,</span> <span class='ocrx_word' id='word_1_334' title='bbox 772 2385 946 2431; x_wconf 85' lang='lat' dir='ltr'><strong>quamdiu</strong></span> <span class='ocrx_word' id='word_1_335' title='bbox 964 2385 1020 2420; x_wconf 86' lang='lat' dir='ltr'><strong>his</strong></span> <span class='ocrx_word' id='word_1_336' title='bbox 1039 2387 1149 2419; x_wconf 85' lang='lat' dir='ltr'><strong>tantis</strong></span> <span class='ocrx_word' id='word_1_337' title='bbox 1172 2384 1380 2431; x_wconf 84' lang='lat' dir='ltr'><strong>regionibus</strong></span> <span class='ocrx_word' id='word_1_338' title='bbox 1403 2387 1641 2430; x_wconf 83' lang='lat' dir='ltr'><strong>privarentur.</strong></span> <span class='ocrx_word' id='word_1_339' title='bbox 1667 2386 1771 2420; x_wconf 87' lang='lat' dir='ltr'><strong>Prin-</strong></span> 
     </span>
     <span class='ocr_line' id='line_1_39' title="bbox 333 2433 1771 2478; baseline 0 -12"><span class='ocrx_word' id='word_1_340' title='bbox 333 2434 430 2476; x_wconf 91' lang='lat' dir='ltr'><strong>cipes</strong></span> <span class='ocrx_word' id='word_1_341' title='bbox 456 2438 577 2465; x_wconf 85' lang='lat' dir='ltr'><strong>tamen</strong></span> <span class='ocrx_word' id='word_1_342' title='bbox 603 2433 954 2473; x_wconf 85' lang='lat' dir='ltr'><strong>Persarmeniorum,</strong></span> <span class='ocrx_word' id='word_1_343' title='bbox 995 2438 1031 2466; x_wconf 81' lang='lat' dir='ltr'><strong>et</strong></span> <span class='ocrx_word' id='word_1_344' title='bbox 1063 2433 1127 2478; x_wconf 89' lang='lat' dir='ltr'><strong>qui</strong></span> <span class='ocrx_word' id='word_1_345' title='bbox 1159 2433 1232 2465; x_wconf 82' lang='lat' dir='ltr'><strong>illis</strong></span> <span class='ocrx_word' id='word_1_346' title='bbox 1268 2442 1397 2476; x_wconf 85' lang='lat' dir='ltr'><strong>genere</strong></span> <span class='ocrx_word' id='word_1_347' title='bbox 1433 2433 1616 2466; x_wconf 88' lang='lat' dir='ltr'><strong>coniuncti</strong></span> <span class='ocrx_word' id='word_1_348' title='bbox 1647 2437 1771 2472; x_wconf 77' lang='lat' dir='ltr'><strong>erant,</strong></span> 
     </span>
     <span class='ocr_line' id='line_1_40' title="bbox 335 2478 1772 2524; baseline 0 -12"><span class='ocrx_word' id='word_1_349' title='bbox 335 2485 372 2513; x_wconf 85' lang='lat' dir='ltr'><strong>et</strong></span> <span class='ocrx_word' id='word_1_350' title='bbox 397 2489 543 2517; x_wconf 86' lang='lat' dir='ltr'><strong>ornnes,</strong></span> <span class='ocrx_word' id='word_1_351' title='bbox 577 2479 640 2524; x_wconf 91' lang='lat' dir='ltr'><strong>qui</strong></span> <span class='ocrx_word' id='word_1_352' title='bbox 666 2490 685 2510; x_wconf 91' lang='lat' dir='ltr'><strong>a</strong></span> <span class='ocrx_word' id='word_1_353' title='bbox 709 2479 823 2512; x_wconf 82' lang='lat' dir='ltr'><strong>Persis</strong></span> <span class='ocrx_word' id='word_1_354' title='bbox 850 2479 897 2511; x_wconf 84' lang='lat' dir='ltr'><strong>ad</strong></span> <span class='ocrx_word' id='word_1_355' title='bbox 929 2481 1104 2512; x_wconf 86' lang='lat' dir='ltr'><strong>Romanos</strong></span> <span class='ocrx_word' id='word_1_356' title='bbox 1137 2478 1399 2522; x_wconf 85' lang='lat' dir='ltr'><strong>confugissent,</strong></span> <span class='ocrx_word' id='word_1_357' title='bbox 1432 2479 1534 2512; x_wconf 90' lang='lat' dir='ltr'><strong>nullo</strong></span> <span class='ocrx_word' id='word_1_358' title='bbox 1561 2479 1667 2512; x_wconf 84' lang='lat' dir='ltr'><strong>modo</strong></span> <span class='ocrx_word' id='word_1_359' title='bbox 1696 2485 1772 2513; x_wconf 79' lang='lat' dir='ltr'><strong>tra—</strong></span> 
     </span>
     <span class='ocr_line' id='line_1_41' title="bbox 263 2524 1772 2570; baseline -0.001 -11"><span class='ocrx_word' id='word_1_360' title='bbox 263 2538 273 2551; x_wconf 74' lang='lat'><em>0</em></span> <span class='ocrx_word' id='word_1_361' title='bbox 333 2525 470 2567; x_wconf 86' lang='lat' dir='ltr'><strong>dendos</strong></span> <span class='ocrx_word' id='word_1_362' title='bbox 497 2535 573 2558; x_wconf 86' lang='lat' dir='ltr'><strong>esse</strong></span> <span class='ocrx_word' id='word_1_363' title='bbox 599 2524 743 2558; x_wconf 83' lang='lat' dir='ltr'><strong>statuit:</strong></span> <span class='ocrx_word' id='word_1_364' title='bbox 780 2526 853 2558; x_wconf 90' lang='lat' dir='ltr'><strong>imo</strong></span> <span class='ocrx_word' id='word_1_365' title='bbox 874 2535 949 2560; x_wconf 92' lang='lat' dir='ltr'><strong>non</strong></span> <span class='ocrx_word' id='word_1_366' title='bbox 974 2526 1044 2559; x_wconf 85' lang='lat' dir='ltr'><strong>alia</strong></span> <span class='ocrx_word' id='word_1_367' title='bbox 1066 2524 1276 2559; x_wconf 88' lang='lat' dir='ltr'><strong>conditione</strong></span> <span class='ocrx_word' id='word_1_368' title='bbox 1297 2535 1418 2569; x_wconf 86' lang='lat' dir='ltr'><strong>pacem</strong></span> <span class='ocrx_word' id='word_1_369' title='bbox 1445 2525 1681 2570; x_wconf 57' lang='lat' dir='ltr'><strong>servandam„</strong></span> <span class='ocrx_word' id='word_1_370' title='bbox 1699 2525 1772 2565; x_wconf 77' lang='lat' dir='ltr'><strong>nisi</strong></span> 
     </span>
     <span class='ocr_line' id='line_1_42' title="bbox 330 2571 1772 2618; baseline 0 -13"><span class='ocrx_word' id='word_1_371' title='bbox 330 2572 489 2605; x_wconf 85' lang='lat' dir='ltr'><strong>liberum</strong></span> <span class='ocrx_word' id='word_1_372' title='bbox 528 2572 575 2603; x_wconf 84' lang='lat' dir='ltr'><strong>sit</strong></span> <span class='ocrx_word' id='word_1_373' title='bbox 598 2571 854 2605; x_wconf 85' lang='lat' dir='ltr'><strong>Persarmeniis</strong></span> <span class='ocrx_word' id='word_1_374' title='bbox 893 2577 929 2605; x_wconf 85' lang='lat' dir='ltr'><strong>et</strong></span> <span class='ocrx_word' id='word_1_375' title='bbox 953 2572 1087 2612; x_wconf 82' lang='lat' dir='ltr'><strong>Iberis‚·</strong></span> <span class='ocrx_word' id='word_1_376' title='bbox 1113 2572 1177 2617; x_wconf 89' lang='lat' dir='ltr'><strong>qui</strong></span> <span class='ocrx_word' id='word_1_377' title='bbox 1211 2581 1311 2604; x_wconf 80' lang='lat' dir='ltr'><strong>suam</strong></span> <span class='ocrx_word' id='word_1_378' title='bbox 1348 2572 1500 2616; x_wconf 81' lang='lat' dir='ltr'><strong>patriam</strong></span> <span class='ocrx_word' id='word_1_379' title='bbox 1533 2571 1772 2618; x_wconf 78' lang='lat' dir='ltr'><strong>reliquerint,</strong></span> 
     </span>
     <span class='ocr_line' id='line_1_43' title="bbox 333 2617 1771 2660; baseline -0.001 -9"><span class='ocrx_word' id='word_1_380' title='bbox 333 2618 379 2651; x_wconf 86' lang='lat' dir='ltr'><strong>ad</strong></span> <span class='ocrx_word' id='word_1_381' title='bbox 402 2619 643 2651; x_wconf 87' lang='lat' dir='ltr'><strong>Romanorum</strong></span> <span class='ocrx_word' id='word_1_382' title='bbox 678 2622 797 2660; x_wconf 84' lang='lat' dir='ltr'><strong>partes</strong></span> <span class='ocrx_word' id='word_1_383' title='bbox 831 2619 999 2655; x_wconf 74' lang='lat' dir='ltr'><strong>transire,</strong></span> <span class='ocrx_word' id='word_1_384' title='bbox 1044 2618 1187 2652; x_wconf 88' lang='lat' dir='ltr'><strong>Etenim</strong></span> <span class='ocrx_word' id='word_1_385' title='bbox 1221 2617 1349 2650; x_wconf 84' lang='lat' dir='ltr'><strong>Caesar</strong></span> <span class='ocrx_word' id='word_1_386' title='bbox 1379 2618 1531 2651; x_wconf 89' lang='lat' dir='ltr'><strong>multum</strong></span> <span class='ocrx_word' id='word_1_387' title='bbox 1566 2619 1605 2651; x_wconf 86' lang='lat' dir='ltr'><strong>in</strong></span> <span class='ocrx_word' id='word_1_388' title='bbox 1629 2628 1672 2650; x_wconf 92' lang='lat' dir='ltr'><strong>eo</strong></span> <span class='ocrx_word' id='word_1_389' title='bbox 1694 2629 1771 2650; x_wconf 90' lang='lat' dir='ltr'><strong>ser-</strong></span> 
     </span>
     <span class='ocr_line' id='line_1_44' title="bbox 333 2662 1772 2709; baseline -0.002 -12"><span class='ocrx_word' id='word_1_390' title='bbox 333 2673 441 2697; x_wconf 86' lang='lat' dir='ltr'><strong>mone</strong></span> <span class='ocrx_word' id='word_1_391' title='bbox 476 2668 638 2697; x_wconf 80' lang='lat' dir='ltr'><strong>versatus</strong></span> <span class='ocrx_word' id='word_1_392' title='bbox 674 2667 747 2701; x_wconf 80' lang='lat' dir='ltr'><strong>est,</strong></span> <span class='ocrx_word' id='word_1_393' title='bbox 785 2673 805 2695; x_wconf 90' lang='lat' dir='ltr'><strong>a</strong></span> <span class='ocrx_word' id='word_1_394' title='bbox 833 2665 1035 2698; x_wconf 86' lang='lat' dir='ltr'><strong>Iustiniano</strong></span> <span class='ocrx_word' id='word_1_395' title='bbox 1061 2666 1277 2709; x_wconf 83' lang='lat' dir='ltr'><strong>Imperatore</strong></span> <span class='ocrx_word' id='word_1_396' title='bbox 1311 2664 1544 2697; x_wconf 81' lang='lat' dir='ltr'><strong>iureiurando</strong></span> <span class='ocrx_word' id='word_1_397' title='bbox 1571 2664 1678 2705; x_wconf 73' lang='lat' dir='ltr'><strong>fidem</strong></span> <span class='ocrx_word' id='word_1_398' title='bbox 1703 2662 1772 2695; x_wconf 87' lang='lat' dir='ltr'><strong>da-</strong></span> 
     </span>
     <span class='ocr_line' id='line_1_45' title="bbox 333 2709 1771 2758; baseline -0.002 -12"><span class='ocrx_word' id='word_1_399' title='bbox 333 2717 410 2746; x_wconf 77' lang='lat' dir='ltr'><strong>tam</strong></span> <span class='ocrx_word' id='word_1_400' title='bbox 441 2720 518 2745; x_wconf 78' lang='lat' dir='ltr'><strong>esse</strong></span> <span class='ocrx_word' id='word_1_401' title='bbox 554 2709 808 2746; x_wconf 83' lang='lat' dir='ltr'><strong>Persarmeniis</strong></span> <span class='ocrx_word' id='word_1_402' title='bbox 844 2715 881 2744; x_wconf 87' lang='lat' dir='ltr'><strong>et</strong></span> <span class='ocrx_word' id='word_1_403' title='bbox 911 2710 993 2754; x_wconf 81' lang='lat' dir='ltr'><strong>his,</strong></span> <span class='ocrx_word' id='word_1_404' title='bbox 1035 2712 1100 2758; x_wconf 86' lang='lat' dir='ltr'><strong>qui</strong></span> <span class='ocrx_word' id='word_1_405' title='bbox 1135 2721 1179 2744; x_wconf 85' lang='lat' dir='ltr'><strong>ex</strong></span> <span class='ocrx_word' id='word_1_406' title='bbox 1211 2709 1331 2747; x_wconf 84' lang='lat' dir='ltr'><strong>Iberia</strong></span> <span class='ocrx_word' id='word_1_407' title='bbox 1356 2710 1603 2756; x_wconf 85' lang='lat' dir='ltr'><strong>migraverant.</strong></span> <span class='ocrx_word' id='word_1_408' title='bbox 1649 2710 1771 2756; x_wconf 74' lang='lat' dir='ltr'><strong>Atque</strong></span> 
     </span>
    </p>
   </div>
  </div>
 </body>
</html>
