1924 3164
590 183 625 225 E
663 183 946 225 MENANDm
985 183 1260 227 ms'roluA.
1533 163 1649 234 425

193 299 300 346 καις,
330 286 405 327 καὶ
428 284 483 328 τὰ
510 287 589 328 τοῦ
613 287 798 339 πολέμου
827 287 1057 343 ἐλώφησεν,
1083 289 1150 344 ἐφ’
1166 281 1203 347 ᾧ
1228 286 1541 343 παραχωρῆσαι
1565 287 1738 340 μὲνΔ.0.
1758 299 1822 335 58ι

185 348 424 405 Ῥωμαίους
445 348 649 408 Ἀβάροις
674 353 752 407 τῆς
776 349 959 406 πόλεως,
983 349 1197 410 Ἀβάρους
1228 354 1276 395 δὲ
1297 353 1530 406 “Ρωμαίοις
1567 355 1648 394 τοῦ
1655 346 1734 427 ΞΙΨΙῙ)
1751 346 1792 390 ¹4

195 420 242 462 ἒν
269 419 323 474 τῇ
353 413 472 459 πόλει
511 415 724 473 πλήθους,
767 412 868 460 ἄνευ
908 421 993 461 τῶν
1034 416 1115 462 ὅσα
1153 417 1311 478 ἑκάστῳ
1349 420 1396 462 ἐν
1422 405 1701 477 περηουσίρηςι
1730 394 1815 440 ⁸⁵4

194 482 398 540 ὖπῆρχεν.
442 482 632 541 ἐπεζήτει
663 486 710 528 δὲ
739 483 763 526 ὅ
804 484 999 540 Χαγάνος
1034 485 1111 528 καί
1140 488 1269 542 τριῶν
1305 485 1411 528 ἑτῶν
1450 501 1655 544 παρῳχη-

167 551 333 605 5μένων
358 552 560 608 χρυσίον,
602 545 662 593 ὧν
690 552 768 592 ουἰι
807 551 975 609 εἰλήφει
1012 568 1057 594 τι
1092 551 1198 595 κατὰ
1239 551 1287 595 τὸ
1328 551 1534 608 σύνηθες,
1570 555 1656 595 τῶν

195 620 496 674 παρεχομένων
523 619 640 676 αὐτῷ
666 615 772 675 ὑπὲρ
801 620 878 661 τοῦ
927 616 986 674 μὴ
1025 621 1221 675 χρῆσθαι
1259 615 1418 668 ὅπλοις.
1454 614 1566 675 ἦσαν
1607 620 1655 662 δὲ

195 683 246 727 τά
276 685 469 740 εἰρηναῖα
501 683 704 740 χρήματα
733 681 892 743 ἑκάστῳ
922 683 1004 727 ἔτει
1046 680 1164 742 ἆμφί
1185 684 1382 740 χιλιάδας
1400 681 1655 742 ὄγδοήκοντα

194 751 379 807 χρυσίου
408 749 692 805 νομισμάτων.
721 748 785 793 ἔτι
811 767 857 806 γε
885 748 974 806 μὴν
1001 752 1076 793 καί
1101 751 1180 794 ἕνα
1206 750 1300 794 τινὰ
1326 754 1412 794 τῶν
1440 748 1513 793 ὕπ’
1540 747 1657 810 αὖτῷ

195 819 484 872 ταττομένων,
514 814 562 867 ὃς
588 815 888 874 προσεχώρησε
926 820 981 876 τῇ
1013 817 1245 873 Ῥωμαίων
1283 819 1469 877 πολιτείᾳ
1485 851 1499 872 ,
1537 815 1653 860 καθὰ

145 885 388 939 ιολέγεται,
434 885 483 941 τῇ
519 883 691 938 γυναικί
714 887 789 927 τοῦ
816 885 1011 927 Batavo&
1045 886 1090 936 ἐς
1129 885 1364 942 ἀφροδίσια
1415 883 1649 929 συνελθών.

191 948 324 1008 ταύτῃ
351 965 417 992 τοι
439 949 675 1006 κατάδηλον
703 951 872 1007 ἐποίησε
903 950 1099 1006 Θεόγνιδι
1133 951 1369 1008 ἕκδοθῆναί
1390 950 1430 994 οἱ
1465 949 1542 994 τὸν
1571 950 1692 993 ati-C

190 1015 380 1069 τόμολον·
413 1012 442 1072 ἦ
470 1014 549 1073 γὰρ
589 1013 642 1059 ἂν
669 1011 807 1066 ἄλλως
833 1015 893 1073 μὴ
925 1018 1150 1069 ἀνέξεσθαι
1188 1020 1293 1061 ἰδεῖν
1320 1019 1365 1068 ἐς
1400 1015 1599 1067 σπονδάς·
1630 1006 1652 1060 ὅ

195 1083 243 1125 δέ
269 1098 316 1138 γε
345 1082 637 1138 «ἐπεσήμηνεν,
667 1082 725 1133 ὥς
753 1081 780 1139 ἦ
808 1085 863 1139 γῆ
889 1085 966 1126 τοῦ
988 1084 1218 1137 “Ρωμαίων
1243 1086 1454 1139 βασιλέως
1479 1085 1654 1141 μεγίστη

194 1151 243 1191 τέ
270 1150 360 1191 ἐστι
387 1150 461 1191 καί
487 1144 688 1204 ἄπλετος,
717 1151 792 1192 καί
817 1150 876 1200 ὥς
904 1148 1161 1206 δυσεύρετόν
1186 1166 1230 1193 τι
1269 1148 1410 1207 φυγὰς
1451 1146 1560 1206 ἇνὴρ
1605 1152 1652 1194 ἓν

146 1214 310 1273 [ὄαῦτῇ
336 1213 574 1270 ἀλώμενος,
602 1216 732 1270 τυχόν
759 1217 807 1258 δὲ
835 1213 900 1259 ὅτι
928 1215 1004 1259 καί
1041 1215 1204 1275 ὀλέθρῳ
1233 1214 1335 1272 ἥλω.
1385 1215 1492 1272 πρὸς
1519 1218 1657 1259 ταῦτα

196 1281 410 1333 ἄντέλεξεν
437 1281 459 1324 ὅ
489 1280 679 1332 Βαϊανὸς
704 1281 882 1336 ὀμνύναι
924 1281 1027 1332 τούς
1063 1283 1296 1336 “Ρωμαίων
1338 1282 1558 1338 ἡγεμόνας,
1598 1280 1657 1332 ὥς

195 1344 578 1403 οἷναμαστεύσωσι,
631 1347 706 1390 καὶ
745 1348 789 1391 εἴ
820 1365 862 1391 τι
899 1345 1063 1405 εὕροιεν
1099 1346 1172 1391 τὸν
1211 1347 1385 1405 φυγάδα
1414 1382 1428 1402 ,
1469 1347 1659 1404 ’ἀποκρύ-

195 1427 344 1470 ψοιντο
373 1416 599 1469 οὐδαμῶς,
641 1416 733 1458 ἀλλ’
758 1416 805 1458 ἐκ
831 1414 985 1465 παντὸς
1010 1412 1167 1472 τρόπου
1201 1417 1426 1470 ἐγχειριεῖν
1454 1412 1583 1457 αὕτόν
1600 1415 1658 1471 τῷ

194 1483 276 1524 τῶν
297 1477 505 1539 ’Λβάρων
528 1478 743 1541 μονάρχῳ.
771 1482 812 1525 εἰ
838 1483 887 1526 δέ
910 1497 959 1538 γε
985 1479 1285 1538 τετελευτηκώς
1323 1479 1388 1538 εἴη
1409 1513 1422 1537 ,
1450 1477 1657 1540 καίιοῧτω

144 1550 401 1605 αοσημῆναι.

294 1663 325 1690 1.
347 1650 514 1700 ἐλόφησε
538 1653 634 1700 vulg.
728 1665 761 1700 9.
791 1652 1065 1702 προσεχώρησε
1090 1653 1186 1695 VaL,
1211 1652 1478 1701 προσειιόρησε
1498 1652 1612 1701 vulg:

197 1744 330 1789 Itaque
355 1744 395 1777 in
418 1742 484 1778 has
507 1745 769 1779 conventiones
802 1750 1077 1786 consenserunt,
1090 1749 1129 1780 et
1152 1744 1292 1779 bellum
1309 1745 1367 1779 his
1379 1744 1656 1781 conditionibus

198 1791 336 1831 desiit,
369 1796 412 1824 ut
447 1793 598 1826 Romani
632 1791 807 1826 Avaribus
842 1793 971 1826 urbem
1007 1792 1209 1833 dederent,
1247 1798 1286 1826 et
1317 1794 1449 1827 Avares
1486 1792 1655 1827 Romanis

199 1848 369 1878 omnem,
402 1849 496 1883 quae
531 1839 571 1871 in
595 1850 636 1873 ea
660 1845 758 1880 erat,
795 1839 1072 1873 multitudinem
1116 1839 1254 1885 absque
1296 1838 1367 1878 his,
1402 1850 1496 1885 quae
1539 1850 1657 1872 unus-

199 1885 356 1931 quisque
391 1895 517 1918 eorum
546 1886 585 1918 in
617 1886 723 1920 bonis
747 1885 921 1927 habebat,
959 1885 1211 1920 concederent.
1260 1887 1388 1931 Exegit
1424 1886 1534 1919 etiam
1560 1885 1661 1920 Cha-

198 1943 311 1976 ganus
337 1931 447 1964 trium
470 1934 750 1978 praeteritorum
779 1944 956 1966 annorum
980 1944 1126 1974 aurum,
1162 1932 1262 1978 quod
1287 1944 1361 1965 non
1384 1937 1596 1978 acceperat,
1620 1937 1660 1966 et

198 1979 257 2012 illi
294 1979 444 2012 Romani
488 1981 628 2014 solvere
668 1980 838 2014 solebant
860 2004 870 2020 ,
915 1985 957 2013 ut
999 1979 1107 2012 armis
1151 1979 1363 2012 abstineret.
1422 1980 1534 2014 Erant
1570 1990 1657 2013 vero

197 2028 398 2071 pecuniae,
423 2037 517 2071 quae
541 2039 606 2072 pro
638 2038 728 2072 pace
763 2038 988 2073 unoquoque
1022 2037 1118 2059 anno
1154 2026 1435 2070 pendebantur,
1472 2028 1521 2061 ad
1556 2031 1661 2062 octo-

198 2072 299 2118 ginta
332 2073 454 2106 'millia
487 2085 717 2108 nummorum
751 2085 954 2108 aureorum.
1039 2073 1227 2107 Praeterea
1260 2084 1352 2106 unus
1388 2084 1435 2107 ex
1469 2074 1550 2116 his,
1593 2073 1659 2119 qui

198 2119 266 2152 sub
304 2130 346 2154 eo
381 2120 623 2162 militabant,
663 2121 702 2154 in
739 2122 982 2155 Romanorum
1025 2121 1192 2165 regiones
1236 2120 1404 2166 fugerat,
1442 2122 1530 2167 quia
1555 2119 1660 2154 dice-

197 2165 307 2200 batur
342 2167 562 2201 adulterium
598 2180 680 2202 cum
729 2169 858 2202 Baiani
896 2179 1010 2201 uxore
1046 2168 1280 2201 commisisse.
1340 2167 1419 2200 Hoc
1441 2168 1660 2212 significavit

198 2213 429 2259 Theognidi‚
465 2221 502 2249 et
537 2214 609 2249 sibi
649 2217 872 2260 transfugam
915 2214 1020 2249 reddi
1058 2215 1280 2259 postulavit,
1320 2224 1436 2259 seque
1469 2226 1545 2249 non
1588 2215 1660 2249 ali-

197 2264 255 2293 ter
289 2260 477 2295 foederum
514 2263 743 2296 conditiones
775 2264 870 2296 ferre
907 2272 1013 2307 posse
1037 2261 1242 2295 affirmavit.
1298 2259 1483 2307 Theognis
1506 2273 1660 2307 respon-

201 2305 281 2347 dit,
315 2309 466 2342 Romani
498 2310 728 2354 imperatoris
759 2310 939 2345 ditionem
978 2309 1086 2354 longe
1120 2309 1269 2354 lateque
1292 2312 1443 2353 patere,
1483 2310 1523 2343 in
1555 2320 1657 2354 qua,

201 2358 396 2397 propterea
422 2355 520 2401 quod
546 2357 767 2401 amplissima
793 2363 830 2391 et
855 2356 1059 2390 vastissima
1084 2362 1198 2396 esset,
1233 2366 1289 2389 res
1316 2354 1480 2390 difficilis
1502 2356 1658 2390 inventu

200 2400 306 2441 foret*
319 2401 374 2434 vir
398 2403 483 2435 exul
512 2403 551 2436 in
575 2415 615 2437 ea
641 2415 762 2438 errans
779 2431 788 2445 ‚
826 2404 890 2449 qui
914 2404 1068 2436 fortasse
1104 2403 1214 2436 etiam
1243 2403 1316 2436 iam
1350 2403 1472 2447 periit.
1521 2402 1579 2438 Ad
1614 2414 1659 2436 ea

200 2447 356 2481 Baianus
386 2448 501 2484 dixit:
535 2451 686 2491 „Iurent
709 2451 820 2497 igitur
845 2449 995 2484 Romani
1022 2448 1145 2490 duces,
1169 2461 1207 2483 se
1235 2450 1526 2495 perquisiturus,
1562 2455 1601 2483 et
1624 2450 1657 2483 si

200 2494 420 2539 transfugam
447 2499 668 2542 repererint,
692 2509 767 2532 non
792 2498 1050 2537 occultaturos,
1081 2496 1146 2529 sed
1173 2497 1321 2531 omnino
1358 2507 1439 2530 eum
1463 2498 1504 2530 in
1527 2501 1656 2530 manus

200 2539 355 2574 Avarum
379 2544 454 2588 regi
479 2544 695 2587 traditur-0³3
733 2545 792 2580 sin
819 2549 943 2579 autem
971 2544 1047 2578 fato
1076 2544 1223 2579 functus
1257 2544 1329 2589 sit,
1352 2544 1431 2579 eius
1453 2544 1508 2579 rei
1534 2545 1656 2591 ipsum

202 2587 395 2623 certiorem
425 2591 584 2626 facturos
612 2592 724 2627 esse.''
