1924 3164
296 468 940 528 PHILIPPI
1018 466 1507 529 LABBEI

162 590 384 638 NOTAE
425 589 816 638 HISTORICAE
854 590 940 636 ET
987 590 1075 638 AN
1077 590 1606 639 IMADVERSIONES

172 685 174 688 ’
616 694 635 733 1
663 693 696 732 N
751 693 788 733 E
813 693 844 731 C
872 694 906 732 L
936 694 974 733 Ο
1006 695 1044 733 G
1072 694 1111 734 A
1140 694 1170 733 S

275 793 670 833 OLYMmonom
709 791 952 832 THEBAEI
970 822 983 846 ‚
1013 792 1244 833 CANmm
1273 793 1490 846 ιεΑυΒι,

849 881 912 910 BT

547 946 912 987 THEoPHAle
941 945 1218 985 BYZANTII.

481 1146 589 1194 Ex
655 1110 1296 1197 OLYMPIODORO)

270 1247 370 1301 Pag.
405 1248 444 1287 3.
477 1248 533 1287 A.
562 1247 626 1287 ed.
661 1247 762 1287 Par.
805 1246 904 1302 [447
928 1278 941 1300 ,
985 1246 1038 1301 1.]
1084 1247 1397 1302 Olympiodorus
1433 1248 1501 1289 hic
1527 1255 1649 1290 no-P.
1665 1255 1712 1291 88

156 1309 238 1342 ster
290 1305 451 1342 natione
489 1303 711 1357 Aegyptius
729 1333 741 1355 ,
787 1304 917 1356 patria
958 1303 1173 1342 Thebaeus
1193 1333 1205 1354 ‚
1244 1304 1435 1358 religione
1472 1309 1603 1358 genti-
1612 1302 1654 1336 V·
1668 1314 1733 1347 ¹99

158 1356 206 1396 lis
235 1387 247 1407 ‚
294 1358 539 1410 professione
586 1360 704 1411 poeta
726 1387 738 1408 ‚
795 1371 878 1396 non
925 1365 1009 1396 tam
1060 1357 1247 1397 omnibus
1299 1362 1380 1399 suis
1423 1364 1601 1402 numeris

157 1412 383 1451 absolutam
418 1412 626 1451 historiam
647 1442 658 1460 ‚
709 1425 832 1465 quam
868 1413 1132 1451 collectorum
1175 1413 1438 1454 tumultuaria
1478 1429 1601 1468 opera

155 1469 537 1506 commentariorum
563 1467 687 1506 libros
715 1468 816 1506 duos
842 1481 888 1505 ac
915 1468 1082 1521 viginti,
1121 1461 1225 1520 ὕλην
1248 1470 1482 1522 inscriptos,
1526 1485 1600 1524 po-

155 1523 325 1560 steritati
350 1522 539 1574 reliquit3
571 1536 731 1561 exorsus
758 1521 811 1560 ab
838 1536 944 1561 anno
973 1523 1175 1561 Dominici
1205 1523 1358 1562 Natalis
1375 1523 1486 1578 407„
1517 1540 1599 1579 quo

155 1575 329 1615 Honorii
347 1576 520 1630 Augusti
536 1578 632 1616 VII.
663 1576 848 1616 Consulis
873 1576 1024 1631 collega
1058 1577 1134 1616 suit
1161 1577 1412 1618 Theodosius
1443 1580 1599 1632 Iunior,

154 1644 201 1669 ex
230 1631 351 1670 fratre
375 1631 548 1671 Arcadio
576 1646 729 1685 nepos,
758 1645 886 1686 usque
914 1631 966 1671 ad
986 1646 1137 1671 annum
1163 1631 1280 1684 425„
1310 1648 1392 1687 quo
1416 1634 1599 1675 Valenti-

153 1686 312 1735 nianus,
340 1687 424 1725 eius
452 1687 624 1725 nominis
640 1687 797 1736 tertius,
828 1701 873 1725 ex
887 1685 1055 1726 Caesare
1072 1688 1295 1739 Imperator
1321 1690 1432 1729 iussu
1459 1697 1599 1743 patru-

153 1739 225 1778 elis
271 1742 333 1779 sui
359 1740 579 1779 Theodosii
609 1741 780 1794 Augusti
807 1742 959 1779 Romae
996 1741 1247 1780 renuntiatus
1283 1750 1355 1781 est.
1414 1744 1598 1785 Zosimus

154 1795 323 1844 Comes,
351 1809 434 1834 non
466 1795 650 1848 ignobilis
677 1796 914 1842 historicus,
947 1794 1018 1838 lib.
1051 1794 1090 1835 5.
1121 1810 1164 1848 p.
1184 1795 1281 1836 803.
1303 1797 1488 1838 editionis
1506 1799 1596 1852 Syl-

151 1849 396 1902 bmgianae,
424 1851 605 1888 meminit
633 1849 913 1903 Olympiodori
942 1848 1143 1900 Thebani,
1172 1864 1255 1902 quo
1284 1851 1345 1900 fit,
1379 1859 1423 1891 ut
1450 1855 1594 1893 merito

151 1905 346 1957 arguendi
375 1906 454 1943 sint
470 1934 481 1952 ‚
513 1905 583 1958 qui
611 1904 902 1958 Olympiodoro
930 1905 1136 1943 Zosimum
1154 1907 1431 1957 praemittunt.
1461 1908 1594 1948 Huius

151 1959 277 1998 verba
305 1973 352 1998 eo
383 1958 573 1998 libentius
601 1960 778 1998 exscribo
796 1989 807 2007 ‚
839 1957 950 2012 quod
976 1961 1042 1999 vix
1070 1959 1142 1998 ulli
1171 1959 1284 1999 alteri
1313 1975 1358 2000 ex
1387 1963 1562 2015 antiquis
1578 1993 1592 2014 .,

151 2015 184 2052 si
214 2028 239 2052 a
266 2014 417 2053 Photio
436 2014 674 2052 Patriarcha
703 2014 944 2064 discesseris,
974 2016 1088 2053 cuius
1113 2014 1337 2054 incredibili
1365 2015 1593 2069 diligentiae

149 2067 272 2107 huius
300 2069 549 2122 aliorumque
576 2069 777 2122 plurium,
817 2069 887 2122 qui
925 2069 1072 2107 iniuria
1098 2075 1329 2121 temporum
1356 2072 1591 2123 perierunt,

149 2122 349 2176 Excerpta
377 2124 568 2162 debemus
589 2153 601 2174 ‚
630 2131 750 2162 notus
773 2123 894 2163 fuisse
922 2124 1118 2163 videatur.
1170 2123 1236 2164 Ἐν
1264 2123 1311 2164 δὲ
1337 2123 1388 2178 τῇ
1412 2120 1592 2189 ‘Pcffls'v-

148 2191 219 2230 νη,
245 2176 500 2230 μητρόπολις
528 2177 574 2217 δὲ
591 2175 842 2229 Φλαμινίας,
869 2172 988 2225 πόλις
1014 2176 1185 2230 ἀρχαία,
1216 2177 1440 2218 Θεσσάλων
1465 2194 1590 2219 αποι-

151 2219 241 2279 κὀς,
268 2230 400 2285 “Ρήνη
428 2232 630 2284 κληθεῖσα
664 2228 735 2272 διά
763 2228 807 2272 τὸ
837 2227 1105 2283 πανταχόθεν
1131 2227 1261 2273 ’ὕδασι
1274 2232 1585 2286 περιόῥεῐσθαι,

150 2285 224 2324 καί
266 2280 348 2338 οὐχ
388 2284 446 2333 ὥς
474 2281 814 2339 Ὀλυμπιόδωρος
841 2285 864 2325 ὅ
896 2283 1082 2339 Θηβαῖός
1111 2301 1215 2339 φησι
1245 2284 1315 2327 διὰ
1347 2285 1392 2328 τὰ
1419 2283 1588 2340 ‘Pontou

150 2348 228 2379 ete.
286 2339 353 2379 Ab
390 2341 467 2380 hoc
494 2355 592 2380 vero
620 2349 757 2381 nostro
786 2342 966 2381 diversus
994 2344 1159 2380 omnino
1191 2342 1268 2381 fuit
1313 2350 1401 2382 tum
1442 2345 1587 2398 Olym-

149 2395 340 2447 piodorus
366 2395 635 2448 Philosophus
657 2426 670 2445 ,
698 2410 818 2449 quem
843 2396 1070 2436 Aristotelis
1097 2396 1282 2450 dogmata
1309 2407 1582 2451 exponentem,

150 2456 251 2489 teste
278 2450 400 2489 Suida
416 2480 427 2502 ‚
461 2451 617 2490 audivit
641 2451 809 2490 Proclus
838 2452 998 2504 Lycius,
1030 2451 1222 2505 cuiusque
1258 2460 1412 2493 exstant
1439 2454 1591 2507 aliquot

149 2506 193 2543 in
219 2504 428 2544 Platonem
454 2507 615 2559 eiusque
642 2505 880 2558 discipulum
897 2506 1125 2559 Stagiritam
1145 2510 1419 2548 commentarii
1434 2511 1580 2562 partim
1594 2518 1627 2554 Ρ.
1640 2520 1687 2566 89

150 2559 273 2609 editi,
302 2562 449 2612 partim
483 2560 637 2599 calamo
674 2561 867 2599 duntaxat
893 2562 1066 2612 exarati3
1114 2568 1199 2600 tum
1227 2563 1328 2603 alius
1358 2563 1425 2603 ille
1441 2594 1452 2611 ‚
1499 2566 1583 2604 sive

150 2613 397 2662 Monachus,
428 2616 511 2654 sive
538 2615 831 2654 Alexandrinae
859 2614 1060 2655 Ecclesiae
1086 2616 1311 2665 mannans,
1342 2620 1412 2670 qui
1443 2620 1485 2656 in
1515 2619 1583 2657 Io-

149 2667 270 2717 bum‚
311 2668 575 2710 Ecclesiasten
595 2699 607 2720 ‚
651 2670 828 2723 aliosque
863 2670 1078 2711 nonnullos
1117 2685 1251 2713 sacrae
1277 2673 1506 2727 Scripturae
1531 2673 1580 2713 li-

147 2723 243 2763 bros
272 2725 493 2765 notationes
528 2732 737 2765 catenasve
762 2727 1007 2779 conscripsit.
