1924 3164
319 187 438 257 484
898 197 1178 245 EXCERPTA

282 312 439 354 Βανιάν
476 306 591 364 παρὰ
622 302 1139 361 Χοσρόου,ιὶπαιτοῦντος
1160 335 1173 357 ,
1202 303 1335 345 αὖτοῦ
1365 303 1412 344 δὲ
1443 300 1764 353 ὕποτιθεμένου,

317 371 368 415 οὖ
395 376 538 427 μέντοι
571 373 799 419 διὸοὔντος·
834 367 947 419 ὅπως
973 386 1018 411 τε
1045 370 1071 424 ἦ
1100 368 1414 421 Μεσοποταμία
1438 368 1553 407 πᾶσα
1580 367 1766 419 ἐσείσθη,

315 442 537 496 προοιζιιιον
565 439 649 479 τῶν
678 437 1014 488 έπελευσομένων
1042 437 1180 477 κακῶν
1208 434 1426 488 γενομένη.

416 501 507 546 εὈτι
534 501 586 545 τοὶ
613 501 720 558 πρὸς
747 497 870 556 εὖρον
900 497 1052 555 ἄνεμον
1077 503 1153 543 τοῦ
1176 497 1392 547 ,Τανάϊδος
1411 499 1591 551 Τοῦρκοι
1617 499 1766 550 νέμον,-

314 587 384 614 ται
427 568 467 611 οἱ
506 569 638 611 πάλαι
667 559 952 622 ΖΙῙασσαγέται
997 559 1273 621 καλούμενοις
1316 561 1391 613 οὓς
1419 565 1593 619 Πέρσαι
1631 559 1788 620 οἷκείᾳό

312 633 478 692 γλώσσῃ
509 632 810 690 Κερμιχιίονάς
842 650 967 689 φασι.
1022 636 1096 674 καί
1137 629 1262 675 αὖτοί
1289 632 1335 673 δὲ
1363 632 1407 672 έν
1434 631 1490 687 τῷ
1524 627 1618 671 τότε
1645 630 1764 684 δῶρα

312 700 388 743 καί
422 702 620 756 πρέσβεις
661 697 767 754 πρὸς
796 701 975 752 βασιλέα
1000 695 1222 741 Ἰουστῖνον
1250 696 1453 748 ἔστειλαν,
1484 693 1672 753 δεόμενοι
1700 690 1760 746 μὴ

310 765 604 818 ὑποδέξασθαι
653 763 782 807 αὕτὸν
820 763 918 814 τούς
943 764 1168 819 Ἀβάρους.
1225 761 1246 804 ὃ
1286 765 1333 805 δὲ
1373 760 1435 804 τὰ
1467 761 1583 816 δῶρα
1622 755 1765 812 λαβὼν

311 835 386 874 καί
412 829 952 888 ἆντιφιλοφρονησοίμενος,
983 831 1193 872 ἀπέλυσεν
1240 830 1299 878 εἰς
1325 826 1377 870 τὰ
1407 829 1552 873 οἰκεῖα.
1599 830 1685 874 τοῖς
1716 824 1765 866 δὲ

304 896 514 954 ’.Αβάροις
542 894 721 952 ὕστερον
761 898 984 949 ἐλθοῦσιν,
1032 895 1104 937 καί
1131 897 1372 938 Παννονίαν
1409 895 1575 949 οἰκῆσαι
1602 889 1677 932 καὶ
1704 891 1818 945 εἶ-ῐῖο

205 967 240 1004 P.
253 980 296 1003 22
309 964 435 1020 ρήνης
462 968 604 1017 τυχεῖν
633 964 843 1024 δεομένοις
861 994 873 1016 ,
903 960 974 1003 διὰ
1018 960 1090 1004 τὸν
1131 959 1236 1018 πρὸς
1263 959 1361 1010 τοὺς
1393 957 1608 1015 Τούρκους
1635 955 1759 1010 λόγον

310 1030 384 1072 καί
412 1027 488 1078 τὰς
517 1029 732 1083 συνθήκας
761 1020 843 1069 οὐκ
865 1030 1101 1070 ἐσπείσατο.

410 1090 504 1136 ’Όιῑι
529 1089 606 1149 τὴν
635 1092 717 1136 ταῖν
755 1091 980 1148 σκωλήκων
1012 1095 1170 1148 γένεσιν
1211 1090 1319 1148 ἀνὴρ
1350 1092 1538 1147 Πέρσης,
1566 1086 1766 1144 βασιλεύ-

310 1174 428 1208 οντος
470 1153 771 1201 Ἰουστινιανόῦ
809 1158 854 1200 ἐν
882 1158 1105 1216 Βυζαντίῳ
1143 1159 1377 1210 ὑπέδειξεν,
1419 1150 1537 1198 οὔπω
1565 1152 1766 1210 πρότερον

310 1224 572 1278 ἐγνωσμένην
595 1223 835 1276 Ῥωμαίοις.
864 1219 986 1272 οὗτος
1015 1226 1062 1266 δὲ
1101 1225 1147 1266 ἐκ
1175 1225 1323 1278 Σηρῶν
1361 1220 1564 1277 ὅρμηθείς
1590 1218 1612 1261 ὅ
1642 1214 1819 1273 Πέρ-ῐό

308 1303 400 1343 σης,
428 1286 474 1330 τὸ
506 1290 675 1342 σπέρμα
703 1291 787 1330 τῶν
815 1286 1039 1344 σκωλήκων
1068 1291 1112 1331 ἐν
1140 1286 1322 1344 νάρθηκι
1349 1285 1492 1342 λαβών
1520 1285 1650 1341 μέχρι
1674 1287 1768 1326 Βυ-

309 1355 477 1406 ζαντίου
508 1352 737 1396 διεσώσατο
758 1388 771 1407 ,
827 1354 900 1395 καί
924 1357 999 1396 τοῦ
1038 1353 1161 1409 ἔαρος
1191 1351 1428 1409 ἀρξαμένου
1451 1351 1542 1395 ’έπί
1566 1350 1643 1406 τὴν
1669 1363 1768 1406 τρο-

308 1416 395 1474 φὴν
427 1420 512 1461 τῶν
542 1421 785 1472 συκαμίνων
823 1416 994 1475 φύλλων
1033 1420 1225 1475 ἐπαφῆκε
1252 1417 1306 1460 ui
1334 1418 1584 1473 ‹mappam-a?
1629 1413 1683 1458 τὰ
1713 1415 1767 1458 δὲ

306 1485 527 1540 τραφέντα
545 1488 632 1532 τοῖς
667 1483 842 1539 φύλλοις
874 1482 1164 1540 ἐπτεροφύησέ
1192 1499 1238 1525 τε
1266 1486 1341 1525 καί
1363 1479 1497 1525 τᾶλλα
1525 1479 1763 1537 εἰργάσατο.

308 1542 369 1590 ὧν
396 1545 471 1603 τήν
508 1564 555 1590 τε
581 1551 739 1603 γένεσιν
788 1550 860 1590 καί
900 1548 977 1604 τὴν
1006 1543 1210 1604 ἐργασίαν
1243 1546 1264 1589 ὃ
1307 1546 1507 1603 βασιλεὺς
1544 1538 1819 1596 Ἰουστῖνοςαο

307 1610 490 1669 ὕστερον
519 1619 604 1663 τοῖς
636 1612 838 1670 Τούρκοις
865 1615 1100 1664 ὑποδείξας
1131 1614 1393 1669 ἐθάμβησεν.
1451 1611 1491 1655 οἱ
1529 1611 1610 1667 γὰρ
1626 1613 1766 1667 Τοῦρ-

273 1684 383 1720 Βκοι
408 1678 502 1721 τότε
529 1679 584 1721 τά
631 1696 674 1721 τε
702 1681 849 1736 Σηρῶν
890 1679 1073 1736 ἐμπόρια
1110 1679 1184 1721 καί
1210 1678 1311 1728 τούς
1356 1679 1527 1731 λιμένας
1555 1682 1787 1730 κατεῖχον·-

307 1745 443 1788 rafim
472 1746 519 1787 δὲ
546 1743 645 1802 πρίν
682 1748 762 1799 μὲν
808 1747 982 1801 Πέρσαι
1027 1751 1235 1803 κατεῖχον·
1287 1741 1559 1802 Ἐφθαλιένου
1601 1745 1648 1785 δὲ
1687 1743 1765 1785 τοῦ

299 1869 387 1898 vero
421 1861 532 1896 verbo
566 1861 715 1907 quidem
750 1863 1007 1907 promitteret,
1041 1874 1115 1896 non
1147 1867 1269 1896 tamen
1302 1872 1341 1895 re
1375 1864 1587 1907 praestaret.
1638 1859 1761 1893 Refert

300 1913 341 1942 et
364 1908 404 1941 in
428 1913 506 1942 tota
534 1908 801 1953 Mesopotamia
839 1915 972 1943 terram
996 1911 1175 1950 movisse,
1199 1909 1348 1943 initium
1373 1909 1546 1943 nimirum
1572 1906 1758 1940 calamita-

300 1958 400 1995 tum,
426 1964 522 2001 quae
558 1955 774 1989 subsecutae
795 1962 891 1989 sunt.
1639 1978 1641 1982 <

396 2002 439 2034 In
467 2001 618 2040 Oriente
642 2001 690 2035 aet
722 2003 874 2035 Tanaim
900 2002 1009 2036 Turci
1035 2001 1186 2047 degunt,
1212 2000 1278 2046 qui
1301 2001 1522 2046 Massagetae
1549 1998 1754 2044 antiquitus

302 2046 412 2087 dicti,
440 2058 461 2079 a
487 2048 602 2081 Persis
627 2059 691 2081 sua
716 2048 839 2094 lingua
872 2049 1148 2091 Kermichiones
1174 2048 1416 2093 appellantur.
1467 2048 1514 2081 Hi
1539 2048 1757 2090 tempestate

301 2092 373 2126 hac
397 2094 536 2139 legatos
576 2106 657 2127 cum
692 2096 905 2129 muneribus
930 2096 977 2129 ad
1003 2095 1183 2129 Iustinum
1209 2097 1472 2139 Imperatorem
1497 2093 1683 2138 legarunt,
1711 2101 1759 2124 ne

301 2140 441 2173 Avaros
479 2140 673 2185 reciperet,
699 2142 948 2179 obsecrantes,
995 2143 1062 2175 Ille
1097 2151 1247 2173 munera
1272 2141 1432 2174 libenter
1456 2140 1620 2184 aceepit,
1641 2138 1761 2180 omniq

305 2196 380 2230 que
406 2186 497 2219 adeo
532 2187 811 2222 benevolentiae
852 2195 963 2234 atque
997 2187 1235 2221 humanitatis
1273 2198 1404 2231 genere
1431 2187 1658 2231 complexim,
1685 2183 1758 2218 do·-

303 2242 404 2265 mum
448 2233 599 2267 remisit.
659 2235 827 2281 Cumque
865 2235 972 2268 Avari
1008 2246 1094 2268 mox
1128 2235 1384 2275 accessissent,
1432 2233 1496 2279 qui
1530 2231 1757 2276 Pannoniam

303 2277 495 2320 habitare,
533 2291 696 2327 paceque
734 2282 807 2324 frui
839 2282 1081 2315 Romanorum
1114 2281 1381 2325 precabantur,
1407 2278 1454 2312 ob
1480 2278 1602 2312 datam
1626 2277 1756 2312 Turciz

303 2323 416 2357 fidem
452 2330 647 2372 pactasque
673 2327 901 2362 conditiones
939 2328 1122 2374 repulsam
1149 2328 1324 2361 tulerunt.
1756 2334 1758 2337 '

397 2371 622 2417 Bombycum
647 2374 823 2418 originem
849 2373 959 2408 homo
986 2374 1134 2421 quidam
1160 2374 1283 2414 Persa,
1309 2372 1509 2405 Iustiniano
1538 2373 1756 2416 imperante,

305 2417 630 2463 Constantinopoli
661 2421 844 2461 ostendit,
879 2432 1064 2467 nunquam
1097 2426 1203 2454 antea
1236 2420 1401 2453 Romanis
1439 2420 1629 2461 cognitam.
1688 2417 1757 2450 Hie

304 2463 420 2499 Persa
445 2475 464 2496 e
493 2465 618 2499 Serum
647 2467 793 2509 regione
829 2468 1014 2511 profectus
1045 2467 1218 2501 vermium
1250 2475 1371 2499 semen
1405 2465 1520 2498 ferula
1553 2464 1756 2506 inclusum,

307 2508 664 2556 Constantinopolim
701 2513 839 2546 salvum
876 2515 1105 2560 deportavit,
1140 2525 1181 2547 ac
1213 2523 1296 2546 vere
1328 2512 1479 2544 ineunte
1523 2513 1563 2545 in
1599 2510 1755 2544 alimen·
1809 2535 1811 2539 .

307 2560 388 2588 tum
412 2557 506 2589 mori
539 2558 637 2591 soliis
669 2561 807 2592 Seml'la
833 2561 1026 2605 imposuit:
1059 2571 1151 2606 quae
1178 2559 1277 2593 foliis
1304 2558 1462 2598 nutrita,
1485 2563 1522 2591 et
1546 2558 1584 2590 in
1609 2556 1684 2589 alas
1709 2567 1750 2591 se

307 2601 529 2643 induerunt,
553 2609 589 2636 et
616 2605 704 2636 mire
729 2613 928 2650 coeperunt
954 2607 1106 2651 operari.
1167 2607 1257 2651 Ergo
1290 2603 1506 2647 bombycum
1539 2609 1657 2650 ortum
1694 2607 1757 2637 te-

309 2648 496 2696 xendique
521 2650 710 2683 artificium
738 2662 817 2684 cum
842 2659 926 2697 post
951 2654 1079 2686 'l'urcis
1104 2653 1263 2686 Iustinus
1287 2651 1485 2694 Imperator
1509 2650 1752 2691 ostendisset,

309 2694 544 2730 vehementer
560 2696 838 2740 obstupuerunt:
859 2711 943 2732 nam
957 2700 1084 2733 Serum
1099 2699 1156 2732 illi
1176 2704 1252 2732 tum
1266 2698 1425 2743 emporia
1439 2702 1637 2742 portusque
1650 2701 1754 2730 tene-

311 2739 423 2785 bant,
448 2753 541 2790 quae
557 2743 684 2779 Persae
708 2745 809 2791 prius
829 2749 1032 2780 tenuerant.
1057 2745 1302 2791 Ephthalanus
1326 2744 1436 2787 enim,
1460 2741 1753 2791 Ephthalitarum
