1924 3164
624 139 659 178 Ε
697 135 982 180 MENANDm
1026 138 1299 181 HISTORIA.
1567 121 1640 188 34
1654 142 1671 174 1

339 238 414 292 λβ.
462 234 552 282 Ότι
582 237 753 294 Θεόγνις
783 241 877 282 ἐπεὶ
901 242 946 283 ἐν
980 238 1125 282 Κασία
1153 257 1224 282 και
1262 237 1552 297 Καρβωναράι
1589 245 1728 288 ταῖςΑ.
1747 246 1784 279 C.
1798 246 1865 281 530

227 301 370 360 νήσοις
397 306 577 360 ἐγένετο,
609 303 743 360 λόγων
771 303 886 363 αυτῷ
912 308 1169 361 κινηθέντων
1195 322 1292 362 περι
1319 307 1526 360 σπονδω),
1549 321 1681 362 προσ-
1694 293 1854 376 ,Ῑὲῖεζὸῧ

226 373 409 422 εδεᾛξατο
483 375 825 428 παραγενομένου
873 389 920 414 τε
960 374 1036 414 τοῦ
1073 363 1266 415 Βαῖανοῧ
1305 371 1380 415 καὶ
1422 373 1496 414 τοῦ
1550 371 1679 414 ἵππου

227 433 533 493 ἀποβεβηκότος
549 471 562 490 ,
589 440 782 493 τεθείσης
811 437 851 480 οἶ
881 440 1095 494 καθέδρας
1117 441 1281 495 χρυσῆς
1308 436 1489 491 ἓνιζάνει
1518 439 1680 492 αὐτοῦ,

1265 507 1286 517 Α·
1328 501 1347 517 (Ἰ

200 500 276 545 5ἒκ
306 504 512 545 διαλίθων
538 501 806 560 ὑφασμάτων
833 507 1140 560 σκευασθείσης
1169 507 1284 546 αὕτω
1314 520 1453 559 ωσπερ
1494 503 1682 559 καλύβης

222 566 347 619 τινός.
405 568 511 611 daza*
541 569 620 626 γὰρ
650 571 726 611 καί
752 567 892 626 ὥσπερ
935 571 1025 612 ἀντ’
1048 567 1255 626 ἐρύματος
1282 568 1362 625 πρὸ
1391 587 1474 613 των
1501 571 1724 624 στέρνωνῦ

224 637 345 692 αὐτῷ
373 634 447 676 καί
471 636 548 678 τοῦ
577 634 807 691 προσώπου
835 633 1148 691 προῦβαλλοντο
1173 635 1382 695 θυρεοὺς,
1424 635 1497 678 διὰ
1538 635 1586 684 τὸ
1617 628 1679 691 μὴ

225 701 471 752 ἕκτοξεῦσαι
492 701 738 754 ἷΡωμαίους
764 701 898 756 τυχὸν
926 699 1039 744 οὕτω
1068 701 1122 757 δὴ
1147 701 1309 758 ἀθρόον
1337 705 1381 753 ἐς
1408 699 1548 745 αὐτόν.
1576 700 1683 757 οἷτὰρ

226 767 271 807 οἵ
297 781 343 820 γε
374 762 491 823 ἆμφί
520 764 694 822 Θεόγνιν
721 766 1076 825 παραγενόμενοι,
1106 769 1250 823 βραχύ
1278 785 1319 811 τι
1347 770 1586 825 α’φεσταῗτες
1611 770 1690 810 τοῦ

177 833 389 888 Ιοχωρίου
404 866 418 885 ,
451 832 521 875 ἵνα
550 832 574 874 ὅ
604 833 797 884 Βαϊανὸς
840 833 1091 891 ἐφεζόμενος
1126 830 1178 891 ἦν
1199 868 1211 890 ,
1240 835 1443 889 διελέγετο
1471 831 1685 892 ἑρμηνέων

226 893 399 941 Οἷῖννων
438 897 518 948 τὰς
555 901 717 949 πίστεις
763 900 1107 957 διεσαφηνίζοντο
1142 899 1242 956 περὶ
1274 902 1479 943 σπονδῶν.
1554 903 1636 942 καῖ’
1661 900 1686 942 ὅ

220 964 300 1017 μὲν
336 963 526 1014 Βαϊανός
567 963 728 1021 ἔφασκε
769 967 856 1008 δεῖν
904 967 1093 1009 ὑπείκειν
1128 966 1168 1008 οἷ
1200 966 1447 1020 “Ρωμαιὀυς
1489 966 1686 1022 α’μαχητί

220 1031 301 1072 τοῦ
341 1032 546 1086 Σιρμίου,
592 1028 661 1076 οἶα
707 1030 758 1087 δὴ
801 1029 849 1073 τὸ
889 1031 1038 1075 λοιπὸν
1073 1034 1284 1089 μηδεμιᾶς
1327 1032 1685 1088 ὑπολελειμμένης

220 1097 414 1151 μηχανῆς
442 1095 485 1145 ἐς
510 1095 558 1139 τὸ
588 1095 648 1152 μη
680 1097 843 1139 ἁλῶναι
870 1096 917 1140 τὰ
949 1093 1071 1140 ἄστυ.
1127 1097 1230 1155 πρὸς
1256 1100 1315 1156 τῷ
1344 1097 1418 1140 καί
1443 1101 1526 1140 τῶν
1555 1100 1686 1152 οἰναγ-

170 1158 353 1203 ῐόκαίων
387 1163 546 1205 θᾶττον
583 1162 986 1218 υποβληθησεσθαι,
1028 1165 1150 1206 τοῦτο
1191 1166 1271 1217 μὲν
1308 1163 1354 1215 εξ
1397 1164 1558 1220 ἆμφοιν
1594 1170 1684 1206 τοῖν

217 1234 365 1284 μεροῖν
391 1229 677 1284 κεκωλυμένης
706 1228 816 1285 αὐτῇ
843 1230 915 1284 τῆς
943 1231 1253 1282 σιτοπομπίας,
1279 1232 1407 1272 τοῦτο
1435 1232 1483 1271 δὲ
1511 1247 1583 1272 και
1613 1231 1686 1285 τῆς

217 1297 301 1336 τῶν
329 1289 524 1351 Ἀβάρων
559 1292 777 1348 δυνάμεως
818 1297 878 1352 τσῦ
906 1295 1077 1353 πολέμω
1117 1294 1179 1350 μὴ
1212 1293 1516 1350 υποχαλώσης,
1557 1311 1683 1349 αχρις

218 1376 267 1402 ου
287 1359 530 1417 υποχείριον
550 1358 788 1415 ποιήσοιντο
814 1377 892 1416 την
920 1358 1058 1402 πόλιν.
1096 1361 1385 1416 προύβάλλετο
1415 1361 1462 1402 δὲ
1488 1362 1567 1402 καί
1587 1373 1731 1405 τιναΙ)

218 1424 496 1483 ευπρόσωπον
536 1428 678 1469 αιτιάν
720 1428 798 1468 τοῦ
836 1426 1016 1482 ἱμείρειν
1046 1426 1249 1469 δεσπόσαι
1277 1429 1356 1469 τοῦ
1385 1443 1572 1480 αστεως,
1604 1424 1677 1467 διοὶ

163 1489 263 1534 20τὸ
305 1491 364 1547 μή
412 1492 707 1545 αὔτομόλους
711 1493 758 1534 ἐκ
799 1509 874 1571 της
905 1493 1140 1548 ’Λβαρικῆς
1167 1496 1395 1549 στρατιᾶς,
1439 1490 1681 1548 ἆγχιθύρου

219 1573 346 1614 ουσης
372 1576 443 1614 της
468 1556 657 1613 πόλεως,
697 1555 878 1608 ἑαυτοῦς
916 1556 1129 1601 ἐνδιδόναι
1153 1558 1396 1612 Ῥωμαίοις.
1451 1557 1614 1601 τούτων
1642 1555 1684 1599 οἱ

315 1672 345 1694 1.
377 1659 549 1705 Θεόγνις,
575 1661 639 1702 sic,
664 1660 954 1706 παροξυτόνως;
979 1661 1080 1716 quod
1113 1661 1152 1694 in
1181 1660 1430 1705 scriptoreVI.
1459 1659 1594 1692 saeculi
1618 1669 1682 1691 ex·

314 1707 436 1741 euntis
473 1713 617 1740 mutare
649 1709 776 1749 nolui,
818 1711 994 1754 antiquae
1025 1709 1066 1741 in
1092 1707 1221 1741 eodem
1256 1707 1403 1741 nomine
1428 1707 1582 1739 rationis
1607 1717 1682 1738 nou

311 1755 468 1787 nescius.
493 1753 536 1787 N.
633 1756 665 1789 5.
696 1754 882 1789 διαλίθων
907 1756 949 1788 H.
961 1766 1043 1799 mg„
1071 1753 1141 1788 δύο
1168 1756 1291 1788 λίθων
1322 1754 1417 1797 vulg.
1497 1765 1531 1798 9
1559 1764 1596 1786 τι
1620 1754 1656 1785 Β.
1672 1777 1682 1790 ,

312 1809 352 1833 τε
377 1800 474 1845 vulg.
598 1813 648 1834 ιο.
687 1799 898 1849 διελέγετο]
930 1801 980 1835 δι’
1007 1803 1067 1842 Β.,
1109 1800 1324 1845 διελέγοντο
1355 1802 1397 1834 H.
1560 1793 1680 1843 14.τό

309 1847 404 1891 vulg.
477 1846 556 1893 καὶ]
584 1849 648 1880 καὶ
673 1847 815 1881 σπάνει
834 1848 877 1881 N.
955 1849 1004 1882 15.
1018 1846 1405 1889 ἄποκλεισθιίσεσθαι
1430 1847 1470 1884 Β
1489 1857 1556 1891 pro
1585 1845 1682 1878 ὑπο-

309 1894 418 1937 βληθ.
511 1905 566 1928 aa.
592 1891 707 1931 αὕτὸς
732 1896 773 1928 N.
787 1919 798 1935 ,
825 1894 924 1939 αὐτῷ
950 1895 1045 1939 vulg.

314 1984 369 2017 32.
418 1981 603 2026 Theognis
629 1981 695 2014 ubi
721 1983 760 2015 in
787 1981 929 2015 Casiam
965 1987 1002 2015 et
1028 1979 1292 2015 carbonariam
1321 1981 1460 2014 insulas
1487 1982 1679 2026 pervenit,

218 2040 403 2063 sermones
430 2029 476 2062 ad
501 2041 559 2069 se,
585 2034 626 2061 ut
650 2028 797 2062 foedera
826 2029 980 2069 fierent,
1006 2027 1146 2061 delatos
1174 2028 1342 2073 excepit:
1369 2028 1496 2074 itaque
1522 2029 1678 2061 Baianus

218 2076 388 2117 advenit,
415 2080 452 2108 et
478 2076 522 2109 de
547 2086 642 2120 equo
663 2075 914 2129 descendens,
939 2076 978 2108 in
1003 2076 1093 2107 sella
1117 2085 1226 2107 aurea
1256 2074 1440 2115 consedit,
1468 2086 1562 2119 quae
1587 2079 1679 2107 stra-

242 2123 311 2156 ulis
326 2122 473 2167 gemmis
499 2124 636 2156 ornatis
662 2123 699 2155 in
715 2122 866 2155 formam
892 2121 1043 2155 tentorii
1069 2125 1277 2165 comparata
1305 2127 1390 2154 erat.
1440 2121 1534 2154 Ante
1549 2126 1679 2166 pectus

216 2135 319 2203 filius
346 2175 383 2203 ct
408 2170 549 2203 vultum
576 2169 841 2214 propugnaculi
866 2168 974 2202 modo
999 2174 1078 2202 erat
1095 2167 1280 2201 obiectum
1306 2173 1472 2209 scutum,
1496 2179 1543 2201 ne
1568 2180 1587 2200 a
1608 2169 1678 2200 Ro-

216 2217 334 2250 manis
359 2217 453 2250 forte
488 2218 528 2249 in
552 2227 633 2249 eum
660 2217 732 2248 tela
759 2215 1003 2249 iaculantibus
1037 2220 1282 2260 appeteretur.
1318 2215 1477 2248 Etenim
1503 2215 1676 2259 quicum

216 2263 385 2307 Theogni
418 2268 542 2303 erant,
577 2274 652 2295 non
676 2263 784 2309 longo
812 2262 1005 2295 inteivallo
1035 2261 1222 2295 distabant
1246 2272 1266 2293 a
1290 2261 1392 2302 loco,
1428 2261 1493 2295 uhi
1520 2262 1675 2294 Baianus

218 2310 389 2343 sedebat:
421 2311 548 2355 itaque
575 2309 698 2342 Hunni
724 2311 943 2353 interpretes
970 2308 1066 2342 clara
1088 2319 1175 2342 voce
1201 2308 1309 2342 fidem
1336 2309 1458 2342 datam
1487 2307 1532 2341 de
1560 2309 1672 2341 indu-

217 2357 284 2389 ciis
309 2358 602 2401 pronuntiarunt.
653 2356 748 2388 'lum
777 2357 933 2389 Baianus
962 2354 1076 2395 dixit,
1110 2360 1278 2399 oportere
1302 2356 1480 2389 Romanos
1510 2355 1567 2387 illi
1591 2356 1671 2388 sine

216 2413 337 2456 pugna
364 2403 533 2436 Sirmium
560 2403 686 2437 cedeie
702 2427 711 2443 ,
747 2403 834 2448 quia
861 2402 962 2435 nihil
981 2402 1056 2435 illis
1078 2403 1157 2446 opis
1182 2403 1256 2435 iam
1280 2402 1415 2448 reliqui
1443 2407 1540 2442 erat,
1574 2413 1673 2447 quo-

218 2450 339 2482 miuus
374 2450 552 2494 oppidum
587 2455 786 2494 caperetur.
837 2450 927 2483 Nam
961 2455 1216 2494 praeterquam
1243 2448 1343 2493 quod
1371 2449 1498 2482 urbem
1523 2460 1578 2482 ies
1603 2458 1671 2480 ne-

218 2497 396 2530 cessariae
422 2497 637 2536 deficerent,
668 2495 842 2540 impedita
868 2496 913 2528 ab
940 2501 1095 2543 utraque
1120 2501 1222 2540 parte
1251 2496 1423 2529 frumenti
1450 2496 1672 2535 invectione,

219 2543 329 2575 etiam
353 2542 509 2576 Avarum
534 2523 809 2576 multitudinem
836 2542 948 2576 nullis
973 2543 1158 2576 laboribus
1186 2543 1423 2587 defatigatum
1449 2543 1519 2582 iri,
1557 2552 1672 2586 usque

220 2588 308 2621 dum
334 2588 461 2622 urbem
485 2601 572 2623 suae
598 2590 771 2635 potestati
803 2589 1011 2622 subiiciunt.
1059 2590 1251 2633 Proposuit
1284 2592 1393 2623 etiam
1421 2589 1582 2634 aliquam
1608 2599 1672 2621 ve-

219 2635 409 2668 risimilem
426 2648 585 2678 causam,
613 2649 676 2669 cur
692 2637 917 2670 desideraret
941 2635 1041 2669 urbis
1058 2635 1259 2669 dominium
1289 2636 1442 2681 adipisci
1455 2661 1465 2676 ,
1497 2646 1541 2669 ne
1557 2641 1673 2668 trans·

219 2681 325 2726 fugae
354 2693 398 2715 ex
422 2683 571 2717 Avarico
597 2685 784 2725 exercitu,
838 2683 898 2715 uia
923 2682 1009 2716 urbs
1034 2689 1130 2716 esset
1154 2683 1228 2716 illis
1254 2683 1500 2723 contermina,
1528 2682 1574 2715 nd
1602 2684 1673 2716 Ro-

219 2739 343 2762 manos
368 2734 553 2775 receptum
576 2729 758 2765 haberent
810 2695 908 2764 (bum
933 2730 1021 2764 haec
1045 2729 1092 2764 ad
1108 2730 1205 2767 hune
1225 2729 1372 2771 modum
1392 2730 1506 2764 locuti
1532 2734 1671 2769 essent,
