1838 3210
295 150 437 189 xxxn
802 151 872 190 DE
911 148 1228 190 MENANDRO.

291 253 404 303 λετο,
428 248 501 290 καὶ
527 250 585 300 εἷς
607 249 751 303 σχῆμα
778 252 1150 306 κείρας-,κληρικοῦ
1178 247 1272 293 ἀντὶ
1296 252 1500 304 βασιλέως
1527 254 1728 308 οἶρχιερέα

292 316 535 369 κατέστησεν
557 330 567 339 ·
608 314 684 371 ὑφ’
709 310 758 357 οὗ
804 315 879 357 καί
909 318 1225 370 ἐπιβουλευθείς
1267 312 1486 374 ἀνῄρηται.
1540 313 1652 360 οὗτοι
1690 318 1730 360 οἵ

292 377 398 421 ἑπτὰ
427 382 500 434 τῆς
528 379 711 437 ἱστορίας
738 378 853 435 λόγοι
871 384 943 424 καὶ
959 384 1294 438 προηγουμένους
1321 380 1626 438 ὖποφαίνουσιν
1651 384 1731 424 ου’-

293 447 353 503 τῷ
393 444 540 500 λόγους
583 442 733 495 ἄλλους
760 449 1093 503 διαπεπονῆσθαι
1119 474 1172 480 --
1203 447 1277 489 καί
1301 448 1328 503 ἦ
1358 445 1529 503 α’παρχὴ
1573 449 1619 490 δὲ
1647 450 1731 490 τῶν

292 509 400 553 ἑπτὰ
427 514 500 554 τοῦ
530 512 694 568 πρώτου
722 510 848 567 λόγου
875 514 997 555 τοῦτο
1026 515 1289 570 παραδηλοῖ·
1332 509 1381 555 οὗ
1411 512 1496 568 μὴν
1523 511 1629 554 α’λλοὶ
1659 512 1732 554 καὶ

291 575 533 633 ἑπομένους,
558 578 598 619 εἰ
622 575 666 618 τὸ
702 579 777 631 ζῆν
803 582 965 634 προσῆν
990 582 1050 638 τῷ
1080 585 1325 636 συγγραφεῖ,
1355 579 1413 629 ὥς
1440 582 1518 620 τοῦ
1544 575 1727 632 ἑβδόμου

292 641 413 697 λόγου
441 641 488 683 τὸ
519 644 650 697 πέρας
679 643 948 687 ἐνδείκνυσιν.

366 705 505 753 ι”Εστι
534 709 575 749 δ’
604 705 625 749 ὃ
655 709 926 766 συγγραφεύς
963 708 1259 767 Φιλαδελφεύς
1275 744 1287 763 ,
1316 708 1361 752 εἶ’
1380 726 1444 759 τις
1471 705 1595 759 ἄλλος
1621 708 1727 752 κατὰ

291 773 540 830 συγγραφὴν
567 772 753 830 ἱστορίας
779 771 947 831 ἄριστος
968 792 977 801 ·
1006 775 1222 832 καθαρὸς,
1253 772 1494 831 οἷπέριττος,
1535 773 1728 857 εὔκρινὴς

291 845 406 894 (num
424 839 679 895 ειλικρινὴςΡ
694 843 748 882 Ν.
752 844 782 895 ),
806 843 954 893 λέξεων
976 848 1070 892 ταῖς
1094 840 1400 897 ἆνθηροτάταις
1426 857 1497 883 και
1526 840 1727 896 εὐσήμοις

291 923 360 947 και
395 908 455 955 εἰς
483 903 601 960 ὄγκον
627 905 723 948 τινὰ
754 907 1000 986 α’νηγμέναις
1025 906 1265 987 χρώμενος·
1294 909 1366 948 καί
1389 904 1488 948 οὐδὲ
1519 906 1565 949 αἶ
1590 922 1729 949 καινο-

290 976 462 1027 πρεπεῖς
490 972 603 1028 αὐτῷ
618 1003 631 1025 ,
676 967 772 1013 ὅσαι
801 969 846 1014 τὸ
875 971 1108 1028 ἐμφατικὸν
1133 988 1205 1014 και
1233 967 1393 1027 εὔηχον
1412 989 1483 1014 και
1508 976 1730 1027 μεγαλεῖον

289 1033 453 1090 ἔχουσι,
478 1038 818 1091 παραβλέπονται
832 1069 846 1090 ‚
883 1033 1022 1093 ω’σπερ
1052 1062 1074 1070 -
1090 1060 1148 1070 -·-
1172 1035 1218 1079 τὸ
1248 1062 1429 1070 -----
1466 1037 1541 1078 καὶ
1566 1038 1728 1079 τοιαῦτ’

274 1099 402 1143 ‘Ji-vta
428 1118 498 1143 και
527 1099 634 1151 ὅλως
658 1102 794 1144 κανών
821 1104 935 1145 ἐστιν
962 1101 1179 1159 ἱστορικοῦ
1202 1101 1354 1157 λόγου·
1385 1101 1585 1159 σοφιστὴς
1613 1103 1652 1144 δ’
1677 1098 1729 1157 ἦν

288 1165 335 1209 τὸ
365 1165 642 1222 ἐπιτήδευμα,
671 1167 746 1209 καί
770 1167 993 1224 ῥητορικῆς
1034 1171 1094 1217 εἰς
1135 1165 1264 1224 ἄκρον
1291 1165 1501 1223 ἐληλακοός
1517 1200 1529 1223 ,
1550 1166 1624 1210 καὶ
1650 1166 1729 1223 τὴν

288 1231 519 1290 θρησκείαν
548 1233 621 1275 οὐκ
648 1231 727 1285 ἔξω
754 1234 830 1275 τοῦ
855 1235 1146 1290 χριστιανικοῧ
1170 1232 1342 1279 θιάσου.
1527 1227 1531 1229 ‚

399 1366 714 1406 MENANDER
730 1396 742 1419 ‚
788 1367 1020 1422 Euphratae
1048 1367 1077 1407 f.
1095 1398 1106 1416 ‚
1159 1367 1620 1422 Constantinopolitanus
1634 1396 1646 1417 ‚
1685 1368 1728 1405 in

290 1433 500 1473 iuventute
526 1433 658 1487 legum
685 1433 816 1472 studio
839 1447 928 1483 ‘sese
958 1433 1148 1473 dederat:
1185 1433 1255 1472 sed
1282 1436 1473 1487 quoniam
1503 1448 1528 1472 a
1555 1433 1727 1472 causidi-

289 1488 431 1538 corum
458 1513 623 1539 munere
649 1500 807 1538 animus
835 1498 1103 1550 abhorrebat,
1133 1499 1184 1538 ad
1211 1500 1415 1552 segnitiem
1447 1498 1654 1551 delapsus,
1685 1497 1726 1536 in

281 1565 400 1603 -circo
418 1597 422 1602 .
442 1564 740 1618 sactionumque
784 1565 987 1604 furoribus
1028 1559 1314 1617 patrimonium
1359 1564 1527 1615 effudit3
1565 1563 1728 1602 tandem

290 1642 390 1669 vero
411 1659 423 1681 ‚
452 1645 476 1668 a
504 1631 736 1670 necessitate
764 1630 815 1669 ad
834 1630 1011 1669 meliora
1038 1629 1262 1683 compulsus
1279 1660 1291 1682 ‚
1330 1644 1455 1684 quum
1482 1644 1506 1668 a
1530 1629 1727 1668 Mauricio

290 1693 538 1749 Imperatore
565 1695 761 1735 litteratos
788 1695 970 1735 homines
999 1695 1215 1749 splendidis
1240 1697 1425 1748 praemiis
1451 1695 1587 1734 ornari
1613 1693 1733 1734 vide·

228 1810 233 1813 ξ
288 1769 376 1813 ret,
409 1776 451 1802 se
477 1764 520 1801 in
547 1762 623 1802 hoc
653 1777 795 1817 genere
823 1763 991 1816 experiri
1018 1763 1170 1801 statuit.
1230 1762 1370 1815 Itaque
1393 1761 1602 1800 historiam
1620 1759 1726 1813 Aga-

288 1825 398 1866 thiae
425 1828 660 1867 continuare
689 1828 763 1867 sibi
794 1828 1025 1880 proposuit:
1067 1827 1177 1881 quod
1204 1826 1255 1866 ab
1289 1827 1464 1867 adventu
1494 1825 1727 1879 Cotriguro-

287 1907 381 1933 rum
403 1894 649 1932 Hunnorum
676 1895 718 1932 in
737 1893 952 1932 Thraciam
965 1922 976 1944 ,
1006 1907 1105 1946 quos
1125 1892 1338 1932 Belisarius
1366 1892 1566 1946 repressit,
1598 1904 1726 1930 anno-

288 1972 370 2011 que
401 1958 497 2000 558.
512 1989 524 2010 ‚
553 1973 679 2012 usque
706 1958 757 1998 ad
783 1973 982 1997 excessum
1010 1958 1162 1998 Tiberii
1191 1958 1313 2011 Imp.‚
1341 1971 1380 1996 a.
1400 1946 1511 2005 58'2.‚
1541 1956 1724 2010 perfecit.

287 2023 353 2064 De
376 2024 494 2064 rebus
525 2026 621 2063 anni
639 2023 733 2079 575.
750 2025 801 2076 ⁴8)
832 2024 973 2078 agebat
1001 2023 1106 2063 libro
1134 2024 1249 2063 VIII.
1305 2023 1548 2067 Rrotectoris
1577 2035 1723 2075 cogno-

287 2103 413 2140 men,
444 2104 524 2143 quo
552 2090 604 2128 ab
632 2089 777 2129 illustii
804 2092 921 2143 poeta
938 2089 1072 2128 Attico
1099 2089 1423 2139 discriminatur,
1452 2086 1602 2126 indicat
1630 2101 1723 2126 eum

287 2154 522 2194 cohortibus
558 2157 765 2208 praetoriis
801 2156 1056 2208 Imperatoris
1092 2154 1335 2207 adscriptum
1364 2116 1485 2192 fuisse
1499 2151 1581 2205 ⁴9).
1619 2166 1723 2205 quae
1772 2199 1774 2203 .

286 2227 421 2259 tamen
450 2219 518 2259 illo
547 2233 646 2259 aevo
673 2235 800 2274 aeque
828 2235 873 2260 ac
891 2220 1084 2260 Scholarii
1104 2220 1237 2258 fictam
1262 2217 1538 2257 tantummodo
1565 2231 1722 2256 exerce-

285 2284 386 2324 bant
410 2283 594 2323 militiam
608 2286 673 2337 ⁵⁰).
732 2287 780 2324 In
795 2286 1001 2326 scribendi
1029 2298 1170 2340 genere
1196 2297 1361 2338 prorsus
1389 2283 1503 2322 simia
1520 2282 1723 2335 Agathiae

286 2358 373 2402 est3
403 2350 592 2390 ridendus
613 2351 767 2405 quoties
782 2354 1067 2391 sententiarum
1093 2351 1274 2390 acumine
1303 2356 1373 2388 aut
1399 2349 1617 2389 verborum
1636 2347 1716 2387 ele-

285 2416 419 2470 gantia
439 2430 480 2455 se
499 2424 696 2456 ostentare
712 2418 823 2470 cupit
840 2432 851 2456 ε
882 2425 1155 2457 verumtamen
1170 2417 1213 2454 in
1227 2414 1345 2456 rebus
1361 2416 1479 2468 gestis
1498 2413 1715 2453 referendis

285 2481 417 2522 bonus
445 2489 583 2521 auctor
603 2497 615 2533 3
656 2483 763 2522 circa
789 2483 1035 2537 populorum
1061 2496 1190 2522 mores
1207 2511 1219 2533 ‚
1257 2483 1534 2534 terrarumque
1560 2479 1718 2533 longin-

284 2562 456 2601 quarum
484 2549 604 2587 situm
622 2577 634 2598 ‚
674 2556 714 2587 et
747 2551 1083 2602 peregrinantium
1117 2549 1261 2587 itinera
1289 2546 1504 2586 admodum
1540 2545 1719 2584 curiosus

283 2620 324 2653 et
351 2613 428 2652 fide
456 2613 614 2667 dignus.
670 2614 862 2654 Eiusdem
877 2615 1072 2668 Agathiae
1098 2614 1342 2662 imitatione,
1373 2613 1492 2651 etiam
1521 2612 1718 2664 epigram-

309 2699 369 2746 48)
391 2698 559 2733 Menand.
596 2711 630 2745 p.
656 2702 733 2745 397.
762 2712 815 2735 20
951 2700 1071 2746 49)v.
1106 2699 1337 2732 Heineccium
1372 2710 1396 2732 s.
1426 2708 1455 2730 v
1487 2699 1717 2734 Protectores

378 2746 418 2779 in
436 2747 512 2780 eius
531 2745 958 2794 ed.13rissonii.50)
974 2713 1125 2793 Si³1·0cop.
1142 2747 1271 2781 Anecd.
1298 2745 1352 2790 24
1370 2757 1403 2792 p
1416 2757 1469 2792 7¹·
