1924 3164
302 169 410 236 242
871 183 1150 227 ExcERPTA

113 290 283 338 Α-Ο-479
298 290 448 339 τιιότας
497 292 541 340 ἐς
574 288 646 332 τὸν
681 286 859 341 πόλεμον
897 269 1046 342 ὥρμα,
1096 285 1170 328 καί
1201 285 1426 341 παρεκάλει
1465 290 1642 343 ’θαρσεῖν
1680 285 1740 338 ὥς

134 339 254 419 Zelnffss
265 352 430 420 ²6av’tdg
459 352 771 409 ἑκστρατεύσων
797 351 872 394 καί
894 354 1013 410 κοινῇ
1040 351 1119 395 σὺν
1144 353 1316 401 ἐκείνοις
1344 347 1425 405 ὅ,τι
1453 348 1506 394 ἂν
1530 353 1619 394 δέοι
1643 369 1737 395 πει-

256 410 264 419 ’
297 418 486 474 σόμενος.
542 419 580 460 οἱ
617 420 664 460 δὲ
703 418 760 468 ὥς
798 418 1048 473 ἐπήκουσαν,
1078 413 1144 459 ὅτι
1181 415 1307 466 αὐτὸς
1348 416 1548 469 βασιλευς
1575 416 1737 473 ἐξάγειν

194 487 282 534 Ρ·97
298 487 462 539 ἐθέλοι,
502 482 632 534 οὕτως
659 486 830 533 ἕκαστος
858 485 996 526 αὕτῶν
1021 485 1208 539 ἠπείγετο
1237 480 1391 527 ἑαυτὸν
1418 484 1624 533 ἐπιδεῖξαι
1655 487 1736 536 βα-

292 556 405 595 σιλεῖ
423 550 578 592 πολλοῦ
605 545 720 600 ἄξιον
749 544 872 602 ὄντα,
894 546 1000 592 ὥστε
1027 549 1100 591 καί
1127 548 1166 591 οἱ
1193 546 1394 605 πρότερον
1421 554 1509 598 τοῖς
1535 545 1759 603 ἧγεμόσιν5

293 613 454 668 αὐτῶν,
485 617 554 671 ἐφ’
581 609 617 673 ᾦ
643 613 702 670 μὴ
732 612 1050 670 στρατεύοιντο,
1078 613 1280 671 α’ργύριον
1308 614 1493 663 διδόντες
1520 611 1646 656 πάλιν
1673 614 1735 662 εἷς

290 680 335 723 τό
365 680 556 735 μετέχειν
584 682 659 735 τῆς
689 679 835 731 ἐξόδου
863 685 1079 738 παρεῖχον.
1108 683 1182 723 καί
1206 677 1359 729 πάντες
1377 677 1637 735 α’νθήπτοντο
1657 679 1735 720 τοῧ

289 748 473 799 πολέμου
504 746 706 802 ὄργῶντες
723 763 735 774 ·
756 747 830 788 καί
856 745 953 795 τοὺς
979 762 1025 788 τε
1052 745 1340 794 κατασκόπους
1365 743 1464 793 τούς
1481 743 1606 804 παρὰ
1623 745 1734 787 Θευ-

289 812 461 867 δερίχου
502 812 1085 868 πεμφθένταςέζώγρησαν,
1131 811 1204 853 καὶ
1240 812 1313 867 τῆς
1352 811 1427 853 τοῦ
1466 808 1730 867 Βαλαμήρου

288 879 480 933 φυλακῆς
506 882 662 933 μοῖραν
700 879 910 920 ἐλθοῦσαν
948 879 1018 919 ἐπὶ
1041 875 1086 919 τὸ
1115 875 1290 934 μακρὸνν
1306 882 1441 931 τεῖχος
1470 875 1510 932 οἱ
1536 879 1624 919 ἐκεῖ
1646 889 1787 932 φυ-ιο

286 943 508 993 λάττοντες
538 945 778 998 διαπρεπῶς
806 940 1132 998 ἀπεκρούσαντο.
1187 943 1282 985 ἐπεὶ
1318 943 1364 985 δὲ
1408 943 1468 991 εἷς
1496 940 1571 996 τὴν
1599 939 1732 983 αὑτοῦ

288 1006 517 1065 φερόμενος
546 1007 568 1049 ὅ
597 1007 745 1064 Ζήνων
777 1006 1019 1065 α’νεχοόρησε
1048 1005 1205 1064 φύσιν,
1241 1009 1316 1049 καί
1339 1006 1422 1048 ὑπὸ
1451 1009 1524 1062 τῆς
1561 1006 1733 1063 συμφύ-

278 1089 354 1115 του
396 1075 638 1130 οἷπεσβέσθη
683 1075 868 1127 δειλίας,
914 1076 1102 1116 ἐνταῦθα
1145 1073 1382 1130 ὀργίζονται
1425 1074 1500 1114 καί
1533 1073 1731 1127 χαλεπαῖς

246 1137 460 1194 Βέφερον,
497 1138 604 1181 κατὰ
648 1140 870 1189 συστάσεις
911 1156 954 1182 τε
993 1139 1204 1195 γινόμενοι
1241 1141 1478 1195 ἐμέμφοντο
1520 1135 1728 1193 ἀλλήλους

282 1207 357 1260 τῆς
397 1202 493 1260 ὅλης
533 1206 759 1259 ἀτολμίας,
800 1208 840 1248 εἰ
879 1203 1027 1262 χεῖράς
1062 1222 1108 1247 τε
1146 1204 1311 1260 ἔχοντες
1348 1206 1422 1246 καί
1448 1202 1782 1258 βαστάζοντεςιό

283 1268 392 1313 ὅπλα
429 1274 637 1324 μαλακίας
674 1273 872 1327 τοιαύτης
910 1270 1075 1314 οἷκούειν
1117 1273 1360 1326 α’νέχονται,
1416 1272 1472 1312 δι’
1505 1265 1555 1326 ἧς
1590 1270 1729 1321 πόλεις

279 1334 441 1379 ἅπασαι
471 1336 545 1379 καὶ
570 1337 596 1392 ἦ
628 1339 744 1378 πᾶσα
768 1338 989 1391 Ῥωμαίων
1018 1336 1143 1391 ἰσχύς
1171 1336 1430 1390 ἐξαπόλωλε,
1463 1334 1634 1379 πάντων
1661 1337 1725 1379 ἐπ’

278 1405 471 1453 ἐξουσίας
506 1400 845 1459 περικοπτόντων,
885 1402 916 1444 δί
955 1402 1184 1456 βούλοιντο.
1239 1405 1383 1444 τοῦτον
1411 1401 1432 1444 ὃ
1470 1400 1726 1457 Μαρτιανὸς

278 1465 548 1521 συνελόμενος
586 1467 658 1509 τὸν
694 1469 849 1523 θροῦν,
890 1470 1045 1521 πέμπει
1072 1469 1238 1523 Ζήνωνι
1277 1470 1419 1521 λέγων,
1458 1464 1521 1509 ὅτι
1561 1469 1632 1508 δεῖ
1672 1465 1719 1509 τὸ

276 1531 559 1589 στρατόπεδον
589 1533 645 1582 ὥς
672 1532 854 1588 τάχιστα
886 1534 1085 1587 διαλύειν,
1118 1535 1179 1588 μή
1208 1550 1248 1575 τι
1275 1535 1348 1575 καί
1374 1532 1573 1589 νεώτερον
1601 1547 1779 1576 avve-20

367 1652 402 1688 6.
433 1650 622 1698 ἀργύριον
644 1653 701 1692 Η.,
721 1649 912 1696 α’ργυρίου
935 1651 1029 1696 vulg.
1125 1663 1155 1696 7.
1181 1652 1248 1684 τοῦ
1274 1651 1341 1692 N„
1365 1652 1476 1685 τοῦτο
1512 1651 1622 1697 vulg.,
1646 1651 1719 1685 τοῦ
1774 1672 1777 1675 ,

367 1708 407 1731 τε
431 1699 474 1732 H.
552 1700 601 1732 15.
629 1700 662 1731 εἰ
678 1698 742 1740 Ν.,
771 1700 824 1735 εἰς
839 1699 935 1743 vulg.
1623 1710 1626 1712 ·

267 1793 395 1826 foedus
422 1804 501 1825 eum
528 1792 783 1826 Theudericho
810 1793 978 1830 solveret,
1028 1792 1118 1826 Cum
1145 1792 1242 1825 nihil
1266 1804 1348 1826 eum
1372 1799 1553 1835 moveret,
1589 1804 1719 1830 evoca-

266 1841 314 1872 tis
339 1839 520 1873 militibus
559 1840 697 1872 bellum
732 1839 910 1884 suscepit,
949 1849 1039 1886 quos
1072 1838 1237 1872 hortatus
1273 1845 1348 1879 est,
1386 1846 1427 1873 ut
1461 1841 1558 1874 bono
1592 1841 1715 1875 animo

268 1893 397 1919 essent.
449 1887 494 1919 Se
520 1886 616 1919 enim
643 1887 882 1919 communiter
906 1897 986 1919 cum
1011 1886 1086 1919 illis
1121 1886 1212 1919 belli
1237 1886 1413 1931 pericula,
1435 1887 1501 1919 ubi
1523 1899 1612 1932 opus
1633 1887 1716 1921 fue—

265 1935 334 1972 rit,
361 1932 557 1966 aditurum.
607 1932 705 1965 Haec
730 1945 812 1966 cum
836 1933 972 1966 milites
993 1932 1206 1973 audiissent,
1230 1934 1488 1977 Imperatorem
1508 1933 1595 1966 huic
1612 1934 1713 1968 bello

265 1979 440 2012 interesse
465 1978 658 2020 statuisse,
686 1979 737 2012 ita
764 1991 801 2012 se
827 1980 873 2013 ad
894 1979 964 2013 hoc
989 1979 1262 2025 compararunt,
1295 1986 1336 2013 ut
1377 1981 1488 2014 talem
1521 1990 1558 2012 se
1596 1992 1714 2013 unus-

265 2026 422 2072 quisque
448 2025 639 2059 ostendere
666 2027 846 2067 studeret,
882 2038 990 2072 quem
1015 2027 1212 2071 Imperator
1238 2028 1367 2060 merito
1393 2037 1458 2062 suo
1481 2027 1632 2072 plurimi
1656 2027 1714 2060 fa·-

265 2078 373 2109 ccret.
421 2074 466 2106 Et
501 2078 574 2104 tam
607 2073 818 2106 ardentibus
853 2073 983 2106 animis
1010 2073 1055 2106 ad
1086 2073 1320 2118 pugnandum
1350 2073 1503 2118 profecti
1528 2078 1632 2113 sunt,
1670 2077 1713 2107 ut

264 2119 327 2162 qui
353 2123 459 2151 antea
492 2120 646 2152 militiae
675 2120 899 2153 vacationem
926 2131 945 2151 a
972 2119 1123 2152 ducibus
1157 2122 1312 2164 pecunia
1336 2119 1575 2159 redemerant,
1600 2131 1715 2163 pecu-

262 2165 363 2204 nias,
401 2171 442 2197 ut
470 2166 541 2197 sibi
573 2167 612 2198 in
646 2166 767 2199 hostes
802 2167 958 2200 exeundi
994 2172 1212 2210 potestatem
1244 2167 1424 2206 facerent,
1462 2172 1708 2200 numerarent.

261 2211 390 2256 ltaque
418 2217 454 2244 et
479 2213 747 2256 exploratores,
788 2225 808 2246 a
834 2212 1090 2247 Theudericho
1123 2213 1357 2258 praemissos,
1388 2214 1487 2246 vivos
1513 2219 1715 2257 ceperunt,-

262 2262 299 2289 et
324 2257 529 2298 cohortem,
556 2269 648 2304 quae
667 2259 842 2292 Valamiri
867 2260 934 2293 filii
962 2259 1160 2293 custodiam
1185 2260 1325 2305 agebat,
1350 2264 1388 2292 et
1415 2270 1530 2305 usque
1555 2259 1601 2292 ad
1625 2260 1709 2293 lon-

260 2314 321 2346 gos
352 2315 471 2337 muros
508 2317 695 2350 progressa
730 2312 824 2346 erat,
867 2313 1070 2351 opportune
1096 2306 1325 2351 depulerunt.
1375 2305 1447 2339 Sed
1477 2316 1551 2339 non
1589 2306 1706 2340 multo

259 2354 422 2393 tempore
450 2363 503 2384 res
531 2357 728 2393 steterunt,
765 2353 856 2398 quin
880 2354 972 2386 Zeno
998 2353 1043 2386 ad
1066 2354 1257 2398 pristinam
1288 2358 1452 2386 naturam
1484 2352 1641 2394 rediret,
1666 2357 1704 2387 et

259 2396 305 2428 ad
330 2397 476 2430 insitam
503 2399 679 2442 ignaviam
706 2399 946 2433 delaberetur.
994 2401 1046 2433 Ex
1071 2411 1143 2445 quo
1168 2400 1302 2433 milites
1322 2399 1515 2444 indignati,
1540 2410 1605 2443 per
1626 2406 1706 2434 tur-

259 2442 322 2474 bas
348 2450 539 2485 coeuntes,
565 2456 642 2478 sese
668 2445 820 2479 invicem
846 2446 1008 2490 ignaviae
1027 2446 1261 2487 accusabant,
1287 2445 1384 2492 quod
1409 2457 1535 2479 manus
1561 2446 1706 2481 haben·

258 2493 313 2522 tes
357 2495 394 2523 et
426 2501 521 2523 arma
564 2496 740 2534 gestantes
778 2498 901 2525 tantae
940 2493 1134 2534 mollitiei,
1173 2503 1264 2538 quae
1301 2503 1424 2525 omnes
1461 2492 1626 2526 civitates
1664 2499 1704 2528 et

260 2546 384 2569 omnes
410 2536 648 2570 Romanorum
685 2539 778 2570 vires
815 2540 1085 2583 pessumdaret,
1127 2539 1279 2585 obsequi
1305 2539 1546 2579 sustinerent,
1579 2550 1701 2585 neque

260 2582 452 2627 quisquam
477 2584 592 2616 omnis
621 2585 759 2626 generis
786 2587 1015 2619 contumeliis
1051 2586 1238 2619 abstinuit.
1289 2585 1394 2618 Hune
1429 2591 1568 2619 motum
1619 2597 1701 2620 cum

258 2626 459 2662 Martianus
487 2629 745 2669 intellexisset,
772 2630 817 2664 ad
830 2633 1007 2665 Zenonem
1031 2632 1146 2666 mittit
1170 2631 1336 2672 suadens,
1363 2636 1404 2664 ut
1429 2643 1536 2677 quam
1561 2634 1699 2666 citissi-

258 2684 315 2706 me
340 2676 418 2708 fieri
442 2681 594 2720 posset„
611 2676 828 2716 exercitum,
853 2687 898 2710 ne
927 2679 1017 2723 quid
1041 2689 1214 2712 novarum
1240 2689 1357 2711 rerum
1383 2679 1595 2718 moliretur,
1620 2679 1698 2712 dis-

258 2721 421 2756 solveret.
470 2721 525 2756 Ad
550 2732 656 2768 quem
669 2723 761 2756 Zeno
786 2724 946 2767 remisit,
973 2730 1009 2758 et
1030 2725 1154 2765 iussit,
1181 2730 1222 2758 ut
1246 2725 1498 2770 unusquisque
1522 2725 1694 2767 militum,
