1924 3164
558 187 593 226 E
630 182 915 225 mmmm
954 179 1229 225 msTOmA.
1516 160 1632 219 363

167 287 300 342 19⁰&
320 284 395 328 καὶ
421 287 597 328 διπλοῦν
622 286 669 328 τὸ
689 284 878 341 ὄφληθὲν
898 282 1165 338 ἀναλήψεται
1189 280 1297 325 κατὰ
1325 280 1372 325 τὸ
1402 282 1638 338 ῶρισμένον
1650 292 1741 328 A.C.
1757 294 1825 328 56'2

180 351 295 404 ἐντὸς
323 353 550 407 ἐνιαυτοῦ,
596 348 696 394 ὅσον
724 350 790 392 ἐπ’
818 349 959 407 ἐκείνῳ
987 352 1046 406 τῷ
1074 349 1256 404 δόγματι
1283 349 1549 391 διαλελύσθω
1576 346 1631 391 τὰ
1645 340 1836 423 {mximas

180 421 265 460 τῶν
292 419 497 460 σπονδῶν.
557 420 759 473 δευτέραν
797 414 905 472 πρὸς
947 417 1000 472 τῇ
1032 413 1181 472 δεκάτῃ
1208 421 1367 470 μοῖραν
1394 416 1480 456 τῶν
1507 430 1636 456 σπον-
1668 400 1710 423 ⁰⁸
1743 399 1779 422 η’

181 486 268 525 δῶν
306 482 576 539 κατανοήσεις
615 482 692 532 τὰς
730 480 837 537 πρὸς
873 479 978 523 θεὸν
1015 481 1219 535 ἱκετείας,
1264 479 1327 523 ἔτι
1364 497 1412 523 τε
1452 479 1525 522 καί
1557 479 1637 531 τὰς

151 546 311 606 δάράς,
342 546 431 593 οἷον
456 551 514 607 τῷ
536 551 618 602 μὲν
645 551 858 604 στέργοντι
885 545 960 603 τὴν
986 545 1155 603 εἰρήνην
1180 544 1289 589 εἶναι
1317 546 1390 590 τὸν
1415 546 1519 590 θεὸν
1545 547 1668 592 ἲλε-Β

179 613 240 657 (όν
280 631 326 658 τε
369 618 442 657 καί
484 613 708 669 ξύμμαχον
747 612 820 656 διὰ
849 612 1028 666 παντὸς,
1076 615 1135 671 τῷ
1166 615 1213 655 δὲ
1252 609 1454 671 ἀπατηλῷ
1482 616 1567 656 τῶν
1591 628 1637 656 τε

177 682 513 734 ἑμπεδωθέντων
558 681 810 734 νεοχμῶσαί
829 697 869 722 τι
906 680 1150 736 βουλομένῳ
1195 677 1268 720 τὸν
1306 678 1410 721 θεὸν
1456 677 1633 728 ἔσεσθαι

178 742 409 788 ἀντίπαλόν
434 762 479 788 τε
509 745 583 788 καί
608 747 823 799 πολέμιον.
865 747 987 800 τρίτη
1014 743 1120 799 πρὸς
1146 747 1196 802 τῇ
1225 742 1377 802 δεκάτῃ
1405 748 1489 787 τῶν
1516 760 1638 798 νομι-

177 811 365 854 σθέντων
392 810 518 866 ἰσχύς
533 845 547 865 ,
580 810 978 866 πεντηκοντούτιδας
1005 806 1115 852 εἶναι
1141 809 1218 860 τὰς
1246 809 1456 863 σπονδὰς,
1498 807 1641 866 ἐᾷῥῶ-

127 876 290 922 ιοσθαί
309 893 356 919 τε
382 876 433 920 τὰ
461 880 534 933 τῆς
560 875 728 933 εἰρήνης
753 875 826 919 ἐπὶ
850 874 1098 932 πεντήκοντα
1137 875 1384 929 ἐνιαυτούς,
1423 877 1638 933 ἀριθμου-

174 944 305 997 μένου
355 945 430 986 τοῦ
467 945 666 986 ἐνιαυτοῦ
703 942 813 986 κατὰ
849 941 895 985 τὸ
927 940 1113 999 άρχαῖον
1140 940 1263 996 ἔθος,
1305 940 1485 984 ἑκάστου
1514 941 1638 992 ἔτους

174 1011 228 1065 τῇ
265 1011 566 1066 τριακοσιοστῇ
600 1008 674 1050 καί
706 1006 906 1066 ἑξηκοστῇ
945 1010 1017 1050 καί
1057 1009 1222 1066 πέμπτῃ
1262 1006 1401 1066 ἡμέρᾳ
1430 1024 1638 1063 περατου-

173 1076 320 1128 μένου.
375 1076 551 1129 ἰσχῦσαι
580 1077 627 1117 δὲ
656 1074 729 1117 καὶ
754 1077 902 1128 τοῦτο,
946 1073 1062 1116 καθα
1093 1072 1224 1130 ἔφην,
1264 1071 1373 1116 ὥστε
1401 1075 1446 1125 ἐξ
1473 1075 1637 1130 α’μφοῖν

173 1143 515 1196 α’ποκομισθῆναι
565 1139 783 1194 συλλαβάς
821 1142 982 1193 ἐκεῖσε,
1029 1138 1238 1195 δηλούσας
1283 1137 1342 1188 ῶς
1378 1141 1452 1182 καί
1502 1134 1637 1197 ἄμφω

124 1207 344 1262 ι5στέρξαι
382 1207 516 1248 ταῦτα
556 1207 624 1263 ἐφ’
664 1203 726 1255 οἷς
762 1206 1026 1261 ἑβεβαιῖυσαν
1068 1204 1107 1248 οἱ
1145 1206 1354 1261 πρέσβεις.
1411 1207 1545 1262 πέρας
1588 1222 1637 1248 τε

177 1271 418 1324 δεξαμένων.
442 1274 527 1315 τῶν
554 1274 806 1328 συνθηκῶν,
833 1270 1126 1327 ἀπεδόθησαν
1149 1270 1195 1313 αἱ
1221 1270 1438 1326 λεγόμεναι
1466 1271 1638 1327 σάκραι.

172 1335 336 1380 τούτων
385 1339 432 1380 δὲ
481 1337 690 1389 δοξάντων
729 1338 803 1380 καί
839 1339 1256 1394 ἰσχυροποιηθέντων
1285 1337 1402 1388 ἐκτὸς
1428 1339 1677 1394 ἐνομίσθηο

171 1401 224 1445 τά
255 1401 355 1460 περὶ
382 1405 467 1446 τῶν
493 1404 540 1446 ἐν
568 1406 757 1460 Περσίδι
784 1405 1085 1460 Χριστιανῶν,
1128 1400 1239 1447 ῶστε
1278 1403 1351 1446 καὶ
1388 1403 1492 1454 νεώς
1525 1405 1638 1446 οἰκο-

173 1471 317 1522 δομεῖν
344 1468 420 1519 καί
443 1469 701 1522 ἐπιθειάζειν
739 1474 854 1527 σφᾶς
893 1467 1050 1522 ἀδεῶς,
1092 1472 1166 1513 καί
1206 1469 1306 1519 τούς
1333 1471 1638 1527 χαριστηρίους

115 1532 355 1589 3οῧμνους,
394 1534 509 1577 καθὰ
540 1534 782 1590 νενόμισται
817 1535 948 1591 ἡμῖν,
990 1535 1215 1585 α’κωλύτως
1243 1535 1447 1579 ἐπιτελεῖν
1469 1568 1483 1590 ,
1523 1534 1742 1590 ἅλλοὶν.96

170 1599 251 1656 γάρ
281 1598 386 1655 μήτε
412 1603 807 1656 καταναγκάζεσθαι
833 1601 1017 1658 μαγικήν
1043 1602 1232 1655 μετιέναι
1258 1603 1501 1658 θρησκείαν,
1529 1601 1638 1657 μήτε

170 1665 258 1720 μην
293 1662 532 1709 θεοκλυτεΐν
571 1664 780 1719 ἀκουσίως
820 1667 919 1718 τούς
957 1668 1073 1725 παρά
1109 1668 1284 1725 Μήδοις
1311 1670 1638 1722 νενομισμένους

171 1728 312 1781 θεούς.
334 1791 337 1793 Δ
367 1731 443 1774 καί
466 1731 505 1774 οἱ
526 1733 784 1789 Χριστιανοὶ
807 1736 882 1789 δὲ,
913 1731 1020 1777 ῶστε
1052 1731 1205 1789 ἥκιστα
1236 1736 1310 1776 καί
1337 1735 1426 1777 οἵδε
1452 1736 1637 1791 τολμῷεν

269 1819 322 1855 ι5.
348 1821 466 1854 ταῦτα
491 1821 558 1861 Η.,
595 1814 666 1855 τὸν
690 1815 735 1856 τὰ
761 1823 857 1867 vulg.
994 1835 1049 1860 αι.
1078 1824 1172 1859 Ante
1211 1820 1392 1870 μαγικῆν
1435 1823 1544 1868 vulgo
1580 1823 1636 1861 εἰς

265 1868 462 1910 inseritur,
489 1866 555 1901 sed
580 1869 684 1902 uncis
711 1869 905 1904 inclusum.

171 1966 274 2012 piat,
313 1964 443 1999 foedus
480 1963 550 1999 hoc
576 1964 742 2010 ¹quidem
790 1965 911 2009 capite
945 1965 1123 1999 violatum
1169 1965 1250 1999 erit.
1323 1965 1367 1998 In
1418 1963 1637 1999 duodecima

171 2011 362 2046 foederum
398 2018 503 2057 parte
537 2011 681 2044 videbis
721 2010 767 2044 ad
794 2012 903 2045 deum
939 2023 1078 2057 preces,
1104 2016 1142 2044 et
1172 2011 1440 2045 exsecrationes
1474 2022 1638 2058 quoque,

171 2059 313 2093 scilicet
337 2065 380 2093 ut
404 2059 494 2093 deus
520 2069 642 2104 pacem
670 2058 807 2091 colenti
840 2059 890 2092 sit
923 2059 1103 2103 propitius
1145 2064 1182 2092 et
1220 2063 1418 2103 perpetuus
1463 2058 1634 2092 adiutor:

173 2111 299 2140 contra
338 2105 541 2151 decipienti
567 2111 604 2138 et
629 2104 774 2151 aliquid
798 2104 838 2138 in
863 2104 1141 2138 conditionibus
1167 2116 1300 2138 novare
1325 2106 1489 2149 cupienti
1514 2104 1653 2138 hostis·

173 2157 211 2186 et
237 2153 419 2186 inimicus.
469 2153 596 2186 Tertio
624 2157 661 2185 et
686 2152 828 2185 decimo
855 2152 974 2197 capite
1000 2151 1159 2192 additur,
1196 2151 1529 2198 quinquagenarias
1553 2161 1634 2185 esse

155 2200 383 2244 .pactiones,
420 2204 458 2233 et
483 2200 521 2231 in
546 2199 813 2245 quinquaginta
839 2190 954 2232 an'nos
981 2198 1110 2232 durare
1141 2209 1292 2242 pacem:
1329 2210 1464 2232 annum
1498 2209 1633 2232 nume·

171 2246 324 2279 randum
352 2257 454 2287 esse,
481 2245 680 2279 secundum
706 2256 841 2279 morem
869 2246 1082 2291 antiquum,
1107 2246 1170 2291 qui
1200 2246 1418 2280 terminatur
1444 2250 1631 2280 trecente-

171 2293 264 2325 simo
289 2294 513 2338 sexagesimo
548 2294 678 2339 quinto
705 2293 776 2326 δῖος
828 2291 926 2325 Illud
955 2303 1104 2338 quoque
1140 2292 1330 2334 obtinere,
1360 2298 1404 2327 ut
1427 2293 1631 2338 utrimque,

171 2339 279 2372 sicuti
303 2338 439 2373 dictum
467 2346 567 2380 erat,
590 2339 821 2373 adferrentur
845 2339 1012 2380 litterae,
1036 2349 1133 2384 quae
1161 2338 1406 2382 declararent,
1431 2344 1631 2385 utrumque

172 2397 294 2430 regem
319 2386 523 2431 approbare
552 2398 592 2420 ea
607 2412 616 2427 ,
642 2396 737 2432 quae
763 2397 784 2419 a
808 2386 938 2431 legatis
962 2390 1062 2430 gesta
1086 2391 1341 2432 transactaque
1365 2392 1480 2420 erant.
1530 2385 1631 2419 Con-

172 2433 312 2466 stitutis
337 2433 448 2477 igitur
471 2435 571 2478 pacis
596 2432 892 2473 conditionibus,
916 2438 1044 2466 mutuo
1065 2438 1150 2466 sunt
1174 2433 1353 2475 traditae,
1378 2443 1473 2479 quae
1493 2443 1630 2466 vocan-

171 2484 232 2512 tur
255 2489 388 2512 sacrae.
439 2480 503 2514 His
527 2481 580 2513 ita
606 2480 761 2514 decretis
786 2484 824 2513 et
848 2480 1089 2519 confirmatis,
1112 2480 1305 2524 separatim
1330 2485 1434 2525 pacta
1455 2485 1542 2513 sunt
1565 2481 1630 2513 in-

171 2525 350 2569 terposita
374 2526 420 2559 de
434 2527 667 2567 Christianis,
694 2527 757 2572 qui
783 2527 819 2560 in
845 2526 992 2559 Perside
1016 2527 1157 2567 vivunt,
1180 2532 1222 2560 ut
1234 2527 1310 2561 illis
1334 2528 1465 2561 liceret
1489 2527 1628 2571 templa

172 2577 381 2606 construere
395 2598 405 2614 ,
431 2578 469 2606 et
491 2575 571 2607 sine
596 2574 673 2606 ullo
696 2573 829 2607 timore
852 2585 949 2606 sacra
976 2583 1162 2618 peragere,
1183 2579 1222 2608 et
1245 2575 1441 2619 gratiarum
1464 2573 1627 2607 actiones

171 2629 238 2663 per
263 2617 415 2661 hymnos
437 2620 527 2660 deo,
553 2620 647 2653 sicut
668 2619 766 2665 apud
792 2631 857 2652 nos
885 2620 963 2653 fieri
989 2620 1107 2661 solet,
1143 2630 1297 2662 canere,
1332 2631 1425 2654 neve
1449 2629 1627 2665 cogeren-

171 2671 232 2697 tur
256 2666 402 2710 magicis
428 2668 643 2701 ceremoniis
665 2669 843 2700 iuteresse
858 2692 867 2706 ‚
892 2672 956 2700 aut
981 2666 1115 2700 invitos
1140 2667 1260 2700 colere
1286 2673 1323 2701 et
1346 2667 1534 2705 venerari,
1560 2666 1627 2710 qui

171 2710 270 2757 apud
299 2711 424 2747 Medos
447 2713 597 2748 deorum
624 2724 777 2746 numero
803 2713 994 2747 habentur.
1023 2713 1150 2760 Neque
1175 2720 1298 2748 tamen
1326 2714 1409 2748 ideo
1426 2713 1628 2747 Christiani

170 2759 349 2794 auderent
371 2761 494 2795 conari
518 2762 655 2807 magica
681 2765 861 2796 sectantes
899 2761 940 2795 in
970 2765 1130 2796 nostram
1163 2761 1377 2807 religionem
1402 2758 1627 2807 pertrahere.
