1924 3164
440 185 473 224 E
513 183 668 225 PETm
708 167 941 227 PATmcn
990 183 1262 227 ffls‘romA.
1472 186 1492 220 1
1507 186 1577 240 29

141 281 293 340 ἄδηλον
307 285 383 326 τοῦ
400 287 582 338 πολέμου
599 283 869 338 ,ἄποβλέπωη
889 280 977 337 ἅμα
1001 285 1048 327 δὲ
1081 287 1152 328 καί
1174 282 1240 327 ὅτι
1269 283 1308 326 οἱ
1333 287 1408 327 τοῦ
1425 289 1575 328 Λικιν-
1592 285 1762 330 &sl-3¹4

138 353 227 393 νιὀυ
274 350 413 408 ἐφόδῳ
461 348 722 407 λανθανούσῃ
764 349 1032 405 ’χρησάμενοι
1079 350 1156 407 τὴν
1194 349 1404 408 βαστάγην
1442 352 1577 394 αὐτοῦ
1584 335 1696 415 g⁰²¹⁵²
1715 342 1739 378 9

136 415 239 470 μετὰ
279 419 352 472 τῆς
380 419 598 471 βασιλικῆς
623 416 857 471 ὑπηρεσίας
884 419 1112 471 κατέσχον,
1145 418 1311 472 δέχεται
1339 415 1494 464 αὖτόν.
1551 416 1574 460 ὃ

138 482 186 524 δὲ
211 487 296 531 τοῖς
324 484 423 524 δυσί
445 484 664 536 βασιλεῦσι
690 479 765 536 τὴν
793 480 959 537 εἰρήνην
985 481 1288 538 ἐπρεσβεύετο,
1333 482 1393 540 μή
1419 486 1578 539 χρῆναι

112 549 269 602 5λέγων
306 546 380 590 τὸν
419 546 521 596 τούς
549 545 792 602 ὁμοφύλους
822 546 1062 602 νενικηκότα
1089 553 1178 591 κατ’
1204 546 1347 593 αὖτῶν
1371 552 1577 605 χαλεπαί-

101 622 104 626 ’
134 627 238 655 νειν.
266 608 345 666 δ’,τι
371 611 452 668 γοὶρ
483 608 535 654 ἂν
562 609 786 666 οἷπόλοιτο,
814 614 936 656 τοῦτο
965 614 1106 655 λοιπὸν
1131 616 1189 671 τῷ
1213 605 1455 671 νενικηκότι,
1484 611 1583 658 cin·

135 678 235 733 ου’χί
263 683 351 728 τοῖς
388 678 635 734 ἡττωμένοις
662 673 955 720 ἀπόλλυσθαι·
1011 678 1086 720 καί
1121 676 1186 721 ὅτι
1215 678 1237 721 ὅ
1273 679 1338 723 ,ἔνι’
1361 680 1436 737 τῆν
1462 683 1578 738 εἰρή-

133 736 207 798 νην
234 738 491 798 ἀρνούμενος
518 745 680 786 πολλῶν
709 745 927 800 ἐμφυλίων
953 747 1145 797 πολέμων
1171 747 1330 800 γίνεται
1359 745 1504 796 αἴτιος.
1551 740 1578 788 ὅ
1605 787 1607 789 ,

134 808 182 849 δὲ
207 807 409 862 βασιλεὺς
438 809 498 866 τῷ
523 824 569 850 τε
597 809 805 867 προσώπῳ
833 808 906 851 καὶ
943 801 996 867 τῇ
1023 811 1098 851 τοῦ
1125 808 1316 864 σώματος
1343 811 1502 868 κινήσει
1528 811 1574 855 τὸ

84 874 310 928 ιομέγεθος
349 875 422 929 τῆς
459 873 586 930 ὄργῆς
627 873 781 930 δηλῶν,
823 877 896 917 καί
928 874 1051 928 μόλις
1089 874 1233 932 φωνὴν
1260 877 1410 933 οἰφεῖς,
1438 875 1574 920 εἶπεν·

134 935 242 992 »οὐχ
271 936 380 981 οὕτω
408 942 538 996 μέχρι
565 941 642 982 τοῦ
669 938 874 996 παρόντος
902 939 1196 996 διαγενόμεθα,
1225 943 1324 984 οὐδὲ
1352 942 1424 985 διὰ
1451 945 1578 985 τοῦτο

85 1047 90 1055 ,
133 1007 181 1048 ἐκ
208 1005 286 1046 τοῦ
314 1004 501 1046 ὠκεανοῦ
536 1007 665 1061 μέχρι
703 1007 785 1047 ταῖν
821 1007 1003 1048 ἐνταῦθα
1031 1007 1306 1060 πολεμοῦντες
1333 1010 1406 1050 καί
1431 1010 1576 1061 νικῶν-

133 1085 206 1119 τες·
229 1069 490 1126 α’φικόμεθα,
522 1068 632 1113 ὥστε
660 1069 720 1125 μὴ
750 1072 912 1112 ἐθέλειν
937 1069 1009 1113 τὸν
1037 1071 1185 1113 οἰκεῖον
1213 1071 1405 1130 γαμβρὸν
1430 1075 1610 1116 nomm-C

131 1133 204 1177 νὸν
234 1134 345 1188 ἔχειν
375 1133 446 1176 διὰ
475 1134 527 1177 τὰ
554 1135 667 1190 μύση
696 1136 832 1177 αὐτοῦ
867 1135 943 1176 καί
966 1130 1311 1190 τὴνοῖγχιστειῖιν
1339 1136 1575 1194 α’παγορεύο

84 1209 220 1253 ι5ειν,
250 1201 409 1249 εὐτελὲς
436 1201 483 1242 δὲ
511 1201 774 1255 ἀνδράποδον
793 1202 884 1253 μετ’
913 1199 1049 1241 αὐτοῦ
1075 1199 1212 1250 εἰς-τοὶ
1231 1204 1426 1255 βασίλεια
1448 1218 1581 1258 προσ-

133 1267 380 1317 aegaeam?
435 1266 648 1307 ἐκέλευσεν
698 1259 772 1307 οὖν
809 1263 881 1307 τὸν
911 1265 1185 1320 Μεστριανὸν
1219 1265 1370 1309 τούτου
1398 1270 1476 1310 τοῦ
1501 1266 1581 1322 μὲ-

133 1345 234 1387 ρους
263 1332 339 1387 τῆς
364 1331 586 1386 πρεσβείας
616 1330 899 1384 σχολάζοντα,
943 1329 988 1372 εἴ
1010 1347 1052 1372 τι
1079 1333 1222 1387 ἕτερον
1251 1333 1384 1375 αἰτεῖν
1408 1333 1580 1387 βούλοι-

83 1410 88 1413 ·
129 1412 195 1452 το,
224 1396 377 1451 λέγειν·
407 1395 480 1438 καί
505 1395 618 1447 ἔδοξε
643 1395 716 1438 τὸν
742 1396 936 1438 Βάλεντα
966 1397 1220 1451 ἐκβληθῆναι
1246 1398 1319 1453 τῆς
1345 1401 1575 1453 βασιλείας.

240 1462 310 1504 ιδ’.
354 1458 444 1504 ’Ότι
476 1463 730 1516 Μαγνέντιος
763 1463 836 1503 καί
860 1462 1102 1518 Βετρανίων
1139 1464 1350 1516 πέμπουσι
1382 1461 1755 1520 πρέσβειςᾹ·(ἶ·350

80 1526 237 1585 ῃοπρὸς
264 1525 584 1571 Κωνστάντιον.
641 1530 877 1581 πέμπονται
906 1529 952 1569 δὲ
983 1528 1201 1584 Ῥουφῖνος
1227 1528 1301 1571 καὶ
1330 1508 1747 1586 ῙΙῚαρκελλ.ῑ”’-Οῡ”““14

129 1610 220 1648 νος,
251 1593 274 1636 ὅ
300 1596 379 1648 μὲν
405 1591 594 1650 ὕπαρχος
622 1589 680 1636 α’)’ν
708 1595 792 1636 τῶν
819 1595 1106 1650 πραιτωρίων,
1147 1593 1170 1636 ὅ
1204 1596 1251 1636 δὲ
1277 1596 1414 1651 ἕτερος
1439 1613 1568 1653 στρα-
1580 1608 1621 1643 V.
1633 1619 1678 1642 ’.ιο

129 1661 326 1716 τηλάτης,
354 1659 428 1701 καί
453 1662 684 1714 Νουνέχιος
722 1657 990 1714 συγκλητικὸς
1035 1656 1241 1714 ὕπαρχος,
1274 1660 1348 1702 καί
1371 1660 1572 1715 Μάξιμος

130 1725 237 1782 πρὸς
274 1725 466 1779 τούτοις,
511 1723 821 1780 ύπομνὴσοντες
858 1723 929 1767 τὸν
956 1722 1253 1768 Κωνστάντιον
1276 1722 1430 1769 ,ὅπλων
1459 1727 1606 1769 ἄπο-Ι)
1664 1744 1669 1751 ·

225 1815 262 1849 5.-
293 1811 412 1849 αὐτὸν
445 1815 539 1858 vulg.
682 1826 732 1848 ιο.
765 1815 828 1856 τῆς
855 1825 924 1847 οιιι.
954 1814 1051 1859 vulg.
1192 1826 1243 1848 ιι.
1269 1813 1575 1861 διαγεγενῆμεθα

226 1862 326 1943 ῑῖξί
340 1862 446 1951 Bvfflg.
477 1872 527 1906 ¹7·
556 1859 805 1928 σχολάζοντος
828 1861 922 1907 vulg.
1000 1872 1052 1906 ¹9·
1080 1862 1293 1906 Βετρανίων
1315 1861 1358 1895 Ν.
1368 1885 1381 1902 ,
1417 1864 1573 1907 Βρεττα-

131 1998 258 2021 manus
283 1985 443 2018 militum
454 1982 611 2017 Licinnii
636 1982 795 2016 iumenta
819 1981 1007 2026 sarcinalia
1031 1991 1111 2016 cum
1133 1982 1231 2029 regia
1256 1983 1501 2029 suppellectili
1525 1986 1572 2022 ad

131 2045 170 2068 se
194 2032 405 2067 tendentem
438 2029 663 2064 clandestina
695 2030 901 2062 incursione
934 2031 1211 2074 interceperats
1231 2030 1389 2076 legatum
1414 2032 1574 2073 admisit,

130 2081 199 2114 Ille
237 2090 322 2113 vero
357 2077 402 2112 de
435 2088 524 2123 pace
546 2078 642 2110 inter
673 2081 865 2120 utrumque
898 2077 1154 2120 Imperatorem
1191 2078 1438 2121 componenda
1464 2090 1571 2124 agens

130 2126 298 2167 dicebat,
323 2136 397 2158 non
420 2129 587 2169 oportere
612 2133 705 2162 eum,
718 2124 781 2168 qui
804 2121 848 2154 de
873 2121 1011 2155 civibus
1036 2122 1110 2155 suis
1133 2123 1319 2157 victoriam
1334 2129 1569 2168 reportasset,

129 2173 176 2206 iis
201 2173 318 2207 irasci.
367 2169 554 2216 Quicquid
589 2170 685 2202 enim
716 2170 891 2209 intereat,
923 2169 1072 2209 victori,
1097 2180 1171 2202 non
1193 2170 1287 2203 victo
1323 2171 1495 2213 interire,
1532 2178 1570 2206 et

129 2221 161 2254 si
184 2231 281 2254 nunc
303 2219 368 2252 uni
388 2229 512 2263 pacem
539 2216 789 2261 denegaverit,
817 2216 1012 2248 multorum
1038 2215 1218 2249 bellorum
1241 2218 1402 2252 civilium
1426 2229 1569 2253 causam

129 2266 207 2299 fore
228 2272 264 2300 et
287 2270 481 2299 auctorem.
529 2265 576 2298 At
599 2264 796 2308 Imperator
828 2266 865 2300 et
890 2263 993 2295 vultu
1018 2267 1055 2295 et
1081 2267 1180 2296 motu
1206 2265 1365 2307 corporis
1388 2265 1568 2299 acerbita-

128 2318 204 2347 tem
228 2313 302 2346 irae
327 2323 410 2345 suae
437 2311 697 2349 demonstrans,
722 2315 884 2351 etraegre
908 2318 1030 2341 vocem
1055 2310 1222 2342 emittens
1248 2309 1361 2344 dixit:
1385 2311 1488 2349 „Non
1513 2314 1565 2345 ita

129 2369 196 2392 nos
225 2358 271 2392 ad
294 2358 364 2391 hoc
388 2369 501 2403 usque
518 2363 656 2401 tempus
683 2357 865 2401 gessimus,
891 2365 1010 2400 neque
1034 2354 1117 2388 ideo
1152 2354 1197 2386 ab
1221 2355 1365 2390 Oceano
1390 2357 1460 2399 huc
1483 2357 1565 2392 bel-

128 2405 205 2438 lum
232 2410 392 2450 gerentes
430 2410 467 2439 et
492 2405 675 2437 vincentes
700 2402 945 2451 pervenimus,
972 2406 1014 2434 ut
1038 2412 1207 2447 generum
1231 2408 1397 2438 nostrum
1417 2411 1566 2449 propter

130 2452 270 2485 nefaria
293 2451 427 2496 flagitia
454 2463 475 2484 a
507 2451 677 2484 societate
702 2449 802 2493 regni
838 2448 1067 2481 excludamus
1097 2454 1133 2482 et
1149 2448 1358 2483 affinitatem
1383 2452 1458 2484 eius
1487 2451 1564 2485 dis-

129 2498 326 2538 solvamus,
361 2503 399 2531 et
427 2498 500 2531 vile
535 2497 753 2541 mancipium
778 2505 857 2528 cum
885 2495 963 2538 ipso
985 2496 1025 2528 in
1047 2496 1238 2540 imperium
1261 2497 1564 2532 introducamus.”

129 2545 240 2577 Iussit
265 2544 375 2589 igitur
406 2544 651 2584 Mestrianum,
673 2541 743 2575 hac
774 2540 963 2586 legationis
992 2547 1095 2585 parte
1120 2543 1270 2583 omissa,
1296 2543 1325 2575 si
1352 2544 1441 2589 quid
1463 2545 1564 2578 aliud

128 2590 242 2627 vellet
263 2601 435 2635 promere.
482 2592 528 2624 Et
547 2592 663 2625 visum
687 2595 742 2622 est
763 2588 955 2621 Valentem
978 2587 1022 2621 ab
1047 2589 1200 2634 imperio
1225 2589 1393 2624 deiicere.

228 2636 278 2680 ¹4·
327 2637 551 2682 Magnentius
583 2642 620 2670 et
650 2635 816 2670 vetranio
862 2634 1012 2668 mittunt
1057 2635 1191 2680 legatos
1232 2636 1277 2669 ad
1301 2636 1560 2678 Constantium.

130 2682 326 2717 Mittuntur
353 2689 472 2717 autem
506 2683 654 2717 Rufinus
688 2687 724 2715 et
745 2681 996 2723 Marcellinus,
1043 2680 1104 2715 hic
1127 2682 1329 2727 praefectus
1362 2685 1561 2729 praetorio,

128 2729 194 2764 ille
217 2729 366 2763 alterius
390 2730 538 2774 agminis
563 2728 710 2770 ductor,
736 2733 773 2762 et
795 2726 1004 2762 Nunechius
1027 2727 1180 2763 Senatus
1203 2729 1394 2775 Princep5‚
1424 2735 1462 2764 et
1483 2731 1563 2764 Ma-

174 2798 362 2844 Dexippus
373 2823 383 2840 ‚
400 2797 596 2843 Eunapius
615 2805 682 2833 etc.
1274 2795 1300 2841 9
