1838 3210
730 176 802 218 DE
837 174 1080 218 DEXIPPO·
1510 175 1620 215 XVII

179 279 297 319 baros
322 285 543 335 pugnatum
563 292 646 320 esse
659 279 734 331 ι3);
765 295 847 334 quo
875 289 1082 334 tempore,
1112 282 1308 332 quantum
1330 276 1372 314 in
1394 281 1506 315 tanta
1523 291 1618 316 nar-

178 347 380 386 rationum
404 346 702 399 perturbatione
725 346 858 400 colligi
890 354 1035 401 potest,
1061 343 1344 385 Thessalonica
1374 355 1514 381 eorum
1542 343 1616 382 im-

176 418 315 465 petum
338 413 494 452 fortiter
516 412 718 452 sustinuit.

289 479 527 517 Orationem
564 479 734 532 Dexippi
751 507 763 528 ,
803 478 1085 531 scribendique
1121 490 1272 531 genus,
1309 476 1459 529 ingenti
1500 474 1618 514 laude

175 542 290 582 effert
327 543 497 583 Photius
523 574 536 596 ,
575 558 622 584 eo
659 559 786 598 usque
817 552 863 583 ut
905 544 1175 596 Thucydidem
1218 543 1421 597 perspicue
1457 541 1618 596 loquen-

173 617 250 647 tem
287 609 418 661 dicat3
456 624 559 663 quae
598 612 702 649 mira
742 618 800 650 est
840 612 918 650 viri
963 610 1172 663 prudentis
1212 620 1236 647 a
1262 621 1360 648 vero
1396 607 1610 646 aberratio.

174 675 299 714 Nemo
334 678 440 714 enim
476 677 519 715 in
559 690 606 716 eo
645 678 862 730 quicquam
900 683 1060 730 praeter
1099 675 1262 714 inanem
1288 673 1493 727 degeneris
1529 674 1617 712 aevi

173 740 377 781 rhetorem
415 750 603 796 agnoscet
617 772 628 791 ,
659 749 706 781 ut
746 744 900 781 mirum
925 744 976 782 sit
1003 744 1072 795 qui
1100 749 1183 780 tam
1222 739 1393 794 puerilia
1421 745 1615 788 sectetur,

178 807 284 847 inter
311 821 375 847 res
406 808 551 847 arduas
577 809 753 862 positum
768 838 780 859 ‚
813 822 957 862 magna
976 809 1154 861 gessisse.

281 874 397 924 Quae
424 874 473 913 de
492 874 675 927 Dexippo
706 881 863 913 exstant
889 875 1117 913 testimonia
1144 874 1350 925 sequentia
1378 871 1461 911 fere
1488 878 1581 910 sunt
1601 885 1614 911 ε

280 940 507 979 luscium-10
537 942 579 979 in
605 954 770 995 corpore
800 940 988 979 Boeckhii
1016 955 1059 978 n.
1080 938 1174 979 380.

277 1001 409 1044 Κατὰ
447 1001 494 1046 τὸ
534 1001 784 1060 ἐπερώτημα
819 1005 893 1059 τῆς
919 1006 964 1054 ἐξ
999 1002 1166 1059 Ἀρείου
1196 1005 1331 1057 πάγου
1360 1001 1515 1057 βουλῆς
1544 1002 1619 1043 καὶ

174 1069 250 1124 τῆς
274 1071 428 1124 βουλῆς
459 1071 544 1112 τῶν
580 1072 667 1112 ²P'N
690 1069 764 1111 καί
788 1070 865 1111 τοῦ
894 1067 1030 1124 δήμου
1058 1070 1143 1111 τῶν
1166 1069 1419 1123 Ἀθηναίων,
1449 1065 1524 1108 τὸν
1540 1061 1617 1122 ἄρ-

171 1137 298 1184 ξαντα
323 1133 401 1189 την
428 1138 505 1176 τοῦ
530 1137 739 1190 βασιλέως
766 1137 811 1177 ἐν
833 1136 1119 1188 Θεσμοθέταις
1145 1131 1300 1190 ἀρχὴν,
1330 1135 1404 1176 καί
1428 1128 1614 1188 ἄρξαντα

171 1197 250 1254 τήν
280 1199 502 1253 ἐπώνυμον
527 1199 690 1257 ἆρχὴν,
718 1199 794 1242 καί
817 1200 1273 1256 πανηγυριαρχήσαντα
1300 1199 1374 1239 καί
1401 1198 1615 1251 α’γωνοθε-

168 1263 354 1320 τὴσαντα
381 1267 464 1318 τῶν
489 1264 682 1320 μεγάλων
711 1267 1034 1321 Παναθηναίων
1050 1298 1063 1318 ,
1094 1263 1259 1306 οἴκοθεν
1286 1263 1401 1318 ἱερέα
1428 1264 1612 1317 παναγῆ,

168 1329 363 1373 Πόπλιον
381 1330 586 1388 Ἑρέννιον
605 1333 814 1382 Δέξιππον
825 1330 1096 1384 Πτολεμαίου
1115 1327 1309 1387 Ἕρμειον
1319 1363 1332 1382 ,
1353 1327 1425 1371 τὸν
1453 1326 1613 1385 ῥήτορα

166 1397 241 1439 καί
265 1398 535 1454 συγγραφέα,
566 1399 716 1453 ἀρετῆς
743 1397 863 1440 ἕνεκα
892 1396 931 1439 οἶ
958 1398 1118 1446 παῖδες.

323 1469 454 1526 Ἀλκῇ
482 1467 555 1510 καὶ
582 1466 761 1522 μύθοισι
788 1471 862 1510 καί
886 1469 932 1511 ἐν
958 1471 1155 1521 βουλαῖσι
1182 1468 1429 1524 κρατίστους

371 1528 560 1591 ’Ἀνδρας
588 1530 856 1589 ἆγακλειτούς
883 1536 1045 1589 γείνατο
1074 1534 1289 1589 Κεκροπίη
1307 1546 1318 1556 ·

324 1595 400 1643 7Ών
428 1603 502 1643 ἕνα
530 1602 604 1643 καί
628 1603 865 1653 Δέξιππον,
895 1597 941 1650 ὃς
969 1598 1150 1656 ἱστορίην
1178 1598 1422 1655 ἑσαθρήσας

383 1669 552 1716 Αἰῶνος
577 1665 750 1722 δολιχὴν
779 1667 986 1722 ἀτρεκέως
1013 1664 1211 1722 ἔφρασεν.

330 1736 424 1777 Καὶ
438 1730 490 1775 τὰ
506 1735 586 1786 μὲν
600 1731 722 1783 αὐτὸς
738 1733 877 1775 ἐπεῖδε
891 1766 903 1785 ,
932 1730 983 1775 τὰ
1004 1733 1031 1774 δ
1036 1734 1101 1775 ’ἐκ
1118 1733 1276 1786 βίβλων
1295 1730 1498 1781 οἷναλέξας

381 1795 550 1854 Εὕρατο
579 1798 775 1854 παντοίην
803 1798 987 1855 ἱστορίης
1017 1795 1222 1854 ἆτράπόν.

321 1859 380 1905 Ἦ
404 1865 512 1917 μέγα
540 1862 696 1913 κλεινὸς
724 1862 855 1920 ἀνὴρ,
885 1861 931 1912 ὃς
959 1864 1035 1906 νοῦ
1062 1858 1146 1905 ἄπο
1171 1865 1327 1918 μυρίον
1352 1856 1469 1916 ῧμμα

377 1926 596 1980 Ἔκτείνας,
622 1930 819 1983 χρονίους
845 1926 1022 1982 πρήξιας
1047 1929 1266 1981 ἐξέμαθεν.

330 1992 458 2048 Φήμη
485 1995 563 2046 μὲν
590 1996 818 2048 περιβωτος
846 1993 911 2034 εἶν’
931 1992 1131 2045 Ἑλλάδα,
1162 1990 1239 2046 τήν
1267 1991 1291 2032 ὅ
1318 1990 1498 2048 νεανθης

373 2056 508 2108 Αἶνος
536 2058 730 2116 Δεξίππῳ
759 2059 890 2100 δῶκεν
916 2059 987 2113 ἐφ’
1014 2056 1194 2115 ἱστορίῃ.

331 2119 515 2167 Τοῖἷνεκα
545 2122 597 2179 δὴ
626 2123 700 2165 καί
724 2125 872 2172 παῖδες
902 2121 1147 2178 ἀγακλειτὸν
1172 2124 1371 2179 γενετῆρα

378 2189 640 2247 Μορφὴεντα
666 2191 786 2232 λίθον
812 2190 949 2245 θῆκαν
977 2185 1260 2242 ἀμειβόμενοι.

270 2277 447 2318 Pnorms
475 2276 565 2315 cod.
597 2275 695 2315 82.:
733 2269 999 2327 Ἀνεγνοόσθη
1026 2273 1235 2322 Δεξίππου
1262 2268 1316 2313 τὰ
1343 2268 1448 2324 μετὰ
1480 2266 1601 2315 Ἀλέ-

165 2342 363 2396 ξανδρον,
404 2338 448 2381 ἐν
479 2337 617 2393 λόγοις
642 2341 880 2394 τέσσαρσιν.
909 2335 1152 2392 ἀνεγνώσθη
1183 2338 1230 2378 δὲ
1258 2333 1387 2378 αὐτοῦ
1413 2339 1486 2379 καί
1510 2339 1599 2379 ἔτεα

163 2422 239 2463 ρον
268 2405 473 2458 σύντομον
500 2403 721 2461 ἱστορικόν,
747 2406 877 2459 μέχρι
902 2405 975 2459 τῆς
1011 2403 1232 2446 Κλαυδίου
1270 2403 1488 2457 ἐπιτρέχον
1522 2403 1598 2452 τὰς

164 2468 472 2528 κεφαλαιώδεις
499 2467 668 2553 πράξεεις
687 2472 916 2525 βασιλείας.
943 2468 1185 2524 ἀνεγνώσθη
1213 2469 1259 2510 δὲ
1285 2468 1418 2509 αὐτοῦ
1447 2467 1521 2509 καὶ
1543 2468 1595 2510 τὰ

166 2535 374 2589 Σκυθικά,
403 2538 449 2578 ἒν
478 2533 539 2585 οις
567 2534 613 2578 αἱ
634 2536 853 2589 Ῥωμαίων
880 2531 996 2593 αυτῷ
1023 2537 1106 2578 καί
1122 2535 1300 2577 Σκυθῶν
1328 2533 1596 2611 α’ναγράφονε

164 2617 237 2643 ται
263 2601 369 2668 πρὸς
398 2600 602 2656 ἀλλήλους
631 2601 766 2656 μάχαι
793 2617 838 2643 τε
866 2618 936 2644 και
964 2598 1172 2655 ἀξιόλογοι
1209 2598 1393 2655 πράξεις.
1431 2597 1518 2640 ἐστι
1547 2600 1594 2640 δὲ

163 2665 241 2722 τήν
274 2665 432 2724 φράσιν
470 2663 689 2723 ἀπέριττός
724 2683 767 2710 τε
811 2683 881 2710 και
920 2684 1029 2727 ογκω
1063 2684 1132 2710 και
1165 2662 1372 2720 ἀξιώματι
1406 2665 1592 2722 χαίρων,

189 2773 246 2819 13)
271 2773 428 2809 Trebell.
453 2775 586 2816 Pollio,
612 2774 736 2808 Claud.
768 2786 817 2809 12.

201 2842 409 2890 Dexippus,
433 2844 627 2890 Eunapiuu
649 2852 716 2880 etc.
1311 2838 1335 2877 b
