1924 3164
345 143 455 218 578
714 161 945 203 PH1L1PP1
980 157 1163 202 LABBE1
1202 160 1386 203 NOTAE

340 266 569 315 Diaconus,
598 267 683 304 sive
715 267 847 317 potius
881 264 1102 303 Landulfus
1133 264 1259 317 Sagax
1300 261 1570 303 Miscellarum
1613 260 1774 302 histori-
1806 264 1809 270 “

341 335 457 359 arum
489 319 557 358 lib.
596 319 655 370 14.

453 375 554 426 Pag.
576 374 636 412 16.
654 373 706 412 Α.’
722 369 834 427 [l1713
859 372 941 426 14]
979 373 1129 411 Helion
1157 373 1349 425 Magister·
1374 370 1590 424 officiorum
1625 379 1663 409 et
1690 370 1773 410 Pa-

338 431 482 468 tricim.
541 429 573 466 H
582 428 718 466 elionis
742 428 861 466 huius
888 429 1068 465 meminit
1094 427 1274 466 Socrates
1297 435 1384 465 tum
1407 426 1479 466 lib.
1504 441 1541 479 7.
1561 439 1648 477 cap.
1671 438 1736 463 20.
1759 453 1773 472 ,

339 485 410 521 ubi
439 484 613 534 legatum
637 484 688 521 ad
712 483 853 521 Persas
884 482 1035 533 refert,
1055 489 1101 519 ut
1123 495 1214 519 cum
1234 481 1310 520 illis
1335 495 1473 533 pacem
1502 480 1772 519 constitueret:

339 535 489 586 πέμπει
513 531 783 575 οὗνῬΙλίωνα
805 568 816 586 ,
852 529 984 589 ἄνδρα
1006 567 1018 585 ,
1048 532 1096 574 ὃν
1129 533 1237 573 πάνυ
1269 532 1336 574 διὰ
1372 534 1492 586 τιμῆς
1529 529 1652 585 ἦγεν,
1676 540 1775 572 'tum

341 591 467 629 eiusd.
499 590 590 629 libri
615 606 703 643 cap.
738 590 802 642 24.
821 621 831 639 ‚
880 591 975 628 dum
999 591 1283 629 Valentiniano
1310 590 1471 628 missam
1501 603 1526 628 a
1548 587 1776 629 Theodosio

341 645 580 683 consobrino
595 661 783 684 coronam
803 646 1095 698 imperatoriam
1113 652 1295 683 testatur.
1328 644 1596 697 Corrigendus
1614 643 1776 681 interim·

341 700 598 752 Theophanis
616 699 725 739 locus
744 702 784 739 in
808 701 891 739 MS.
910 707 1048 738 nostro
1071 700 1206 738 codice
1223 729 1233 749 ‚
1251 699 1364 738 cuius
1387 699 1486 738 haec
1515 705 1607 737 sunt
1623 697 1770 736 verba:

344 753 568 799 Θεοδόσιος
617 751 686 793 διὰ
723 749 880 807 Λήϊνος
912 752 1131 805 πατρικίου
1171 753 1376 806 στέφανον
1404 751 1617 803 βασιλικὸν
1647 747 1774 800 ἔπεμ-

340 817 420 857 ψεν
454 809 508 861 τῷ
552 803 879 862 Οιῖαλεντινιανῷ
924 804 1164 862 Sv‘Puipqy:
1209 808 1336 846 scribe
1376 805 1603 856 εΗλίωνος,
1631 812 1677 844 ut
1713 819 1774 845 res

340 863 427 914 ipsa
452 862 643 914 loquatur,
680 878 921 915 quamquam
950 861 1183 901 Anastasius
1198 862 1529 901 Bibliothecarius
1556 868 1594 899 et
1614 859 1773 899 Miscel-

340 915 403 954 lae
423 917 576 955 Auctor
615 919 849 956 sententiam
881 919 996 955 istam
1030 918 1322 970 praeterierint.
1379 916 1645 969 Corrigendus
1671 928 1773 967 quo-

339 985 417 1023 que
453 973 509 1020 is,
541 986 660 1023 quem
700 987 790 1011 mox
837 971 1058 1024 appellavi,
1106 972 1365 1019 Anastasius,
1413 971 1510 1010 dum
1549 969 1774 1009 fleleonem

338 1032 496 1064 vocat:
544 1027 671 1065 Mittit
711 1028 918 1079 legatarios
958 1026 1174 1065 Heleonem
1205 1026 1422 1064 Patricium
1442 1054 1454 1074 ‚
1499 1039 1610 1080 quem
1654 1024 1776 1062 valde

337 1079 607 1119 honorandum
630 1082 802 1130 ducebat,
826 1082 923 1132 [non
955 1081 1120 1130 dicebat,
1138 1088 1184 1119 ut
1207 1094 1393 1119 excusum
1406 1087 1464 1118 est
1483 1081 1523 1118 in
1546 1078 1722 1119 Miscella
1738 1076 1774 1134 ‚]

338 1142 376 1172 et
408 1133 636 1174 Anatolium
653 1167 663 1183 ‚
702 1137 874 1174 Orientis
908 1135 1119 1187 Stratigon.
1176 1136 1266 1173 Scio
1295 1135 1496 1173 Socratem
1517 1134 1566 1172 de
1596 1140 1776 1185 tempore

337 1189 481 1227 missae
510 1189 616 1229 illius
640 1191 691 1229 ad
726 1192 940 1229 Persarum
970 1204 1102 1243 regem
1146 1189 1351 1242 legationis
1399 1202 1491 1227 cum
1528 1187 1773 1240 Theophane

337 1243 504 1295 eiusque
533 1245 815 1297 interpretibus
842 1259 921 1282 non
952 1246 1180 1283 convenire.
1238 1245 1392 1282 Verum
1411 1243 1514 1282 hanc
1539 1242 1649 1281 litem
1675 1241 1773 1280 diri-

336 1310 446 1335 mere
475 1311 556 1336 non
582 1307 641 1338 est
673 1300 793 1338 huius
820 1312 962 1351 operae
978 1329 987 1346 ‚
1021 1313 1142 1351 quam
1161 1299 1281 1337 modo
1308 1299 1477 1350 aggressi
1506 1308 1656 1336 sumus.
1704 1295 1772 1334 Ad

337 1351 562 1390 Candidum
610 1356 745 1407 itaque
789 1355 905 1408 eique
946 1353 1181 1393 adiunctum
1220 1353 1506 1407 Theophanem
1538 1350 1773 1405 Byzantium

334 1412 597 1447 transeamus.

204 1615 238 1650 p.
268 1592 356 1650 103'
657 1612 700 1658 E
754 1610 1110 1659 CANmDo
1167 1609 1465 1659 lsAURo.

450 1715 678 1755 Candidum
706 1730 751 1754 ex
777 1715 1041 1754 T‘racheotide
1067 1717 1154 1761 ,sive
1193 1728 1335 1768 aspera
1358 1715 1506 1753 Isauria
1537 1715 1769 1767 oriundum,

336 1771 487 1811 ibidem
519 1772 733 1822 exceptoris
775 1771 971 1809 notariive
1003 1769 1132 1808 officio
1166 1770 1273 1822 apud
1303 1771 1554 1822 magistratus
1587 1769 1770 1810 sunctum

335 1827 457 1865 fuisse
476 1839 521 1862 ac
539 1824 727 1876 religione
743 1825 1012 1863 Christianum
1030 1824 1442 1877 Chalcedonensisque
1458 1824 1610 1878 Synodi
1634 1825 1771 1864 defen-

336 1894 466 1919 sorem
486 1882 723 1917 acerrimum
754 1880 969 1931 praemittit
992 1879 1160 1917 Photius
1178 1908 1190 1929 ‚
1222 1880 1290 1931 qui
1320 1880 1362 1917 in
1395 1880 1478 1917 eius
1501 1879 1650 1932 stylum
1677 1879 1770 1932 plu-

335 1935 449 1973 ribus
477 1947 685 1972 censuram
701 1933 820 1985 paulo
841 1940 930 1986 post
960 1940 1127 1972 exercet.
1186 1934 1220 1971 N
1226 1948 1268 1972 ec
1298 1933 1414 1985 plura
1437 1934 1486 1972 de
1521 1948 1567 1972 eo
1597 1934 1767 1986 praefari

333 1988 402 2027 hic
422 2002 633 2042 possumus
649 2017 660 2037 ‚
689 2002 783 2025 cum
818 1987 928 2026 nulla
959 1989 1081 2041 ipsius
1109 1988 1216 2040 apud
1248 1995 1397 2027 ceteros
1427 1989 1636 2041 scriptores
1668 1987 1770 2027 hac-

334 2050 450 2091 tenus
475 2042 608 2080 oblata
630 2044 680 2080 sit
697 2044 860 2080 mentio.

445 2097 549 2148 Pag.
578 2096 706 2148 17.A.
729 2096 846 2149 [472,
867 2095 924 2148 2.]
954 2095 1078 2135 Λέων
1114 2089 1166 2147 ἦν
1199 2095 1244 2136 ἐκ
1269 2095 1429 2142 Δακίας
1445 2097 1518 2149 ’τῆς
1552 2095 1595 2136 ἐν
1627 2093 1764 2136 Ἰλλυ-

336 2153 454 2203 ριοῖς,
508 2151 674 2188 Daciam
713 2153 834 2189 fuisse
866 2150 1064 2202 duplicem
1081 2180 1091 2198 ‚
1131 2152 1582 2190 Trans—Danubianam
1618 2151 1766 2191 scilicet

336 2206 419 2243 siv-e
440 2212 614 2243 veterem
630 2234 640 2251 ‚
665 2219 786 2256 quam
805 2205 992 2243 Gothiam
1015 2219 1059 2243 ac
1087 2205 1296 2257 Gepidiam
1319 2220 1390 2245 suo
1412 2213 1590 2258 tempore
1617 2206 1764 2245 dictam

336 2259 485 2297 fatetur
521 2259 761 2309 Iomandes,
802 2266 841 2297 et
882 2273 1028 2297 novam
1067 2261 1120 2298 cis
1147 2261 1379 2298 Danubium
1409 2262 1550 2309 sitam,
1591 2261 1632 2298 in
1667 2259 1767 2299 duas

336 2320 472 2364 postea
487 2341 499 2362 ‚
523 2313 734 2365 Ripensem
763 2314 1173 2366 Mediterraneamque
1189 2344 1200 2365 ,
1228 2314 1396 2352 divisam
1423 2321 1579 2357 >norunt
1602 2315 1763 2354 eruditi.

334 2366 449 2411 Hanc
477 2366 527 2403 ad
556 2369 699 2418 prioris
720 2368 1010 2406 distinctionem
1041 2368 1204 2407 Aam'av
1235 2364 1310 2419 τήν
1345 2368 1389 2407 ἐν
1419 2366 1649 2417 Ἰλλυριοῖς,
1679 2369 1765 2407 Da-

333 2422 435 2464 ciam
465 2418 664 2472 Illyricam
683 2429 799 2460 vocat
824 2422 907 2460 sive
926 2422 1095 2463 Photius
1115 2452 1127 2469 0
1153 2424 1234 2461 sive
1261 2425 1294 2461 is
1318 2423 1430 2460 cuius
1455 2421 1577 2460 verba
1603 2429 1763 2461 senten-

331 2475 485 2526 tiasque
509 2476 694 2527 excerpit,
722 2475 940 2522 Candidus,
962 2477 1031 2528 qui
1058 2476 1186 2517 tribus
1209 2476 1320 2515 libris
1335 2476 1539 2515 historiam
1563 2490 1761 2521 annorum

335 2529 400 2569 35.
420 2527 650 2579 'complexus
678 2537 750 2567 est.
809 2531 994 2568 Totidem
1019 2533 1165 2584 quippe
1187 2530 1383 2569 fluxerunt
1419 2530 1470 2568 ab
1497 2545 1603 2570 anno
1621 2531 1763 2575 Domi-

332 2583 411 2621 nici
459 2581 610 2620 Natalis
644 2582 758 2635 457„
790 2585 895 2636 (quo
919 2612 930 2632 ‚
970 2585 1101 2623 studio
1139 2585 1370 2637 praesertim
1398 2584 1577 2637 Asparis,
1618 2598 1762 2638 genere

333 2635 485 2683 Alani,
518 2636 732 2674 Ardaburii
751 2667 760 2683 ‚
791 2638 839 2675 de
877 2652 960 2691 quo
989 2638 1039 2677 ad
1064 2639 1398 2692 Olympiodorum
1430 2640 1627 2688 diximus,
1664 2639 1762 2687 filii,

332 2690 539 2731 Marciano
549 2689 729 2743 Augusto
758 2691 944 2732 suffectus
964 2699 1024 2732 est
1050 2694 1132 2732 Leo
1154 2693 1403 2746 Imperator,)
1423 2707 1550 2747 usque
1574 2693 1627 2734 ad
1653 2694 1762 2733 mor·-
