1924 3164
321 158 351 218 5
362 179 388 212 2
397 178 429 211 0
884 194 889 198 -
904 170 1170 212 PiusCiAM

318 281 374 320 Et
400 281 552 318 Romae
580 290 714 316 caecos
742 274 951 328 rapiendas
977 275 1097 313 traxit
1127 273 1177 311 ad
1198 287 1332 323 arces,

319 345 509 384 Vindicta
534 351 577 381 ut
601 348 766 395 pereant
796 341 958 390 merita,
990 339 1199 391 lucemque
1221 338 1462 392 relinquant.

322 411 474 450 Tristia
500 423 593 446 nam
616 420 753 445 rursus
775 408 976 458 cupientes
1007 405 1154 443 damna
1182 404 1347 454 referre,

324 476 380 514 Et
402 475 525 512 Latiis
557 472 684 511 multo
710 472 842 523 regnis
862 471 998 524 peiora
1026 472 1243 519 minantes,

325 539 524 591 Principis
548 538 684 585 invicti
703 537 796 576 felix
826 538 1019 576 exercitus
1035 536 1178 585 armis,

324 605 604 656 Ductoresquc
637 603 713 642 fide
743 618 816 642 nec
843 616 925 641 non
958 602 1108 641 virtute
1130 608 1328 654 potentes,

328 669 529 707 Omnibus
554 668 743 707 adficiunt
770 682 903 707 caesos
921 667 1189 720 profugosque
1217 668 1366 717 ruinis,

328 734 430 773 Cum
460 734 628 773 ducibus
665 734 821 773 sceleris
850 733 1087 772 ducentibus
1110 733 1291 786 improba
1317 735 1443 787 signa.

438 800 499 838 Ut
522 800 585 839 leo
599 830 610 850 ‚
634 801 703 853 qui
727 813 898 853 regnans
917 799 1016 839 silva
1037 799 1267 838 dominatur
1294 801 1336 837 in
1362 799 1442 838 alta
1457 829 1469 849 ‚
1501 834 1504 837 ,

329 868 409 908 Per
439 866 591 919 Libyae
621 865 767 914 saltus,
798 866 873 904 nisi
900 863 1046 904 nobilis
1079 865 1139 903 ira
1168 864 1352 913 lacessat,

332 933 427 971 Non
457 939 591 971 movet
619 946 754 980 arma,
787 945 878 970 suas
904 931 1083 970 stimulat
1099 945 1172 969 nec
1201 931 1363 970 verbere
1390 931 1518 980 vires;

334 997 390 1036 At
415 998 447 1035 si
465 1003 714 1035 commoveat
742 996 918 1046 clamor,
951 997 983 1035 si
1014 996 1135 1034 turba
1162 1010 1332 1035 coronae
1352 1027 1364 1046 ,

335 1063 519 1101 lnfremit
541 1062 816 1113 horrendum3
846 1061 965 1101 simul
996 1070 1035 1101 et
1060 1062 1249 1101 distendit
1265 1063 1398 1101 hiatus

335 1129 568 1181 Sanguineis
591 1136 781 1181 torquens
799 1128 980 1167 ardentia
1011 1127 1163 1167 lumina
1188 1127 1356 1167 flammis
1371 1157 1382 1178 ‚

333 1194 390 1233 Et
420 1195 502 1232 ruit
529 1195 571 1232 in
599 1194 798 1242 medium,
831 1201 1085 1246 prosternens
1114 1208 1225 1233 arma
1253 1194 1470 1246 virosque3

335 1260 421 1298 Nec
450 1261 510 1298 vis
539 1258 621 1297 ulla
649 1266 779 1311 potest
811 1261 987 1299 venienti
1028 1259 1219 1298 obsistere
1248 1267 1416 1308 contra3

337 1325 515 1376 Impetus
540 1324 612 1362 hos
645 1325 819 1377 frangit,
849 1324 984 1377 pulsos
1015 1325 1088 1363 hos
1114 1326 1249 1363 emetit
1277 1326 1446 1379 unguis,

337 1389 441 1428 Pars
470 1388 642 1428 lacerata
670 1391 799 1428 iacent
818 1390 968 1428 inimici
1005 1390 1189 1428 dentibus
1217 1391 1327 1439 oris3

340 1454 426 1493 Hos
457 1461 584 1493 metus
608 1457 805 1493 exanimat
825 1444 1035 1508 pereuntes
1062 1454 1228 1494 vulnere
1243 1455 1391 1494 nullo:

340 1519 506 1558 Viribus
529 1519 735 1572 Augustus
761 1521 816 1558 sic
839 1534 976 1559 saevos
1003 1520 1173 1573 perculit
1202 1521 1335 1560 hostes
1358 1551 1370 1571 ,

340 1586 421 1626 Per
450 1585 582 1623 varios
607 1580 785 1623 sternens
806 1599 919 1623 casus
944 1599 1026 1624 non
1051 1585 1171 1624 fanda
1190 1586 1376 1625 furentes.

343 1651 511 1688 Graecia
539 1650 768 1700 iam‚'taeeat
788 1650 938 1689 iactans
962 1650 1061 1689 mihi
1085 1650 1419 1704 Bellerophonten
1434 1684 1445 1701 ‚

343 1716 425 1765 Qui
444 1716 540 1753 vicit
570 1714 771 1768 Solymos,
799 1722 846 1754 ut
876 1730 1013 1758 rursus
1044 1715 1151 1754 bella
1173 1725 1396 1756 moverent.

341 1780 402 1820 At
428 1779 549 1824 semel
576 1780 649 1819 hos
678 1781 864 1819 dominus
899 1789 1034 1820 noster
1067 1772 1250 1821 felicibus
1278 1785 1397 1822 armis

344 1847 409 1884 Sic
433 1846 588 1884 domuit
604 1875 616 1895 ‚
649 1853 737 1898 post
764 1846 863 1884 haec
894 1860 945 1884 ne
971 1847 1122 1899 possint
1141 1861 1224 1886 esse
1246 1847 1441 1900 rebelles;

345 1912 466 1963 Quod
487 1926 560 1950 nec
581 1911 794 1950 ductorum
816 1911 1007 1951 Servilius
1029 1914 1203 1965 optimus
1223 1912 1319 1952 olim
1333 1944 1344 1962 ,

344 1976 428 2015 Pro
458 1977 600 2015 merito
620 1975 786 2015 laudum
815 1979 879 2015 cui
906 1991 1052 2017 nomen
1080 1978 1277 2017 Isauricus
1299 1979 1369 2019 illo

347 2043 478 2081 Marte
502 2042 640 2080 datum
673 2042 802 2080 fuerat
817 2071 828 2093 ‚
857 2043 988 2095 potuit
1011 2051 1212 2095 praestare
1245 2044 1411 2084 Latinis.

458 2106 551 2145 Non
586 2105 844 2145 illos-aurum
864 2136 875 2158 ‚
907 2122 990 2146 non
1018 2110 1078 2147 vis
1094 2137 1105 2158 ,
1130 2122 1213 2147 non
1241 2111 1352 2162 copia
1390 2110 1513 2162 ferri,

348 2172 387 2210 N
391 2186 433 2210 ec
462 2171 622 2210 castella
650 2172 812 2225 quidem
841 2174 1064 2225 praeruptis
1094 2173 1220 2212 ardua
1244 2177 1373 2228 saxis,

349 2237 437 2275 Nec
458 2244 592 2276 tantae
612 2237 756 2278 validis
781 2229 959 2277 niunitae
987 2239 1195 2278 moenibus
1219 2240 1338 2279 urbes
1353 2270 1365 2292 ‚

350 2303 531 2352 Quantas
554 2317 635 2341 non
657 2302 762 2342 ullus
787 2305 988 2343 victorum
1014 2312 1171 2357 ceperat
1196 2313 1288 2344 ante
1306 2337 1316 2355 ‚

346 2366 487 2406 Exitiis
512 2370 673 2421 rapiunt
701 2369 831 2422 dignis
867 2377 906 2408 et
929 2371 1120 2423 principis
1152 2373 1225 2410 ira.

347 2432 403 2478 Et
430 2434 499 2484 qui
528 2447 598 2485 spe
628 2433 733 2472 fluxa
763 2435 941 2474 frustrati
971 2443 1113 2475 cuncta
1136 2437 1352 2486 tenebant,

351 2496 422 2537 Nil
451 2498 545 2535 satis
570 2511 652 2536 esse
680 2499 755 2536 sibi
784 2499 987 2539 credentes
1019 2500 1098 2539 tela
1125 2502 1321 2541 movendo
1338 2532 1350 2554 ‚

352 2561 545 2600 Cautibus
566 2564 740 2614 angustis
770 2564 946 2603 conclusi
974 2565 1054 2604 fata
1083 2566 1295 2605 trahebant

353 2626 614 2678 Peioremque
648 2628 790 2666 samem
820 2629 970 2673 crudeli
999 2638 1126 2670 morte
1155 2631 1369 2682 tulerunt,

447 2703 503 2746 64.
530 2703 781 2749 Ducturesque
811 2704 885 2745 cod.

1699 341 1760 380 ‘60

1714 665 1768 705 65

1732 1655 1783 1697 80

1734 1983 1787 2023 85

1736 2321 1829 2363 90>
