<?xml version="1.0" encoding="UTF-8"?>
<!DOCTYPE html PUBLIC "-//W3C//DTD XHTML 1.0 Transitional//EN"
    "http://www.w3.org/TR/xhtml1/DTD/xhtml1-transitional.dtd">
<html xmlns="http://www.w3.org/1999/xhtml" xml:lang="en" lang="en">
 <head>
  <title>
</title>
<meta http-equiv="Content-Type" content="text/html;charset=utf-8" />
  <meta name='ocr-system' content='tesseract 3.04.00' />
  <meta name='ocr-capabilities' content='ocr_page ocr_carea ocr_par ocr_line ocrx_word'/>
</head>
<body>
  <div class='ocr_page' id='page_1' title='image "./corpusscriptorum10niebuoft/corpusscriptorum10niebuoft_0151.png"; bbox 0 0 1924 3164; ppageno 0'>
   <div class='ocr_carea' id='block_1_1' title="bbox 597 147 1608 204">
    <p class='ocr_par' dir='ltr' id='par_1_1' title="bbox 597 147 1608 204">
     <span class='ocr_line' id='line_1_1' title="bbox 597 147 1608 204; baseline -0.006 -13"><span class='ocrx_word' id='word_1_1' title='bbox 597 152 667 191; x_wconf 77' lang='lat' dir='ltr'><strong><em>Ex</em></strong></span> <span class='ocrx_word' id='word_1_2' title='bbox 703 150 923 203; x_wconf 67' lang='lat' dir='ltr'><strong>EUNAPu</strong></span> <span class='ocrx_word' id='word_1_3' title='bbox 959 147 1229 190; x_wconf 75' lang='lat' dir='ltr'><strong>mSTomA.</strong></span> <span class='ocrx_word' id='word_1_4' title='bbox 1536 148 1608 204; x_wconf 86' lang='lat'><strong><em>97</em></strong></span> 
     </span>
    </p>
   </div>
   <div class='ocr_carea' id='block_1_2' title="bbox 98 249 1749 1754">
    <p class='ocr_par' dir='ltr' id='par_1_2' title="bbox 98 249 1749 1754">
     <span class='ocr_line' id='line_1_2' title="bbox 168 249 1612 312; baseline -0.006 -12"><span class='ocrx_word' id='word_1_5' title='bbox 168 257 353 312; x_wconf 76' lang='grc' dir='ltr'><strong><em>νέστεροι</em></strong></span> <span class='ocrx_word' id='word_1_6' title='bbox 379 251 453 296; x_wconf 74' lang='grc' dir='ltr'><strong><em>καὶ</em></strong></span> <span class='ocrx_word' id='word_1_7' title='bbox 476 251 714 308; x_wconf 80' lang='grc' dir='ltr'><strong><em>λεπτότεροι</em></strong></span> <span class='ocrx_word' id='word_1_8' title='bbox 751 251 903 305; x_wconf 82' lang='grc' dir='ltr'><strong><em>μόνον,</em></strong></span> <span class='ocrx_word' id='word_1_9' title='bbox 949 250 1056 294; x_wconf 70' lang='grc' dir='ltr'><strong><em>ἀλλὰ</em></strong></span> <span class='ocrx_word' id='word_1_10' title='bbox 1097 252 1172 293; x_wconf 78' lang='grc' dir='ltr'><strong><em>καὶ</em></strong></span> <span class='ocrx_word' id='word_1_11' title='bbox 1204 251 1420 306; x_wconf 74' lang='grc' dir='ltr'><strong><em>κονιορτοῦ</em></strong></span> <span class='ocrx_word' id='word_1_12' title='bbox 1458 249 1612 298; x_wconf 86' lang='grc' dir='ltr'><strong><em>παντὸς</em></strong></span> 
     </span>
     <span class='ocr_line' id='line_1_3' title="bbox 165 312 1615 377; baseline -0.005 -13"><span class='ocrx_word' id='word_1_13' title='bbox 165 320 272 377; x_wconf 81' lang='grc' dir='ltr'><strong><em>πρὸς</em></strong></span> <span class='ocrx_word' id='word_1_14' title='bbox 302 318 351 362; x_wconf 80' lang='grc' dir='ltr'><strong><em>τὸ</em></strong></span> <span class='ocrx_word' id='word_1_15' title='bbox 381 319 471 375; x_wconf 73' lang='grc' dir='ltr'><strong><em>ῥεῖν</em></strong></span> <span class='ocrx_word' id='word_1_16' title='bbox 506 316 687 367; x_wconf 72' lang='grc' dir='ltr'><strong><em>εὐκόλως</em></strong></span> <span class='ocrx_word' id='word_1_17' title='bbox 726 318 799 359; x_wconf 79' lang='grc' dir='ltr'><strong><em>καὶ</em></strong></span> <span class='ocrx_word' id='word_1_18' title='bbox 835 318 1143 370; x_wconf 73' lang='grc' dir='ltr'><strong><em>διανεμοῦσθαι</em></strong></span> <span class='ocrx_word' id='word_1_19' title='bbox 1169 314 1534 372; x_wconf 77' lang='grc' dir='ltr'><strong><em>παραφερόμενοι.</em></strong></span> <span class='ocrx_word' id='word_1_20' title='bbox 1589 312 1615 357; x_wconf 79' lang='grc' dir='ltr'>ὅ</span> 
     </span>
     <span class='ocr_line' id='line_1_4' title="bbox 167 376 1613 440; baseline -0.004 -12"><span class='ocrx_word' id='word_1_21' title='bbox 167 388 214 428; x_wconf 83' lang='grc' dir='ltr'><strong><em>δὲ</em></strong></span> <span class='ocrx_word' id='word_1_22' title='bbox 243 384 291 427; x_wconf 82' lang='grc' dir='ltr'><strong><em>τό</em></strong></span> <span class='ocrx_word' id='word_1_23' title='bbox 320 383 443 434; x_wconf 70' lang='grc' dir='ltr'><strong><em>ἔθνος</em></strong></span> <span class='ocrx_word' id='word_1_24' title='bbox 467 379 496 440; x_wconf 81' lang='grc' dir='ltr'><em>ἢ</em></span> <span class='ocrx_word' id='word_1_25' title='bbox 523 382 574 426; x_wconf 78' lang='grc' dir='ltr'><strong><em>τά</em></strong></span> <span class='ocrx_word' id='word_1_26' title='bbox 604 382 705 438; x_wconf 79' lang='grc' dir='ltr'><strong><em>ἔθνη</em></strong></span> <span class='ocrx_word' id='word_1_27' title='bbox 732 382 1002 438; x_wconf 81' lang='grc' dir='ltr'><strong><em>παραλαβών,</em></strong></span> <span class='ocrx_word' id='word_1_28' title='bbox 1033 380 1121 424; x_wconf 80' lang='grc' dir='ltr'><strong><em>δύω</em></strong></span> <span class='ocrx_word' id='word_1_29' title='bbox 1147 379 1262 431; x_wconf 82' lang='grc' dir='ltr'><strong><em>τινάς</em></strong></span> <span class='ocrx_word' id='word_1_30' title='bbox 1288 376 1317 438; x_wconf 77' lang='grc' dir='ltr'><strong><em>ἢ</em></strong></span> <span class='ocrx_word' id='word_1_31' title='bbox 1342 386 1455 437; x_wconf 81' lang='grc' dir='ltr'><strong><em>τρεῖς</em></strong></span> <span class='ocrx_word' id='word_1_32' title='bbox 1481 396 1613 436; x_wconf 87' lang='grc' dir='ltr'><strong><em>στρα-</em></strong></span> 
     </span>
     <span class='ocr_line' id='line_1_5' title="bbox 162 443 1613 506; baseline -0.004 -13"><span class='ocrx_word' id='word_1_33' title='bbox 162 449 313 500; x_wconf 74' lang='grc' dir='ltr'><strong><em>τιώτας</em></strong></span> <span class='ocrx_word' id='word_1_34' title='bbox 356 446 706 506; x_wconf 80' lang='grc' dir='ltr'><strong><em>συνεφελκόμενος</em></strong></span> <span class='ocrx_word' id='word_1_35' title='bbox 743 446 848 490; x_wconf 83' lang='grc' dir='ltr'><strong><em>κατὰ</em></strong></span> <span class='ocrx_word' id='word_1_36' title='bbox 889 446 967 502; x_wconf 83' lang='grc' dir='ltr'><strong><em>τήν</em></strong></span> <span class='ocrx_word' id='word_1_37' title='bbox 1012 450 1193 502; x_wconf 79' lang='grc' dir='ltr'><strong><em>πλαγίαν</em></strong></span> <span class='ocrx_word' id='word_1_38' title='bbox 1227 443 1432 496; x_wconf 78' lang='grc' dir='ltr'><strong><em>εἰσιόντας</em></strong></span> <span class='ocrx_word' id='word_1_39' title='bbox 1457 443 1613 502; x_wconf 70' lang='grc' dir='ltr'><strong><em>θύραν,</em></strong></span> 
     </span>
     <span class='ocr_line' id='line_1_6' title="bbox 135 509 1611 572; baseline -0.003 -14"><span class='ocrx_word' id='word_1_40' title='bbox 135 515 222 572; x_wconf 82' lang='grc' dir='ltr'><strong><em>5μή</em></strong></span> <span class='ocrx_word' id='word_1_41' title='bbox 262 514 516 571; x_wconf 82' lang='grc' dir='ltr'><strong><em>βουλόμενος</em></strong></span> <span class='ocrx_word' id='word_1_42' title='bbox 540 512 784 568; x_wconf 74' lang='grc' dir='ltr'><strong><em>μανθάνειν,</em></strong></span> <span class='ocrx_word' id='word_1_43' title='bbox 815 509 879 556; x_wconf 78' lang='grc' dir='ltr'><strong><em>ὅτι</em></strong></span> <span class='ocrx_word' id='word_1_44' title='bbox 919 511 1193 556; x_wconf 73' lang='grc' dir='ltr'><strong><em>σιωπώντωνΙ</em></strong></span> <span class='ocrx_word' id='word_1_45' title='bbox 1219 514 1432 570; x_wconf 79' lang='grc' dir='ltr'><strong><em>κηρύκων,</em></strong></span> <span class='ocrx_word' id='word_1_46' title='bbox 1467 513 1521 559; x_wconf 69' lang='grc' dir='ltr'><strong><em>,εἰ</em></strong></span> <span class='ocrx_word' id='word_1_47' title='bbox 1557 509 1611 567; x_wconf 76' lang='grc' dir='ltr'><strong><em>δὴ</em></strong></span> 
     </span>
     <span class='ocr_line' id='line_1_7' title="bbox 162 578 1612 638; baseline -0.003 -14"><span class='ocrx_word' id='word_1_48' title='bbox 162 581 358 638; x_wconf 85' lang='grc' dir='ltr'><strong><em>κήρυγμα</em></strong></span> <span class='ocrx_word' id='word_1_49' title='bbox 397 579 671 634; x_wconf 76' lang='grc' dir='ltr'><strong><em>σιωπώμενον</em></strong></span> <span class='ocrx_word' id='word_1_50' title='bbox 710 582 914 635; x_wconf 84' lang='grc' dir='ltr'><strong><em>γίγνεται,</em></strong></span> <span class='ocrx_word' id='word_1_51' title='bbox 960 578 1065 636; x_wconf 87' lang='grc' dir='ltr'><strong><em>πρὸς</em></strong></span> <span class='ocrx_word' id='word_1_52' title='bbox 1106 579 1263 630; x_wconf 90' lang='grc' dir='ltr'><strong><em>πάντας</em></strong></span> <span class='ocrx_word' id='word_1_53' title='bbox 1302 579 1612 635; x_wconf 71' lang='grc' dir='ltr'><strong><em>περιήγγελλεν,</em></strong></span> 
     </span>
     <span class='ocr_line' id='line_1_8' title="bbox 163 639 1612 704; baseline -0.003 -15"><span class='ocrx_word' id='word_1_54' title='bbox 163 645 222 698; x_wconf 73' lang='grc' dir='ltr'><strong><em>ὥς</em></strong></span> <span class='ocrx_word' id='word_1_55' title='bbox 249 648 300 703; x_wconf 82' lang='grc' dir='ltr'><strong><em>δή</em></strong></span> <span class='ocrx_word' id='word_1_56' title='bbox 326 662 454 704; x_wconf 89' lang='grc' dir='ltr'><strong><em>φησιν</em></strong></span> <span class='ocrx_word' id='word_1_57' title='bbox 469 643 666 701; x_wconf 67' lang='grc' dir='ltr'><strong><em>“Όμηρος·</em></strong></span> <span class='ocrx_word' id='word_1_58' title='bbox 692 645 879 700; x_wconf 60' lang='grc' dir='ltr'><strong><em>»κλήδην</em></strong></span> <span class='ocrx_word' id='word_1_59' title='bbox 915 646 976 695; x_wconf 79' lang='grc' dir='ltr'><strong><em>εἷς</em></strong></span> <span class='ocrx_word' id='word_1_60' title='bbox 1016 640 1172 700; x_wconf 80' lang='grc' dir='ltr'><strong><em>ἆγορὴν</em></strong></span> <span class='ocrx_word' id='word_1_61' title='bbox 1207 642 1440 699; x_wconf 81' lang='grc' dir='ltr'><strong><em>κικλήσκειν</em></strong></span> <span class='ocrx_word' id='word_1_62' title='bbox 1476 639 1612 700; x_wconf 68' lang='grc' dir='ltr'><strong><em>ἄνδρα</em></strong></span> 
     </span>
     <span class='ocr_line' id='line_1_9' title="bbox 162 708 1614 769; baseline -0.003 -15"><span class='ocrx_word' id='word_1_63' title='bbox 162 715 339 754; x_wconf 75' lang='grc' dir='ltr'><strong><em>ἕκαστον</em></strong></span> <span class='ocrx_word' id='word_1_64' title='bbox 347 745 360 766; x_wconf 90' lang='grc'><strong><em>,</em></strong></span> <span class='ocrx_word' id='word_1_65' title='bbox 386 713 497 767; x_wconf 80' lang='grc' dir='ltr'><strong><em>μηδὲ</em></strong></span> <span class='ocrx_word' id='word_1_66' title='bbox 523 712 649 769; x_wconf 77' lang='grc' dir='ltr'><strong><em>βοᾷν,</em></strong></span> <span class='ocrx_word' id='word_1_67' title='bbox 681 709 810 759; x_wconf 71' lang='grc' dir='ltr'><strong><em>αὐτὸς</em></strong></span> <span class='ocrx_word' id='word_1_68' title='bbox 838 711 885 753; x_wconf 80' lang='grc' dir='ltr'><strong><em>δὲ</em></strong></span> <span class='ocrx_word' id='word_1_69' title='bbox 910 709 1016 764; x_wconf 79' lang='grc' dir='ltr'><strong><em>μετά</em></strong></span> <span class='ocrx_word' id='word_1_70' title='bbox 1048 710 1250 766; x_wconf 81' lang='grc' dir='ltr'><strong><em>πρώτοισι</em></strong></span> <span class='ocrx_word' id='word_1_71' title='bbox 1275 712 1505 752; x_wconf 82' lang='grc' dir='ltr'><strong><em>πονεῖτο·”</em></strong></span> <span class='ocrx_word' id='word_1_72' title='bbox 1537 708 1614 751; x_wconf 79' lang='grc' dir='ltr'><strong><em>καὶ</em></strong></span> 
     </span>
     <span class='ocr_line' id='line_1_10' title="bbox 161 769 1610 833; baseline -0.003 -14"><span class='ocrx_word' id='word_1_73' title='bbox 161 777 188 819; x_wconf 82' lang='grc' dir='ltr'><em>ὅ</em></span> <span class='ocrx_word' id='word_1_74' title='bbox 217 772 364 833; x_wconf 70' lang='grc' dir='ltr'><strong><em>ὄρχων</em></strong></span> <span class='ocrx_word' id='word_1_75' title='bbox 393 775 463 819; x_wconf 79' lang='grc' dir='ltr'><strong><em>διὰ</em></strong></span> <span class='ocrx_word' id='word_1_76' title='bbox 501 779 584 819; x_wconf 79' lang='grc' dir='ltr'><strong><em>τῶν</em></strong></span> <span class='ocrx_word' id='word_1_77' title='bbox 621 775 850 832; x_wconf 82' lang='grc' dir='ltr'><strong><em>ἆφθόγγων</em></strong></span> <span class='ocrx_word' id='word_1_78' title='bbox 887 776 1046 818; x_wconf 84' lang='grc' dir='ltr'><strong><em>τούτων</em></strong></span> <span class='ocrx_word' id='word_1_79' title='bbox 1080 773 1271 831; x_wconf 78' lang='grc' dir='ltr'><strong><em>κηρύκων</em></strong></span> <span class='ocrx_word' id='word_1_80' title='bbox 1310 774 1413 832; x_wconf 88' lang='grc' dir='ltr'><strong><em>πρὸς</em></strong></span> <span class='ocrx_word' id='word_1_81' title='bbox 1445 773 1493 817; x_wconf 83' lang='grc' dir='ltr'><strong><em>τό</em></strong></span> <span class='ocrx_word' id='word_1_82' title='bbox 1534 769 1610 825; x_wconf 78' lang='grc' dir='ltr'><strong><em>οὖς</em></strong></span> 
     </span>
     <span class='ocr_line' id='line_1_11' title="bbox 110 837 1610 900; baseline -0.001 -17"><span class='ocrx_word' id='word_1_83' title='bbox 110 838 316 900; x_wconf 52' lang='lat' dir='ltr'><strong><em>mindam)</em></strong></span> <span class='ocrx_word' id='word_1_84' title='bbox 343 842 643 899; x_wconf 79' lang='grc' dir='ltr'><strong><em>περιήγγελλεν,</em></strong></span> <span class='ocrx_word' id='word_1_85' title='bbox 672 841 728 892; x_wconf 76' lang='grc' dir='ltr'><strong><em>ὥς</em></strong></span> <span class='ocrx_word' id='word_1_86' title='bbox 759 839 989 897; x_wconf 85' lang='grc' dir='ltr'><strong><em>πριάμενος</em></strong></span> <span class='ocrx_word' id='word_1_87' title='bbox 1019 838 1083 896; x_wconf 82' lang='grc' dir='ltr'><strong><em>εἴη</em></strong></span> <span class='ocrx_word' id='word_1_88' title='bbox 1124 839 1225 890; x_wconf 77' lang='grc' dir='ltr'><strong><em>τούς</em></strong></span> <span class='ocrx_word' id='word_1_89' title='bbox 1251 839 1459 896; x_wconf 71' lang='grc' dir='ltr'><strong><em>ὑπηκόους</em></strong></span> <span class='ocrx_word' id='word_1_90' title='bbox 1484 837 1610 882; x_wconf 84' lang='grc' dir='ltr'><strong><em>τόσου</em></strong></span> 
     </span>
     <span class='ocr_line' id='line_1_12' title="bbox 160 902 1613 963; baseline -0.002 -14"><span class='ocrx_word' id='word_1_91' title='bbox 160 909 234 949; x_wconf 84' lang='grc' dir='ltr'>καί</span> <span class='ocrx_word' id='word_1_92' title='bbox 259 904 388 950; x_wconf 88' lang='grc' dir='ltr'><strong><em>τόσου</em></strong></span> <span class='ocrx_word' id='word_1_93' title='bbox 413 907 642 963; x_wconf 73' lang='grc' dir='ltr'><strong><em>,ἀργυρίου</em></strong></span> <span class='ocrx_word' id='word_1_94' title='bbox 658 938 672 959; x_wconf 74' lang='grc'><strong><em>,</em></strong></span> <span class='ocrx_word' id='word_1_95' title='bbox 719 907 795 948; x_wconf 83' lang='grc' dir='ltr'>καί</span> <span class='ocrx_word' id='word_1_96' title='bbox 817 905 934 949; x_wconf 76' lang='grc' dir='ltr'><strong><em>πᾶσά</em></strong></span> <span class='ocrx_word' id='word_1_97' title='bbox 972 922 1019 961; x_wconf 82' lang='grc' dir='ltr'><strong><em>γε</em></strong></span> <span class='ocrx_word' id='word_1_98' title='bbox 1047 905 1205 962; x_wconf 82' lang='grc' dir='ltr'><strong><em>α’νάγκη</em></strong></span> <span class='ocrx_word' id='word_1_99' title='bbox 1247 908 1372 949; x_wconf 82' lang='grc' dir='ltr'><strong><em>τοῦτο</em></strong></span> <span class='ocrx_word' id='word_1_100' title='bbox 1399 902 1613 960; x_wconf 44' lang='grc' dir='ltr'><strong><em>καταβάλή</em></strong></span> 
     </span>
     <span class='ocr_line' id='line_1_13' title="bbox 156 969 1610 1028; baseline -0.003 -13"><span class='ocrx_word' id='word_1_101' title='bbox 156 977 267 1027; x_wconf 84' lang='grc' dir='ltr'><strong><em>λειν,</em></strong></span> <span class='ocrx_word' id='word_1_102' title='bbox 296 969 342 1028; x_wconf 77' lang='grc' dir='ltr'><em>ἢ</em></span> <span class='ocrx_word' id='word_1_103' title='bbox 369 970 597 1028; x_wconf 85' lang='grc' dir='ltr'><strong><em>πράγματα</em></strong></span> <span class='ocrx_word' id='word_1_104' title='bbox 638 971 812 1026; x_wconf 79' lang='grc' dir='ltr'><strong><em>ἔχοντας</em></strong></span> <span class='ocrx_word' id='word_1_105' title='bbox 847 973 1142 1028; x_wconf 72' lang='grc' dir='ltr'><strong><em>ἐπιτρίβεσθαι</em></strong></span> <span class='ocrx_word' id='word_1_106' title='bbox 1178 969 1378 1020; x_wconf 78' lang='grc' dir='ltr'><strong><em>θανάτοις</em></strong></span> <span class='ocrx_word' id='word_1_107' title='bbox 1418 969 1492 1012; x_wconf 75' lang='grc' dir='ltr'><strong><em>καὶ</em></strong></span> <span class='ocrx_word' id='word_1_108' title='bbox 1533 971 1610 1025; x_wconf 77' lang='grc' dir='ltr'><strong><em>δη-</em></strong></span> 
     </span>
     <span class='ocr_line' id='line_1_14' title="bbox 154 1033 1609 1093; baseline -0.001 -13"><span class='ocrx_word' id='word_1_109' title='bbox 154 1035 380 1092; x_wconf 76' lang='grc' dir='ltr'><strong><em>μεύσεσιν.</em></strong></span> <span class='ocrx_word' id='word_1_110' title='bbox 452 1038 492 1079; x_wconf 83' lang='grc' dir='ltr'><strong><em>οἱ</em></strong></span> <span class='ocrx_word' id='word_1_111' title='bbox 518 1040 598 1091; x_wconf 82' lang='grc' dir='ltr'><strong><em>μὲν</em></strong></span> <span class='ocrx_word' id='word_1_112' title='bbox 636 1033 711 1080; x_wconf 74' lang='grc' dir='ltr'><strong><em>οὖν</em></strong></span> <span class='ocrx_word' id='word_1_113' title='bbox 749 1037 915 1093; x_wconf 80' lang='grc' dir='ltr'><strong><em>ἔχοντες</em></strong></span> <span class='ocrx_word' id='word_1_114' title='bbox 950 1039 1026 1080; x_wconf 81' lang='grc' dir='ltr'><strong><em>καί</em></strong></span> <span class='ocrx_word' id='word_1_115' title='bbox 1066 1042 1273 1087; x_wconf 82' lang='grc' dir='ltr'><strong><em>συντελεῖς</em></strong></span> <span class='ocrx_word' id='word_1_116' title='bbox 1316 1038 1362 1078; x_wconf 82' lang='grc' dir='ltr'><strong><em>ἐκ</em></strong></span> <span class='ocrx_word' id='word_1_117' title='bbox 1389 1037 1609 1093; x_wconf 79' lang='grc' dir='ltr'><strong><em>προϋπαρ-</em></strong></span> 
     </span>
     <span class='ocr_line' id='line_1_15' title="bbox 154 1101 1611 1159; baseline -0.001 -14"><span class='ocrx_word' id='word_1_118' title='bbox 154 1101 317 1159; x_wconf 78' lang='grc' dir='ltr'><strong><em>χούσης</em></strong></span> <span class='ocrx_word' id='word_1_119' title='bbox 342 1103 492 1153; x_wconf 72' lang='grc' dir='ltr'><strong><em>οὐσίας</em></strong></span> <span class='ocrx_word' id='word_1_120' title='bbox 530 1103 805 1146; x_wconf 78' lang='grc' dir='ltr'><strong><em>κατετίθεσαν</em></strong></span> <span class='ocrx_word' id='word_1_121' title='bbox 842 1101 1086 1157; x_wconf 81' lang='grc' dir='ltr'><strong><em>οἰμώζοντες</em></strong></span> <span class='ocrx_word' id='word_1_122' title='bbox 1125 1102 1171 1145; x_wconf 85' lang='grc' dir='ltr'><strong><em>τό</em></strong></span> <span class='ocrx_word' id='word_1_123' title='bbox 1212 1101 1434 1159; x_wconf 76' lang='grc' dir='ltr'><strong><em>ἄργόριον·</em></strong></span> <span class='ocrx_word' id='word_1_124' title='bbox 1491 1101 1533 1144; x_wconf 81' lang='grc' dir='ltr'><strong><em>οἱ</em></strong></span> <span class='ocrx_word' id='word_1_125' title='bbox 1562 1102 1611 1144; x_wconf 78' lang='grc' dir='ltr'><strong><em>δὲ</em></strong></span> 
     </span>
     <span class='ocr_line' id='line_1_16' title="bbox 110 1165 1606 1227; baseline -0.005 -13"><span class='ocrx_word' id='word_1_126' title='bbox 110 1170 411 1226; x_wconf 78' lang='grc' dir='ltr'><strong><em>ιόἆποροῦντες</em></strong></span> <span class='ocrx_word' id='word_1_127' title='bbox 442 1170 622 1227; x_wconf 73' lang='grc' dir='ltr'><strong><em>δημοσίᾳ</em></strong></span> <span class='ocrx_word' id='word_1_128' title='bbox 663 1166 1006 1211; x_wconf 76' lang='grc' dir='ltr'><strong><em>κατεὸαπανῶντο</em></strong></span> <span class='ocrx_word' id='word_1_129' title='bbox 1044 1174 1138 1218; x_wconf 78' lang='grc' dir='ltr'><strong><em>ταῖς</em></strong></span> <span class='ocrx_word' id='word_1_130' title='bbox 1168 1168 1335 1221; x_wconf 82' lang='grc' dir='ltr'><strong><em>μάστιξι</em></strong></span> <span class='ocrx_word' id='word_1_131' title='bbox 1379 1165 1432 1209; x_wconf 81' lang='grc' dir='ltr'><strong><em>τὰ</em></strong></span> <span class='ocrx_word' id='word_1_132' title='bbox 1459 1165 1606 1219; x_wconf 79' lang='grc' dir='ltr'><strong><em>σώμα-</em></strong></span> 
     </span>
     <span class='ocr_line' id='line_1_17' title="bbox 153 1229 1607 1290; baseline -0.004 -12"><span class='ocrx_word' id='word_1_133' title='bbox 153 1248 232 1279; x_wconf 84' lang='grc' dir='ltr'><strong><em>τα·</em></strong></span> <span class='ocrx_word' id='word_1_134' title='bbox 288 1232 503 1290; x_wconf 87' lang='grc' dir='ltr'><strong><em>πρόφασις</em></strong></span> <span class='ocrx_word' id='word_1_135' title='bbox 530 1235 578 1275; x_wconf 79' lang='grc' dir='ltr'><strong><em>δὲ</em></strong></span> <span class='ocrx_word' id='word_1_136' title='bbox 606 1230 658 1288; x_wconf 75' lang='grc' dir='ltr'><strong><em>ἦν</em></strong></span> <span class='ocrx_word' id='word_1_137' title='bbox 684 1231 808 1289; x_wconf 75' lang='grc' dir='ltr'><strong><em>ἑτέρα</em></strong></span> <span class='ocrx_word' id='word_1_138' title='bbox 837 1249 927 1282; x_wconf 87' lang='grc' dir='ltr'><strong><em>τις.</em></strong></span> <span class='ocrx_word' id='word_1_139' title='bbox 980 1233 1138 1288; x_wconf 72' lang='grc' dir='ltr'><strong><em>εὑρέθη</em></strong></span> <span class='ocrx_word' id='word_1_140' title='bbox 1175 1231 1255 1287; x_wconf 84' lang='grc' dir='ltr'><strong><em>γὰρ</em></strong></span> <span class='ocrx_word' id='word_1_141' title='bbox 1293 1234 1410 1286; x_wconf 84' lang='grc' dir='ltr'><strong><em>γένος</em></strong></span> <span class='ocrx_word' id='word_1_142' title='bbox 1437 1229 1607 1286; x_wconf 69' lang='grc' dir='ltr'><strong><em>α’νθρεό-</em></strong></span> 
     </span>
     <span class='ocr_line' id='line_1_18' title="bbox 152 1296 1600 1356; baseline -0.004 -13"><span class='ocrx_word' id='word_1_143' title='bbox 152 1317 244 1343; x_wconf 84' lang='grc' dir='ltr'><strong><em>πων</em></strong></span> <span class='ocrx_word' id='word_1_144' title='bbox 271 1301 323 1342; x_wconf 84' lang='grc' dir='ltr'><strong><em>δι’</em></strong></span> <span class='ocrx_word' id='word_1_145' title='bbox 353 1300 535 1356; x_wconf 74' lang='grc' dir='ltr'><strong><em>ἀπορίαν</em></strong></span> <span class='ocrx_word' id='word_1_146' title='bbox 564 1298 637 1346; x_wconf 81' lang='grc' dir='ltr'><em>καί</em></span> <span class='ocrx_word' id='word_1_147' title='bbox 662 1296 864 1341; x_wconf 81' lang='grc' dir='ltr'><strong><em>ἇπόνοιαν</em></strong></span> <span class='ocrx_word' id='word_1_148' title='bbox 903 1298 1166 1350; x_wconf 70' lang='grc' dir='ltr'><strong><em>ὄξυθάνατον</em></strong></span> <span class='ocrx_word' id='word_1_149' title='bbox 1194 1296 1268 1338; x_wconf 79' lang='grc' dir='ltr'><em>καί</em></span> <span class='ocrx_word' id='word_1_150' title='bbox 1303 1298 1600 1353; x_wconf 81' lang='grc' dir='ltr'><strong><em>φιλοκίνδυνον</em></strong></span> 
     </span>
     <span class='ocr_line' id='line_1_19' title="bbox 153 1361 1749 1420; baseline -0.002 -12"><span class='ocrx_word' id='word_1_151' title='bbox 153 1368 198 1409; x_wconf 85' lang='grc' dir='ltr'><strong><em>οἳ</em></strong></span> <span class='ocrx_word' id='word_1_152' title='bbox 241 1364 319 1414; x_wconf 80' lang='grc' dir='ltr'><strong><em>τάς</em></strong></span> <span class='ocrx_word' id='word_1_153' title='bbox 363 1362 509 1420; x_wconf 75' lang='grc' dir='ltr'><strong><em>ὕβρεις</em></strong></span> <span class='ocrx_word' id='word_1_154' title='bbox 558 1365 635 1406; x_wconf 75' lang='grc' dir='ltr'><strong><em>οὐκ</em></strong></span> <span class='ocrx_word' id='word_1_155' title='bbox 672 1361 901 1419; x_wconf 77' lang='grc' dir='ltr'><strong><em>ἐνεγκόντες</em></strong></span> <span class='ocrx_word' id='word_1_156' title='bbox 947 1362 1019 1406; x_wconf 73' lang='grc' dir='ltr'><strong><em>ἐπὶ</em></strong></span> <span class='ocrx_word' id='word_1_157' title='bbox 1053 1361 1278 1420; x_wconf 73' lang='grc' dir='ltr'><strong><em>κατηγορία</em></strong></span> <span class='ocrx_word' id='word_1_158' title='bbox 1313 1363 1386 1416; x_wconf 84' lang='grc' dir='ltr'><strong><em>τῆς</em></strong></span> <span class='ocrx_word' id='word_1_159' title='bbox 1412 1364 1749 1419; x_wconf 56' lang='grc' dir='ltr'><strong><em>λῃστείαςΰοάηδ</em></strong></span> 
     </span>
     <span class='ocr_line' id='line_1_20' title="bbox 153 1423 1596 1488; baseline -0.003 -14"><span class='ocrx_word' id='word_1_160' title='bbox 153 1428 354 1488; x_wconf 74' lang='grc' dir='ltr'><strong><em>ὥρμησαν</em></strong></span> <span class='ocrx_word' id='word_1_161' title='bbox 392 1432 464 1473; x_wconf 75' lang='grc' dir='ltr'><strong><em>ἐπὶ</em></strong></span> <span class='ocrx_word' id='word_1_162' title='bbox 480 1428 572 1483; x_wconf 44' lang='grc' dir='ltr'><strong><em>,τόν</em></strong></span> <span class='ocrx_word' id='word_1_163' title='bbox 610 1433 682 1485; x_wconf 84' lang='grc' dir='ltr'><strong><em>τῆς</em></strong></span> <span class='ocrx_word' id='word_1_164' title='bbox 713 1430 843 1486; x_wconf 75' lang='grc' dir='ltr'><strong><em>αὐλῆς</em></strong></span> <span class='ocrx_word' id='word_1_165' title='bbox 871 1428 1079 1484; x_wconf 83' lang='grc' dir='ltr'><strong><em>ἔπαρχον.</em></strong></span> <span class='ocrx_word' id='word_1_166' title='bbox 1135 1430 1319 1477; x_wconf 71' lang='grc' dir='ltr'><strong><em>κάκεῖνος</em></strong></span> <span class='ocrx_word' id='word_1_167' title='bbox 1357 1423 1409 1470; x_wconf 78' lang='grc' dir='ltr'><strong><em>ἂν</em></strong></span> <span class='ocrx_word' id='word_1_168' title='bbox 1449 1429 1522 1470; x_wconf 77' lang='grc' dir='ltr'><strong><em>ε’πί</em></strong></span> <span class='ocrx_word' id='word_1_169' title='bbox 1548 1427 1596 1470; x_wconf 88' lang='grc' dir='ltr'>τὸ</span> 
     </span>
     <span class='ocr_line' id='line_1_21' title="bbox 98 1493 1730 1553; baseline -0.004 -13"><span class='ocrx_word' id='word_1_170' title='bbox 98 1499 325 1553; x_wconf 64' lang='grc' dir='ltr'><strong><em>ποπρᾶγμα</em></strong></span> <span class='ocrx_word' id='word_1_171' title='bbox 363 1498 761 1552; x_wconf 75' lang='grc' dir='ltr'><strong><em>διεσχηματισμένος</em></strong></span> <span class='ocrx_word' id='word_1_172' title='bbox 797 1493 930 1537; x_wconf 86' lang='grc' dir='ltr'><strong><em>πάλαι</em></strong></span> <span class='ocrx_word' id='word_1_173' title='bbox 965 1494 1040 1537; x_wconf 78' lang='grc' dir='ltr'><strong><em>καὶ</em></strong></span> <span class='ocrx_word' id='word_1_174' title='bbox 1077 1493 1208 1543; x_wconf 79' lang='grc' dir='ltr'><strong><em>αὕτὸς</em></strong></span> <span class='ocrx_word' id='word_1_175' title='bbox 1246 1497 1370 1550; x_wconf 74' lang='grc' dir='ltr'><strong><em>ἔτερα</em></strong></span> <span class='ocrx_word' id='word_1_176' title='bbox 1416 1496 1638 1544; x_wconf 78' lang='grc' dir='ltr'><strong><em>τοιαῦταΒ.</em></strong></span> <span class='ocrx_word' id='word_1_177' title='bbox 1658 1501 1730 1546; x_wconf 64' lang='grc'><strong><em>994</em></strong></span> 
     </span>
     <span class='ocr_line' id='line_1_22' title="bbox 148 1559 1593 1618; baseline -0.003 -13"><span class='ocrx_word' id='word_1_178' title='bbox 148 1561 325 1618; x_wconf 79' lang='grc' dir='ltr'><strong><em>πάσχων</em></strong></span> <span class='ocrx_word' id='word_1_179' title='bbox 349 1561 420 1604; x_wconf 84' lang='grc' dir='ltr'><strong><em>τόν</em></strong></span> <span class='ocrx_word' id='word_1_180' title='bbox 445 1579 489 1605; x_wconf 88' lang='grc' dir='ltr'><strong><em>τε</em></strong></span> <span class='ocrx_word' id='word_1_181' title='bbox 522 1563 858 1618; x_wconf 76' lang='grc' dir='ltr'><strong><em>κατηγορηθέντα</em></strong></span> <span class='ocrx_word' id='word_1_182' title='bbox 886 1559 1151 1617; x_wconf 84' lang='grc' dir='ltr'><strong><em>συνήρπασε,</em></strong></span> <span class='ocrx_word' id='word_1_183' title='bbox 1184 1562 1258 1602; x_wconf 83' lang='grc' dir='ltr'><strong><em>καί</em></strong></span> <span class='ocrx_word' id='word_1_184' title='bbox 1291 1559 1392 1609; x_wconf 78' lang='grc' dir='ltr'><strong><em>τούς</em></strong></span> <span class='ocrx_word' id='word_1_185' title='bbox 1417 1575 1593 1615; x_wconf 86' lang='grc' dir='ltr'><strong><em>κατηγο-</em></strong></span> 
     </span>
     <span class='ocr_line' id='line_1_23' title="bbox 242 1659 1603 1709; baseline -0.002 -11"><span class='ocrx_word' id='word_1_186' title='bbox 242 1666 270 1698; x_wconf 79' lang='lat' dir='ltr'><strong><em>i.</em></strong></span> <span class='ocrx_word' id='word_1_187' title='bbox 296 1662 499 1709; x_wconf 81' lang='grc' dir='ltr'><strong><em>κονιορτοῦ</em></strong></span> <span class='ocrx_word' id='word_1_188' title='bbox 531 1662 600 1704; x_wconf 63' lang='lat' dir='ltr'><strong><em>N„</em></strong></span> <span class='ocrx_word' id='word_1_189' title='bbox 625 1662 759 1699; x_wconf 78' lang='grc' dir='ltr'><strong><em>κόνιος</em></strong></span> <span class='ocrx_word' id='word_1_190' title='bbox 783 1664 854 1696; x_wconf 76' lang='grc' dir='ltr'><strong><em>τοῦ</em></strong></span> <span class='ocrx_word' id='word_1_191' title='bbox 881 1661 940 1700; x_wconf 85' lang='lat' dir='ltr'><strong><em>ed.</em></strong></span> <span class='ocrx_word' id='word_1_192' title='bbox 1033 1673 1066 1696; x_wconf 75' lang='lat' dir='ltr'><strong>a.</strong></span> <span class='ocrx_word' id='word_1_193' title='bbox 1092 1659 1422 1707; x_wconf 75' lang='grc' dir='ltr'><strong><em>παραφοράμενοι</em></strong></span> <span class='ocrx_word' id='word_1_194' title='bbox 1440 1660 1498 1695; x_wconf 87' lang='lat' dir='ltr'><strong><em>ed.</em></strong></span> <span class='ocrx_word' id='word_1_195' title='bbox 1581 1661 1603 1695; x_wconf 84' lang='lat'>5</span> 
     </span>
     <span class='ocr_line' id='line_1_24' title="bbox 243 1701 1601 1754; baseline -0.002 -11"><span class='ocrx_word' id='word_1_196' title='bbox 243 1710 452 1744; x_wconf 74' lang='grc' dir='ltr'><strong><em>λανθάνειν</em></strong></span> <span class='ocrx_word' id='word_1_197' title='bbox 476 1708 536 1743; x_wconf 83' lang='grc' dir='ltr'><strong><em>ὅτι</em></strong></span> <span class='ocrx_word' id='word_1_198' title='bbox 558 1707 686 1744; x_wconf 76' lang='grc' dir='ltr'><strong><em>...διὰ</em></strong></span> <span class='ocrx_word' id='word_1_199' title='bbox 712 1717 744 1742; x_wconf 91' lang='grc' dir='ltr'><strong><em>σ.</em></strong></span> <span class='ocrx_word' id='word_1_200' title='bbox 771 1710 865 1742; x_wconf 87' lang='lat' dir='ltr'><strong>coni.</strong></span> <span class='ocrx_word' id='word_1_201' title='bbox 890 1710 928 1742; x_wconf 89' lang='lat' dir='ltr'><strong><em>B.</em></strong></span> <span class='ocrx_word' id='word_1_202' title='bbox 1008 1707 1050 1742; x_wconf 76' lang='grc' dir='ltr'><strong><em>δὲ</em></strong></span> <span class='ocrx_word' id='word_1_203' title='bbox 1073 1720 1139 1754; x_wconf 89' lang='lat' dir='ltr'><strong><em>pro</em></strong></span> <span class='ocrx_word' id='word_1_204' title='bbox 1161 1701 1204 1751; x_wconf 71' lang='grc' dir='ltr'><strong><em>δή</em></strong></span> <span class='ocrx_word' id='word_1_205' title='bbox 1234 1709 1290 1742; x_wconf 89' lang='lat' dir='ltr'><strong><em>ed.</em></strong></span> <span class='ocrx_word' id='word_1_206' title='bbox 1415 1709 1450 1742; x_wconf 88' lang='grc'><strong><em>6.</em></strong></span> <span class='ocrx_word' id='word_1_207' title='bbox 1474 1706 1601 1741; x_wconf 78' lang='grc' dir='ltr'><strong><em>πάντα</em></strong></span> 
     </span>
    </p>
   </div>
   <div class='ocr_carea' id='block_1_3' title="bbox 244 1754 1600 1848">
    <p class='ocr_par' dir='ltr' id='par_1_3' title="bbox 244 1754 1600 1848">
     <span class='ocr_line' id='line_1_25' title="bbox 247 1754 1600 1802; baseline -0.002 -12"><span class='ocrx_word' id='word_1_208' title='bbox 247 1757 526 1802; x_wconf 79' lang='grc' dir='ltr'><strong><em>περιήγγελλον</em></strong></span> <span class='ocrx_word' id='word_1_209' title='bbox 559 1755 616 1791; x_wconf 89' lang='lat' dir='ltr'><strong><em>ed.</em></strong></span> <span class='ocrx_word' id='word_1_210' title='bbox 762 1767 814 1790; x_wconf 86' lang='grc' dir='ltr'><strong><em>ιο.</em></strong></span> <span class='ocrx_word' id='word_1_211' title='bbox 836 1754 1010 1789; x_wconf 78' lang='grc' dir='ltr'><strong><em>ἑκάστων</em></strong></span> <span class='ocrx_word' id='word_1_212' title='bbox 1033 1754 1091 1789; x_wconf 82' lang='lat' dir='ltr'><strong><em>ed.</em></strong></span> <span class='ocrx_word' id='word_1_213' title='bbox 1199 1766 1251 1789; x_wconf 62' lang='grc' dir='ltr'><strong><em>ιιι.</em></strong></span> <span class='ocrx_word' id='word_1_214' title='bbox 1275 1755 1432 1799; x_wconf 82' lang='grc' dir='ltr'><strong><em>ἔχοντας</em></strong></span> <span class='ocrx_word' id='word_1_215' title='bbox 1451 1754 1600 1801; x_wconf 78' lang='grc' dir='ltr'><strong><em>ἐπιτρί-</em></strong></span> 
     </span>
     <span class='ocr_line' id='line_1_26' title="bbox 244 1800 1384 1848; baseline -0.001 -12"><span class='ocrx_word' id='word_1_216' title='bbox 244 1806 383 1847; x_wconf 79' lang='grc' dir='ltr'><strong><em>βεσθαι</em></strong></span> <span class='ocrx_word' id='word_1_217' title='bbox 408 1803 466 1843; x_wconf 84' lang='grc' dir='ltr'><strong><em>Ν.,</em></strong></span> <span class='ocrx_word' id='word_1_218' title='bbox 492 1802 641 1846; x_wconf 73' lang='grc' dir='ltr'><strong><em>ἔχοντες</em></strong></span> <span class='ocrx_word' id='word_1_219' title='bbox 657 1801 932 1848; x_wconf 76' lang='grc' dir='ltr'><strong><em>ἐπιτρέπεσθαι</em></strong></span> <span class='ocrx_word' id='word_1_220' title='bbox 954 1801 1010 1835; x_wconf 87' lang='lat' dir='ltr'><strong><em>ed.</em></strong></span> <span class='ocrx_word' id='word_1_221' title='bbox 1104 1813 1163 1837; x_wconf 76' lang='lat' dir='ltr'><strong>ao.</strong></span> <span class='ocrx_word' id='word_1_222' title='bbox 1187 1800 1304 1837; x_wconf 81' lang='grc' dir='ltr'><strong><em>πάλιν</em></strong></span> <span class='ocrx_word' id='word_1_223' title='bbox 1328 1801 1384 1835; x_wconf 81' lang='lat' dir='ltr'><strong>ed.</strong></span> 
     </span>
    </p>
   </div>
   <div class='ocr_carea' id='block_1_4' title="bbox 150 1901 1601 2740">
    <p class='ocr_par' dir='ltr' id='par_1_4' title="bbox 150 1901 1601 2740">
     <span class='ocr_line' id='line_1_27' title="bbox 150 1901 1599 1951; baseline -0.002 -12"><span class='ocrx_word' id='word_1_224' title='bbox 150 1905 311 1951; x_wconf 83' lang='lat' dir='ltr'><strong>pulveris</strong></span> <span class='ocrx_word' id='word_1_225' title='bbox 327 1904 442 1937; x_wconf 86' lang='lat' dir='ltr'><strong>instar</strong></span> <span class='ocrx_word' id='word_1_226' title='bbox 465 1902 638 1937; x_wconf 81' lang='lat' dir='ltr'><strong>bucilluc</strong></span> <span class='ocrx_word' id='word_1_227' title='bbox 647 1902 748 1936; x_wconf 83' lang='lat' dir='ltr'><strong>facili</strong></span> <span class='ocrx_word' id='word_1_228' title='bbox 759 1903 855 1937; x_wconf 86' lang='lat' dir='ltr'><strong>iactu</strong></span> <span class='ocrx_word' id='word_1_229' title='bbox 865 1902 1201 1947; x_wconf 78' lang='lat' dir='ltr'><strong>circumagebantur</strong></span> <span class='ocrx_word' id='word_1_230' title='bbox 1213 1912 1255 1934; x_wconf 89' lang='lat' dir='ltr'><strong>ac</strong></span> <span class='ocrx_word' id='word_1_231' title='bbox 1267 1901 1495 1936; x_wconf 81' lang='lat' dir='ltr'><strong>diffluebant.</strong></span> <span class='ocrx_word' id='word_1_232' title='bbox 1523 1902 1599 1948; x_wconf 86' lang='lat' dir='ltr'><strong>Qui</strong></span> 
     </span>
     <span class='ocr_line' id='line_1_28' title="bbox 150 1948 1600 1996; baseline -0.001 -12"><span class='ocrx_word' id='word_1_233' title='bbox 150 1962 237 1988; x_wconf 84' lang='lat' dir='ltr'><strong>vero</strong></span> <span class='ocrx_word' id='word_1_234' title='bbox 255 1962 365 1984; x_wconf 89' lang='lat' dir='ltr'><strong>unam</strong></span> <span class='ocrx_word' id='word_1_235' title='bbox 385 1957 527 1996; x_wconf 84' lang='lat' dir='ltr'><strong>gentem</strong></span> <span class='ocrx_word' id='word_1_236' title='bbox 537 1951 705 1996; x_wconf 86' lang='lat' dir='ltr'><strong>pluresve</strong></span> <span class='ocrx_word' id='word_1_237' title='bbox 717 1954 864 1991; x_wconf 87' lang='lat' dir='ltr'><strong>emerat,</strong></span> <span class='ocrx_word' id='word_1_238' title='bbox 887 1949 986 1983; x_wconf 84' lang='lat' dir='ltr'><strong>binis</strong></span> <span class='ocrx_word' id='word_1_239' title='bbox 997 1948 1057 1982; x_wconf 86' lang='lat' dir='ltr'><strong><em>vel</em></strong></span> <span class='ocrx_word' id='word_1_240' title='bbox 1071 1949 1184 1981; x_wconf 85' lang='lat' dir='ltr'><strong>ternis</strong></span> <span class='ocrx_word' id='word_1_241' title='bbox 1197 1950 1350 1994; x_wconf 84' lang='lat' dir='ltr'><strong>stipatus</strong></span> <span class='ocrx_word' id='word_1_242' title='bbox 1363 1949 1600 1991; x_wconf 69' lang='lat' dir='ltr'><strong>sateltitibus,</strong></span> 
     </span>
     <span class='ocr_line' id='line_1_29' title="bbox 152 1995 1599 2044; baseline -0.001 -13"><span class='ocrx_word' id='word_1_243' title='bbox 152 1998 217 2044; x_wconf 83' lang='lat' dir='ltr'><strong>qui</strong></span> <span class='ocrx_word' id='word_1_244' title='bbox 231 1997 277 2031; x_wconf 86' lang='lat' dir='ltr'><strong>ad</strong></span> <span class='ocrx_word' id='word_1_245' title='bbox 289 2009 326 2031; x_wconf 92' lang='lat' dir='ltr'><strong><em>se</em></strong></span> <span class='ocrx_word' id='word_1_246' title='bbox 344 2008 410 2042; x_wconf 89' lang='lat' dir='ltr'><strong><em>per</em></strong></span> <span class='ocrx_word' id='word_1_247' title='bbox 422 1999 602 2042; x_wconf 82' lang='lat' dir='ltr'><strong>posticum</strong></span> <span class='ocrx_word' id='word_1_248' title='bbox 615 1997 857 2037; x_wconf 58' lang='lat' dir='ltr'><strong>venun-irent,</strong></span> <span class='ocrx_word' id='word_1_249' title='bbox 880 2006 927 2028; x_wconf 92' lang='lat' dir='ltr'><strong><em>ne</em></strong></span> <span class='ocrx_word' id='word_1_250' title='bbox 945 1995 1039 2029; x_wconf 85' lang='lat' dir='ltr'><strong>forte</strong></span> <span class='ocrx_word' id='word_1_251' title='bbox 1051 1995 1195 2035; x_wconf 83' lang='lat' dir='ltr'><strong>lateret,</strong></span> <span class='ocrx_word' id='word_1_252' title='bbox 1218 2007 1284 2040; x_wconf 88' lang='lat' dir='ltr'><strong><em>per</em></strong></span> <span class='ocrx_word' id='word_1_253' title='bbox 1294 1996 1421 2029; x_wconf 73' lang='lat' dir='ltr'><strong>tacitos</strong></span> <span class='ocrx_word' id='word_1_254' title='bbox 1445 2006 1599 2040; x_wconf 86' lang='lat' dir='ltr'><strong>praeco-</strong></span> 
     </span>
     <span class='ocr_line' id='line_1_30' title="bbox 151 2042 1598 2090; baseline -0.001 -13"><span class='ocrx_word' id='word_1_255' title='bbox 151 2055 216 2082; x_wconf 86' lang='lat' dir='ltr'><strong><em>nes</em></strong></span> <span class='ocrx_word' id='word_1_256' title='bbox 242 2046 287 2090; x_wconf 88' lang='lat' dir='ltr'><strong><em>(si</em></strong></span> <span class='ocrx_word' id='word_1_257' title='bbox 314 2050 436 2078; x_wconf 84' lang='lat' dir='ltr'><strong>tamen</strong></span> <span class='ocrx_word' id='word_1_258' title='bbox 451 2044 685 2090; x_wconf 88' lang='lat' dir='ltr'><strong>praeconium</strong></span> <span class='ocrx_word' id='word_1_259' title='bbox 697 2044 847 2077; x_wconf 87' lang='lat' dir='ltr'><strong>tacitum</strong></span> <span class='ocrx_word' id='word_1_260' title='bbox 860 2043 938 2076; x_wconf 87' lang='lat' dir='ltr'><strong>fieri</strong></span> <span class='ocrx_word' id='word_1_261' title='bbox 962 2042 1122 2086; x_wconf 85' lang='lat' dir='ltr'><strong>potest,)</strong></span> <span class='ocrx_word' id='word_1_262' title='bbox 1148 2051 1273 2074; x_wconf 87' lang='lat' dir='ltr'><strong>omnes</strong></span> <span class='ocrx_word' id='word_1_263' title='bbox 1296 2043 1467 2076; x_wconf 83' lang='lat' dir='ltr'><strong>certiores</strong></span> <span class='ocrx_word' id='word_1_264' title='bbox 1491 2042 1598 2083; x_wconf 84' lang='lat' dir='ltr'><strong>fecit,</strong></span> 
     </span>
     <span class='ocr_line' id='line_1_31' title="bbox 151 2087 1598 2133; baseline -0.001 -9"><span class='ocrx_word' id='word_1_265' title='bbox 151 2102 251 2124; x_wconf 89' lang='lat' dir='ltr'><strong>more</strong></span> <span class='ocrx_word' id='word_1_266' title='bbox 264 2091 456 2124; x_wconf 83' lang='lat' dir='ltr'><strong>Homerico</strong></span> <span class='ocrx_word' id='word_1_267' title='bbox 476 2091 690 2124; x_wconf 87' lang='lat' dir='ltr'><strong>nominatim</strong></span> <span class='ocrx_word' id='word_1_268' title='bbox 704 2090 750 2123; x_wconf 89' lang='lat' dir='ltr'><strong>ad</strong></span> <span class='ocrx_word' id='word_1_269' title='bbox 763 2089 882 2123; x_wconf 87' lang='lat' dir='ltr'><strong>forum</strong></span> <span class='ocrx_word' id='word_1_270' title='bbox 904 2090 999 2122; x_wconf 82' lang='lat' dir='ltr'><strong>viros</strong></span> <span class='ocrx_word' id='word_1_271' title='bbox 1013 2088 1173 2133; x_wconf 86' lang='lat' dir='ltr'><strong>singulos</strong></span> <span class='ocrx_word' id='word_1_272' title='bbox 1191 2087 1389 2122; x_wconf 82' lang='lat' dir='ltr'><strong>advocabat</strong></span> <span class='ocrx_word' id='word_1_273' title='bbox 1405 2089 1484 2122; x_wconf 86' lang='lat' dir='ltr'><strong>sine</strong></span> <span class='ocrx_word' id='word_1_274' title='bbox 1504 2094 1598 2123; x_wconf 84' lang='lat' dir='ltr'><strong>stre-</strong></span> 
     </span>
     <span class='ocr_line' id='line_1_32' title="bbox 151 2135 1597 2182; baseline -0.001 -13"><span class='ocrx_word' id='word_1_275' title='bbox 151 2138 246 2182; x_wconf 88' lang='lat' dir='ltr'><strong>pitu,</strong></span> <span class='ocrx_word' id='word_1_276' title='bbox 273 2137 350 2182; x_wconf 89' lang='lat' dir='ltr'><strong>ipse</strong></span> <span class='ocrx_word' id='word_1_277' title='bbox 361 2148 446 2171; x_wconf 89' lang='lat' dir='ltr'><strong>vero</strong></span> <span class='ocrx_word' id='word_1_278' title='bbox 460 2137 497 2170; x_wconf 83' lang='lat' dir='ltr'><strong><em>in</em></strong></span> <span class='ocrx_word' id='word_1_279' title='bbox 517 2138 643 2182; x_wconf 86' lang='lat' dir='ltr'><strong>primis</strong></span> <span class='ocrx_word' id='word_1_280' title='bbox 662 2136 880 2182; x_wconf 84' lang='lat' dir='ltr'><strong>fungebatur</strong></span> <span class='ocrx_word' id='word_1_281' title='bbox 895 2144 1057 2169; x_wconf 84' lang='lat' dir='ltr'><strong>munere.</strong></span> <span class='ocrx_word' id='word_1_282' title='bbox 1081 2135 1210 2181; x_wconf 86' lang='lat' dir='ltr'><strong>ltaque</strong></span> <span class='ocrx_word' id='word_1_283' title='bbox 1220 2137 1449 2180; x_wconf 72' lang='lat' dir='ltr'>magistratus</span> <span class='ocrx_word' id='word_1_284' title='bbox 1466 2135 1525 2169; x_wconf 80' lang='lat' dir='ltr'><strong><em>his</em></strong></span> <span class='ocrx_word' id='word_1_285' title='bbox 1538 2140 1597 2168; x_wconf 81' lang='lat' dir='ltr'><strong><em>ta—</em></strong></span> 
     </span>
     <span class='ocr_line' id='line_1_33' title="bbox 153 2182 1601 2227; baseline 0 -12"><span class='ocrx_word' id='word_1_286' title='bbox 153 2184 303 2217; x_wconf 86' lang='lat' dir='ltr'><strong>citurnis</strong></span> <span class='ocrx_word' id='word_1_287' title='bbox 354 2183 568 2217; x_wconf 88' lang='lat' dir='ltr'><strong>raeconibus</strong></span> <span class='ocrx_word' id='word_1_288' title='bbox 596 2190 700 2217; x_wconf 83' lang='lat' dir='ltr'><strong>utens</strong></span> <span class='ocrx_word' id='word_1_289' title='bbox 726 2183 765 2216; x_wconf 92' lang='lat' dir='ltr'><strong><em>in</em></strong></span> <span class='ocrx_word' id='word_1_290' title='bbox 790 2182 966 2227; x_wconf 84' lang='lat' dir='ltr'><strong>cuiusque</strong></span> <span class='ocrx_word' id='word_1_291' title='bbox 991 2192 1115 2215; x_wconf 87' lang='lat' dir='ltr'><strong>aurem</strong></span> <span class='ocrx_word' id='word_1_292' title='bbox 1148 2182 1418 2223; x_wconf 82' lang='lat' dir='ltr'><strong>insusurrabat,</strong></span> <span class='ocrx_word' id='word_1_293' title='bbox 1447 2192 1487 2216; x_wconf 88' lang='lat' dir='ltr'><strong><em>se</em></strong></span> <span class='ocrx_word' id='word_1_294' title='bbox 1519 2183 1601 2215; x_wconf 70' lang='lat' dir='ltr'><strong>sin-</strong></span> 
     </span>
     <span class='ocr_line' id='line_1_34' title="bbox 152 2227 1595 2275; baseline 0 -13"><span class='ocrx_word' id='word_1_295' title='bbox 152 2231 254 2275; x_wconf 84' lang='lat' dir='ltr'><strong>gulos</strong></span> <span class='ocrx_word' id='word_1_296' title='bbox 289 2241 330 2263; x_wconf 91' lang='lat' dir='ltr'><strong>su</strong></span> <span class='ocrx_word' id='word_1_297' title='bbox 360 2230 454 2275; x_wconf 50' lang='lat' dir='ltr'><strong>{litos</strong></span> <span class='ocrx_word' id='word_1_298' title='bbox 481 2230 551 2264; x_wconf 90' lang='lat' dir='ltr'><strong><em>hoc</em></strong></span> <span class='ocrx_word' id='word_1_299' title='bbox 575 2237 611 2264; x_wconf 88' lang='lat' dir='ltr'><strong><em>et</em></strong></span> <span class='ocrx_word' id='word_1_300' title='bbox 644 2231 709 2264; x_wconf 86' lang='lat' dir='ltr'><strong>illo</strong></span> <span class='ocrx_word' id='word_1_301' title='bbox 734 2230 871 2274; x_wconf 85' lang='lat' dir='ltr'>argenti</span> <span class='ocrx_word' id='word_1_302' title='bbox 897 2227 1058 2273; x_wconf 86' lang='lat' dir='ltr'><strong>pondere</strong></span> <span class='ocrx_word' id='word_1_303' title='bbox 1084 2228 1230 2262; x_wconf 85' lang='lat' dir='ltr'><strong>venales</strong></span> <span class='ocrx_word' id='word_1_304' title='bbox 1254 2227 1398 2263; x_wconf 84' lang='lat' dir='ltr'><strong>habere.</strong></span> <span class='ocrx_word' id='word_1_305' title='bbox 1447 2229 1595 2262; x_wconf 78' lang='lat' dir='ltr'><strong>Prorsus</strong></span> 
     </span>
     <span class='ocr_line' id='line_1_35' title="bbox 151 2268 1594 2321; baseline 0 -13"><span class='ocrx_word' id='word_1_306' title='bbox 151 2282 271 2314; x_wconf 83' lang='lat' dir='ltr'><strong>autem</strong></span> <span class='ocrx_word' id='word_1_307' title='bbox 296 2268 441 2315; x_wconf 50' lang='lat' dir='ltr'><strong><em>me</em></strong></span> <span class='ocrx_word' id='word_1_308' title='bbox 465 2283 555 2318; x_wconf 84' lang='lat' dir='ltr'><strong>erat,</strong></span> <span class='ocrx_word' id='word_1_309' title='bbox 578 2278 636 2311; x_wconf 83' lang='lat' dir='ltr'><strong><em>vel</em></strong></span> <span class='ocrx_word' id='word_1_310' title='bbox 661 2279 871 2321; x_wconf 86' lang='lat' dir='ltr'><strong>imperatam</strong></span> <span class='ocrx_word' id='word_1_311' title='bbox 896 2275 1088 2319; x_wconf 91' lang='lat' dir='ltr'><strong>pecuniam</strong></span> <span class='ocrx_word' id='word_1_312' title='bbox 1112 2275 1292 2320; x_wconf 83' lang='lat' dir='ltr'><strong>pendere,</strong></span> <span class='ocrx_word' id='word_1_313' title='bbox 1319 2275 1378 2309; x_wconf 89' lang='lat' dir='ltr'><strong><em>vel</em></strong></span> <span class='ocrx_word' id='word_1_314' title='bbox 1401 2275 1594 2309; x_wconf 87' lang='lat' dir='ltr'><strong>calumniis</strong></span> 
     </span>
     <span class='ocr_line' id='line_1_36' title="bbox 150 2320 1594 2369; baseline 0.001 -16"><span class='ocrx_word' id='word_1_315' title='bbox 150 2322 347 2368; x_wconf 79' lang='lat' dir='ltr'><strong>impiicitos</strong></span> <span class='ocrx_word' id='word_1_316' title='bbox 383 2324 559 2368; x_wconf 88' lang='lat' dir='ltr'><strong>supplicia</strong></span> <span class='ocrx_word' id='word_1_317' title='bbox 594 2324 737 2369; x_wconf 85' lang='lat' dir='ltr'><strong>perpeti</strong></span> <span class='ocrx_word' id='word_1_318' title='bbox 764 2329 800 2356; x_wconf 88' lang='lat' dir='ltr'><strong><em>et</em></strong></span> <span class='ocrx_word' id='word_1_319' title='bbox 834 2321 1128 2367; x_wconf 83' lang='lat' dir='ltr'><strong>proscriptiones.</strong></span> <span class='ocrx_word' id='word_1_320' title='bbox 1191 2320 1267 2366; x_wconf 85' lang='lat' dir='ltr'><strong>Qui</strong></span> <span class='ocrx_word' id='word_1_321' title='bbox 1300 2332 1383 2367; x_wconf 87' lang='lat' dir='ltr'><strong>ergo</strong></span> <span class='ocrx_word' id='word_1_322' title='bbox 1417 2323 1594 2355; x_wconf 86' lang='lat' dir='ltr'><strong>nummati</strong></span> 
     </span>
     <span class='ocr_line' id='line_1_37' title="bbox 151 2368 1595 2415; baseline -0.001 -13"><span class='ocrx_word' id='word_1_323' title='bbox 151 2374 275 2411; x_wconf 88' lang='lat' dir='ltr'><strong>erant,</strong></span> <span class='ocrx_word' id='word_1_324' title='bbox 298 2370 325 2402; x_wconf 90' lang='lat' dir='ltr'><strong><em>ii</em></strong></span> <span class='ocrx_word' id='word_1_325' title='bbox 350 2381 415 2415; x_wconf 87' lang='lat' dir='ltr'><strong><em>pro</em></strong></span> <span class='ocrx_word' id='word_1_326' title='bbox 440 2369 676 2404; x_wconf 87' lang='lat' dir='ltr'><strong>facultatibus</strong></span> <span class='ocrx_word' id='word_1_327' title='bbox 710 2370 864 2415; x_wconf 87' lang='lat' dir='ltr'><strong>quisque</strong></span> <span class='ocrx_word' id='word_1_328' title='bbox 892 2368 964 2402; x_wconf 87' lang='lat' dir='ltr'><strong>suis</strong></span> <span class='ocrx_word' id='word_1_329' title='bbox 991 2379 1073 2401; x_wconf 91' lang='lat' dir='ltr'><strong><em>cum</em></strong></span> <span class='ocrx_word' id='word_1_330' title='bbox 1098 2368 1234 2412; x_wconf 84' lang='lat' dir='ltr'><strong>gemitu</strong></span> <span class='ocrx_word' id='word_1_331' title='bbox 1257 2369 1449 2413; x_wconf 86' lang='lat' dir='ltr'><strong>pecuniam</strong></span> <span class='ocrx_word' id='word_1_332' title='bbox 1473 2369 1595 2402; x_wconf 88' lang='lat' dir='ltr'><strong>solve-</strong></span> 
     </span>
     <span class='ocr_line' id='line_1_38' title="bbox 150 2414 1594 2462; baseline 0 -15"><span class='ocrx_word' id='word_1_333' title='bbox 150 2414 260 2449; x_wconf 86' lang='lat' dir='ltr'>bant:</span> <span class='ocrx_word' id='word_1_334' title='bbox 285 2417 468 2450; x_wconf 80' lang='lat' dir='ltr'><strong>tenuiores</strong></span> <span class='ocrx_word' id='word_1_335' title='bbox 494 2423 615 2451; x_wconf 87' lang='lat' dir='ltr'><strong>autem</strong></span> <span class='ocrx_word' id='word_1_336' title='bbox 639 2417 753 2462; x_wconf 85' lang='lat' dir='ltr'><strong>plagis</strong></span> <span class='ocrx_word' id='word_1_337' title='bbox 782 2415 930 2460; x_wconf 90' lang='lat' dir='ltr'><strong>publice</strong></span> <span class='ocrx_word' id='word_1_338' title='bbox 948 2414 1126 2459; x_wconf 83' lang='lat' dir='ltr'>impositis</span> <span class='ocrx_word' id='word_1_339' title='bbox 1151 2414 1312 2448; x_wconf 86' lang='lat' dir='ltr'><strong>abibant.</strong></span> <span class='ocrx_word' id='word_1_340' title='bbox 1362 2416 1437 2449; x_wconf 88' lang='lat' dir='ltr'><strong><em>Iam</em></strong></span> <span class='ocrx_word' id='word_1_341' title='bbox 1464 2421 1502 2448; x_wconf 86' lang='lat' dir='ltr'><strong><em>et</em></strong></span> <span class='ocrx_word' id='word_1_342' title='bbox 1520 2415 1594 2448; x_wconf 88' lang='lat' dir='ltr'><strong>alia</strong></span> 
     </span>
     <span class='ocr_line' id='line_1_39' title="bbox 151 2461 1592 2507; baseline -0.001 -12"><span class='ocrx_word' id='word_1_343' title='bbox 151 2461 246 2495; x_wconf 85' lang='lat' dir='ltr'><strong>ratio</strong></span> <span class='ocrx_word' id='word_1_344' title='bbox 272 2463 543 2497; x_wconf 84' lang='lat' dir='ltr'>simulationum</span> <span class='ocrx_word' id='word_1_345' title='bbox 571 2469 658 2496; x_wconf 83' lang='lat' dir='ltr'><strong>erat.</strong></span> <span class='ocrx_word' id='word_1_346' title='bbox 707 2462 841 2496; x_wconf 77' lang='lat' dir='ltr'><strong>Extitit</strong></span> <span class='ocrx_word' id='word_1_347' title='bbox 877 2461 975 2495; x_wconf 89' lang='lat' dir='ltr'><strong>enim</strong></span> <span class='ocrx_word' id='word_1_348' title='bbox 1012 2461 1211 2506; x_wconf 85' lang='lat' dir='ltr'><strong>aliquando</strong></span> <span class='ocrx_word' id='word_1_349' title='bbox 1241 2472 1356 2507; x_wconf 85' lang='lat' dir='ltr'><strong>genus</strong></span> <span class='ocrx_word' id='word_1_350' title='bbox 1386 2461 1592 2504; x_wconf 84' lang='lat' dir='ltr'><strong>hominum,</strong></span> 
     </span>
     <span class='ocr_line' id='line_1_40' title="bbox 152 2508 1594 2554; baseline 0 -14"><span class='ocrx_word' id='word_1_351' title='bbox 152 2509 216 2554; x_wconf 88' lang='lat' dir='ltr'><strong>qui</strong></span> <span class='ocrx_word' id='word_1_352' title='bbox 240 2508 287 2540; x_wconf 91' lang='lat' dir='ltr'><strong><em>ob</em></strong></span> <span class='ocrx_word' id='word_1_353' title='bbox 317 2515 510 2553; x_wconf 81' lang='lat' dir='ltr'><strong>egestatem</strong></span> <span class='ocrx_word' id='word_1_354' title='bbox 535 2521 576 2543; x_wconf 89' lang='lat' dir='ltr'><strong>ac</strong></span> <span class='ocrx_word' id='word_1_355' title='bbox 600 2509 792 2544; x_wconf 84' lang='lat' dir='ltr'><strong>stultitiam</strong></span> <span class='ocrx_word' id='word_1_356' title='bbox 816 2520 915 2542; x_wconf 88' lang='lat' dir='ltr'><strong>suam</strong></span> <span class='ocrx_word' id='word_1_357' title='bbox 941 2508 1211 2553; x_wconf 87' lang='lat' dir='ltr'><strong>impendentem</strong></span> <span class='ocrx_word' id='word_1_358' title='bbox 1235 2519 1360 2541; x_wconf 86' lang='lat' dir='ltr'><strong>necem</strong></span> <span class='ocrx_word' id='word_1_359' title='bbox 1386 2520 1427 2542; x_wconf 87' lang='lat' dir='ltr'><strong>ac</strong></span> <span class='ocrx_word' id='word_1_360' title='bbox 1448 2509 1594 2553; x_wconf 87' lang='lat' dir='ltr'><strong>pericu-</strong></span> 
     </span>
     <span class='ocr_line' id='line_1_41' title="bbox 151 2554 1594 2601; baseline 0 -15"><span class='ocrx_word' id='word_1_361' title='bbox 151 2554 188 2587; x_wconf 87' lang='lat' dir='ltr'><strong>la</strong></span> <span class='ocrx_word' id='word_1_362' title='bbox 213 2559 424 2590; x_wconf 85' lang='lat' dir='ltr'><strong>temnerent.</strong></span> <span class='ocrx_word' id='word_1_363' title='bbox 484 2557 532 2590; x_wconf 90' lang='lat' dir='ltr'><strong><em>Hi</em></strong></span> <span class='ocrx_word' id='word_1_364' title='bbox 551 2558 722 2590; x_wconf 86' lang='lat' dir='ltr'><strong>nimirum</strong></span> <span class='ocrx_word' id='word_1_365' title='bbox 745 2555 963 2589; x_wconf 88' lang='lat' dir='ltr'><strong>iniuriarum</strong></span> <span class='ocrx_word' id='word_1_366' title='bbox 987 2554 1219 2599; x_wconf 83' lang='lat' dir='ltr'><strong>impatientes</strong></span> <span class='ocrx_word' id='word_1_367' title='bbox 1244 2556 1379 2588; x_wconf 88' lang='lat' dir='ltr'><strong>crimen</strong></span> <span class='ocrx_word' id='word_1_368' title='bbox 1402 2555 1594 2601; x_wconf 80' lang='lat' dir='ltr'><strong>peculatus</strong></span> 
     </span>
     <span class='ocr_line' id='line_1_42' title="bbox 151 2600 1588 2646; baseline -0.001 -12"><span class='ocrx_word' id='word_1_369' title='bbox 151 2600 250 2645; x_wconf 75' lang='lat' dir='ltr'><strong>apud</strong></span> <span class='ocrx_word' id='word_1_370' title='bbox 276 2602 380 2634; x_wconf 81' lang='lat' dir='ltr'><strong>aulae</strong></span> <span class='ocrx_word' id='word_1_371' title='bbox 408 2603 630 2645; x_wconf 82' lang='lat' dir='ltr'><strong>praefectum</strong></span> <span class='ocrx_word' id='word_1_372' title='bbox 656 2603 877 2636; x_wconf 79' lang='lat' dir='ltr'><strong>detulerunt.</strong></span> <span class='ocrx_word' id='word_1_373' title='bbox 926 2600 995 2633; x_wconf 84' lang='lat' dir='ltr'><strong><em>Hic</em></strong></span> <span class='ocrx_word' id='word_1_374' title='bbox 1019 2606 1140 2634; x_wconf 85' lang='lat' dir='ltr'><strong>autem</strong></span> <span class='ocrx_word' id='word_1_375' title='bbox 1165 2612 1240 2634; x_wconf 90' lang='lat' dir='ltr'><strong><em>rem</em></strong></span> <span class='ocrx_word' id='word_1_376' title='bbox 1271 2602 1367 2634; x_wconf 86' lang='lat' dir='ltr'><strong>serio</strong></span> <span class='ocrx_word' id='word_1_377' title='bbox 1402 2611 1507 2646; x_wconf 88' lang='lat' dir='ltr'><strong>agere</strong></span> <span class='ocrx_word' id='word_1_378' title='bbox 1540 2600 1588 2633; x_wconf 88' lang='lat' dir='ltr'><strong><em>si-</em></strong></span> 
     </span>
     <span class='ocr_line' id='line_1_43' title="bbox 151 2646 1592 2695; baseline -0.001 -16"><span class='ocrx_word' id='word_1_379' title='bbox 151 2647 291 2680; x_wconf 85' lang='lat' dir='ltr'><strong>mulans</strong></span> <span class='ocrx_word' id='word_1_380' title='bbox 317 2647 469 2693; x_wconf 88' lang='lat' dir='ltr'><strong>(quippe</strong></span> <span class='ocrx_word' id='word_1_381' title='bbox 502 2654 539 2684; x_wconf 90' lang='lat' dir='ltr'><strong><em>et</em></strong></span> <span class='ocrx_word' id='word_1_382' title='bbox 573 2650 651 2695; x_wconf 90' lang='lat' dir='ltr'><strong>ipse</strong></span> <span class='ocrx_word' id='word_1_383' title='bbox 677 2649 763 2682; x_wconf 90' lang='lat' dir='ltr'><strong>olim</strong></span> <span class='ocrx_word' id='word_1_384' title='bbox 788 2648 827 2681; x_wconf 88' lang='lat' dir='ltr'><strong><em>in</em></strong></span> <span class='ocrx_word' id='word_1_385' title='bbox 851 2647 963 2690; x_wconf 75' lang='lat' dir='ltr'><strong>simili</strong></span> <span class='ocrx_word' id='word_1_386' title='bbox 993 2646 1138 2681; x_wconf 86' lang='lat' dir='ltr'><strong>fortuna</strong></span> <span class='ocrx_word' id='word_1_387' title='bbox 1162 2653 1322 2681; x_wconf 86' lang='lat' dir='ltr'><strong>versatus</strong></span> <span class='ocrx_word' id='word_1_388' title='bbox 1346 2647 1461 2693; x_wconf 81' lang='lat' dir='ltr'><strong>erat‚)</strong></span> <span class='ocrx_word' id='word_1_389' title='bbox 1497 2658 1592 2691; x_wconf 74' lang='lat' dir='ltr'><strong>eum,</strong></span> 
     </span>
     <span class='ocr_line' id='line_1_44' title="bbox 152 2693 1590 2740; baseline 0 -14"><span class='ocrx_word' id='word_1_390' title='bbox 152 2694 217 2740; x_wconf 84' lang='lat' dir='ltr'><strong>qui</strong></span> <span class='ocrx_word' id='word_1_391' title='bbox 241 2694 498 2735; x_wconf 83' lang='lat' dir='ltr'><strong>accusabatur,</strong></span> <span class='ocrx_word' id='word_1_392' title='bbox 524 2707 623 2729; x_wconf 89' lang='lat' dir='ltr'><strong>reum</strong></span> <span class='ocrx_word' id='word_1_393' title='bbox 650 2695 789 2740; x_wconf 84' lang='lat' dir='ltr'><strong>agebat,</strong></span> <span class='ocrx_word' id='word_1_394' title='bbox 816 2700 854 2729; x_wconf 91' lang='lat' dir='ltr'><strong><em>et</em></strong></span> <span class='ocrx_word' id='word_1_395' title='bbox 879 2695 1093 2728; x_wconf 82' lang='lat' dir='ltr'><strong>accusatoris</strong></span> <span class='ocrx_word' id='word_1_396' title='bbox 1114 2694 1285 2728; x_wconf 85' lang='lat' dir='ltr'><strong>fiduciam</strong></span> <span class='ocrx_word' id='word_1_397' title='bbox 1307 2693 1590 2728; x_wconf 79' lang='lat' dir='ltr'><strong>commendabat.</strong></span> 
     </span>
    </p>
   </div>
   <div class='ocr_carea' id='block_1_5' title="bbox 198 2762 1326 2808">
    <p class='ocr_par' dir='ltr' id='par_1_5' title="bbox 198 2762 1326 2808">
     <span class='ocr_line' id='line_1_45' title="bbox 198 2762 1326 2808; baseline 0.006 -12"><span class='ocrx_word' id='word_1_398' title='bbox 198 2762 409 2808; x_wconf 73' lang='lat' dir='ltr'><strong>Dexippus,</strong></span> <span class='ocrx_word' id='word_1_399' title='bbox 431 2763 626 2808; x_wconf 80' lang='lat' dir='ltr'><strong>Eunapius</strong></span> <span class='ocrx_word' id='word_1_400' title='bbox 647 2773 715 2799; x_wconf 80' lang='lat' dir='ltr'><strong>etc.</strong></span> <span class='ocrx_word' id='word_1_401' title='bbox 1307 2774 1326 2806; x_wconf 87' lang='grc'><strong>7</strong></span> 
     </span>
    </p>
   </div>
  </div>
 </body>
</html>
