1924 3164
325 138 436 213 146
915 149 1198 194 ExcERPTA

134 255 412 311 Α.Ο.447τούς
449 253 578 315 ἑιρους
616 253 775 308 ἔπεμψε
813 253 1039 308 πρέσβεις,
1085 252 1286 308 φυγάδας·
1318 250 1463 298 aetum
1521 257 1559 298 οἱ
1588 257 1634 297 δὲ
1661 253 1761 303 τούς

122 313 672 394 ΤὴῙηῗὶὤπρεσβευομένους
704 316 921 372 δεξάμενοι
950 319 1024 360 καί
1049 319 1259 367 πλείστοις
1288 315 1438 374 δώροις
1465 321 1760 376 θεραπεύσαν-

136 371 223 415 ”Εο
255 362 382 438 ’4Οτες
411 385 678 440 ἀπέπεμψαν,
708 383 904 440 φυγάδας
930 382 988 439 μὴ
1018 382 1132 439 ἔχειν
1163 386 1387 441 φήσαντες.
1441 385 1567 428 πάλιν
1593 377 1761 442 ἑτέρους

313 453 501 508 ἔπεμψε.
554 452 940 507 χρηματισαμένων
968 451 1015 492 δὲ
1055 452 1127 492 καί
1163 451 1315 503 αὐτῶν,
1362 453 1476 506 τρίτη
1516 453 1760 507 παρεγένετο

313 517 536 577 πρεσβεία,
567 516 640 560 καί
665 515 839 572 τετάρτη
867 519 955 569 μετ’
981 512 1113 571 αὖτήν
1131 546 1143 558 .
1200 515 1224 557 ὅ
1252 515 1339 572 γάρΙ
1361 518 1404 566 ἐς
1436 515 1511 572 την
1533 512 1787 570 εΡοομαίων5

317 586 492 642 α’φορῶν
522 583 778 638 φιλοτιμίαν,
807 578 859 637 ἢν
885 581 1097 624 ἐποιοῦντο
1127 582 1325 639 εὕλαβείρι
1353 584 1430 624 τοῦ
1469 581 1529 638 μὴ
1568 585 1763 638 παραβα-

222 656 311 701 P.37
324 652 452 706 θῆναι
480 646 559 696 τὰς
575 647 793 699 σπονδὰς,
834 643 960 696 ὅσους
985 649 1070 689 τῶν
1096 648 1337 702 ἐπιτηδεάον
1362 642 1413 688 εὖ
1439 653 1571 691 ποιεῖν
1598 643 1765 703 ἐβούλε-

314 731 383 767 το,
413 712 570 767 ἔπεμπε
598 716 700 771 παρ’
730 709 911 766 αὕτούς,
958 715 1097 762 αἰτίας
1124 729 1168 754 τε
1197 711 1469 756 ἀναπλάττων
1497 713 1570 755 καὶ
1594 711 1765 769 προφά-

315 797 402 829 σεις
439 780 706 835 ἐφευρίσκων
746 775 890 828 κενάς.
948 777 987 820 οἱ
1017 780 1063 820 δὲ
1102 781 1231 820 παντί
1265 778 1476 834 ὑπήκουον
1502 778 1763 834 ἐπιτάγματι,

316 845 390 887 καί
417 844 618 887 δεσπότου
649 844 824 899 ἡγοῦντο
854 843 900 886 τὸ
930 842 1177 900 πρόσταγμα
1196 876 1208 896 ,
1240 839 1339 900 ὅπερ
1370 841 1423 887 ἂν
1447 846 1600 895 ἐκεῖνος
1626 855 1819 900 παρα-10

317 911 583 952 κελεύσαιτο.
641 910 690 951 οὐ
718 907 797 964 γάρ
826 908 954 961 μόνον
983 908 1057 950 τὸν
1085 907 1194 965 πρὸς
1222 909 1353 951 αὐτὸν
1393 910 1618 952 ἀνελέσθαι
1643 909 1768 952 πόλε-·

312 993 396 1032 μον
425 977 696 1030 εὐλαβοῦντο,
725 973 832 1017 α’λλά
866 973 939 1016 καί
948 974 1236 1030 Παρθυαίους
1263 977 1308 1017 ἐν
1338 978 1584 1033 παρασκευῇ
1610 976 1768 1030 τυγχά-

315 1058 462 1090 νοντας
489 1042 725 1093 ἐδεδίεσαν,
765 1039 839 1082 καί
862 1040 1113 1094 Βανὸήλους
1153 1039 1206 1081 τά
1235 1038 1343 1081 κατά
1371 1039 1588 1083 θάλατταν
1614 1041 1767 1097 ταράτ-

315 1124 474 1159 τοντας,
503 1109 577 1149 καί
598 1103 820 1162 Ἰσαύρους
849 1103 957 1161 πρὸς
983 1103 1060 1160 τήν
1088 1107 1282 1161 λῃστείαν
1312 1107 1667 1159 διανισταμένους,
1695 1105 1770 1148 καί

315 1171 586 1229 Σαρακηνοὺς
614 1173 689 1226 τῆς
727 1166 864 1212 αὖτῶν
899 1171 1167 1226 ἐπικρατείας
1209 1169 1288 1226 την
1329 1172 1384 1212 ἕω
1422 1171 1820 1226 κατατρέχοντας,ιό

313 1241 387 1280 καί
413 1237 466 1279 τὰ
499 1235 738 1281 Αἷθιοπικὰ
782 1235 887 1291 ἔθνη
927 1235 1225 1288 συνιστάμενα.
1283 1235 1348 1278 διὸ
1377 1235 1429 1291 δη
1467 1239 1768 1290 τεταπεινωμέ-

280 1314 380 1345 Βνοι
407 1301 481 1345 τὸν
506 1305 585 1357 μὲν
606 1299 813 1357 Ἀττήλαν
841 1298 1128 1357 ἐθεράπευον,
1181 1299 1286 1357 πρὸς
1324 1304 1371 1344 δὲ
1408 1300 1460 1344 τὰ
1502 1299 1627 1343 λοιποὶ
1665 1300 1766 1357 ἔθνη

315 1371 543 1424 ἐπειρῶντο
572 1366 929 1423 παρατάττεσθαι,
959 1365 1157 1421 δυνάμεις
1181 1383 1227 1409 τε
1252 1367 1517 1424 ἀθροίζοντες
1542 1366 1616 1410 καὶ
1636 1384 1767 1424 στρα-

322 1433 470 1490 τηγοὺς
493 1433 842 1489 χειροτονοῦντες.

139 1514 315 1558 A‚c.448
427 1499 470 1542 ε’.
515 1495 611 1541 τὈτι
638 1500 710 1540 καί
733 1493 862 1546 αὖθις
889 1497 1069 1552 Ἐδήκων
1096 1492 1170 1553 ἧκε
1198 1499 1405 1553 πρέσβυς,
1437 1497 1542 1553 οἷνὴρ
1573 1497 1740 1553 Σκύθης
1749 1515 1820 1550 ,20

120 1607 128 1620 ,
198 1560 275 1593 Ind·
296 1566 494 1620 ιμέγιστα
521 1562 626 1606 κατὰ
647 1563 831 1616 πόλεμον
866 1560 968 1618 ἔργα
999 1562 1329 1618 διαπραξάμενος
1339 1598 1352 1617 ,
1382 1562 1459 1605 σὺν
1493 1565 1665 1621 Ὀρέστῃ
1682 1596 1694 1616 ,
1723 1561 1767 1613 ὃς

126 1607 390 1673 Γιιεοᾱ’ίμτοῦ
419 1631 668 1683 “Ρωμαϊκοῦ
705 1629 848 1682 γένους
889 1624 948 1669 ὢν
987 1623 1084 1684 ᾤκει
1123 1627 1197 1683 την
1237 1627 1343 1684 πρὸς
1381 1631 1440 1687 τῷ
1467 1628 1563 1687 Σάῳ
1591 1630 1768 1688 ποταμῷ

383 1722 417 1754 9.
439 1708 639 1751 ύπήκουον
656 1708 759 1748 Val.,
775 1706 951 1748 ὕπήκοον
970 1707 1066 1752 vulg.
1168 1719 1220 1741 lo.
1248 1707 1391 1745 ἐκεῖνος
1415 1708 1457 1741 Η.
1473 1733 1484 1748 ,
1520 1708 1645 1742 ἐκεῖνο
1669 1709 1764 1756 vulg·

381 1755 706 1802 παρακελεύσαιτο
722 1755 773 1795 Β.,
794 1753 1098 1798 παρεκελεύσατο
1107 1754 1202 1797 vulg.
1276 1767 1330 1788 20.
1344 1755 1443 1789 Alibi
1456 1753 1764 1801 rectius’Edsxwv,

410 1819 441 1863 4.
493 1819 586 1851 Pace
620 1816 738 1857 facta,
774 1816 908 1848 Attilas
941 1826 1063 1848 rursus
1101 1816 1238 1859 legatos
1272 1816 1318 1849 ad
1354 1818 1532 1850 Romanos
1560 1817 1764 1851 orientales

315 1865 452 1905 mittit,
471 1865 535 1910 qui
550 1862 752 1906 transfugas
775 1867 992 1907 repeterent.
1017 1862 1065 1896 At
1089 1863 1145 1895 illi
1172 1863 1309 1907 legatos
1337 1862 1503 1908 plurimis
1528 1863 1632 1897 donis
1657 1874 1765 1898 orna-

314 1919 385 1952 tos,
409 1922 490 1943 cum
511 1910 632 1943 nullos
657 1909 822 1953 perfugas
844 1907 942 1952 apud
962 1918 999 1941 se
1019 1919 1096 1941 esse
1114 1916 1384 1950 asseverassent,
1410 1910 1635 1944 dimiserunt.
1661 1910 1766 1945 Misit

317 1965 355 1992 et
372 1958 503 1991 iterum
516 1957 645 1989 Attilas
661 1955 765 1995 alios,
784 1954 918 1999 quibus
935 1965 1009 1988 non
1030 1956 1149 1987 minus
1167 1957 1295 2000 amplis
1316 1956 1526 1990 muneribus
1543 1956 1679 1998 ditatis,
1689 1961 1765 1989 ter-

317 2005 370 2038 tia
381 2005 425 2038 ab
438 2015 492 2043 eo,
511 2002 710 2047 postillam
723 2001 850 2034 itidem
868 2006 993 2047 quarta
1008 2002 1140 2045 legatio
1158 2002 1314 2036 advenit.
1338 2003 1404 2036 Ille
1417 2004 1511 2035 enim
1526 2005 1764 2037 Romanorum

320 2050 594 2089 liberalitatem,
610 2058 682 2093 qua
698 2047 905 2089 utebantur,
926 2047 1059 2087 veriti,
1081 2058 1127 2080 ne
1152 2059 1172 2080 a
1196 2048 1405 2082 foederibus
1429 2049 1570 2083 barbari
1597 2049 1765 2084 discede-

320 2096 585 2138 rent‚ludibrio
611 2094 764 2135 habens,
777 2104 888 2127 novas
914 2093 1069 2127 subinde
1095 2105 1215 2128 causas
1243 2095 1412 2139 fingebat,
1429 2101 1466 2128 et
1490 2106 1600 2129 vanas
1628 2097 1765 2130 occasi-

321 2155 408 2177 ones
421 2145 621 2187 legatorum
648 2140 909 2174 mittendorum
928 2141 1156 2184 excogitabat
1170 2166 1179 2182 ‚
1201 2147 1238 2174 et
1252 2142 1296 2187 ad
1314 2153 1395 2175 suos
1412 2143 1652 2183 necessarios,
1672 2154 1763 2189 quos

319 2191 543 2222 liberalitate
577 2198 704 2222 ornare
734 2186 902 2227 volebat,
935 2198 994 2221 eas
1026 2188 1223 2232 legationes
1258 2187 1454 2223 deferebat.
1503 2190 1653 2223 Romani
1676 2200 1763 2224 vero

322 2237 362 2268 in
387 2235 554 2269 omnibus
580 2234 688 2267 rebus
712 2234 848 2267 Attilae
877 2232 975 2267 dicto
1003 2234 1191 2267 audientes
1226 2239 1348 2276 erant,
1382 2241 1419 2268 et
1442 2246 1535 2280 quae
1558 2237 1763 2280 praecipie—

321 2282 404 2322 bat,
431 2282 568 2315 domini
595 2282 692 2314 iussa
727 2279 918 2315 ducebant.
974 2280 1057 2313 Non
1092 2280 1207 2314 solum
1234 2281 1330 2313 enim
1361 2292 1382 2315 a
1405 2282 1504 2315 bello
1529 2288 1652 2317 contra
1680 2294 1766 2320 eum.

325 2329 555 2373 suscipiendo
601 2338 724 2361 eorum
759 2327 920 2360 rationes
943 2326 1212 2368 abhorrebant,
1246 2327 1309 2360 sed
1335 2333 1372 2361 et
1393 2328 1559 2370 Parthos,
1596 2330 1659 2376 qui
1683 2328 1768 2362 bel-

322 2375 398 2407 lum
424 2373 659 2418 apparabant,
685 2380 722 2408 et
742 2372 938 2412 Vandalus,
964 2374 1028 2418 qui
1050 2374 1247 2407 maritimas
1272 2385 1350 2407 oras
1376 2375 1575 2417 vexabant,
1600 2382 1638 2410 et.
1658 2376 1764 2410 Isau-

323 2433 402 2462 ros,
429 2421 492 2465 qui
518 2421 660 2464 praedis
688 2426 724 2453 et
747 2420 883 2464 rapinis
909 2420 1181 2463 grassabantur,
1208 2426 1244 2453 et
1265 2421 1482 2463 Saracenos,
1510 2424 1573 2468 qui
1598 2422 1762 2468 regiones

324 2467 371 2499 ad
397 2467 579 2502 Orientem
610 2466 884 2500 excursionibus
907 2467 1123 2507 vastabant,
1154 2467 1377 2500 metuebant.
1426 2469 1613 2502 Praeterea
1637 2473 1761 2513 gentes

323 2512 541 2557 Aethiopum
574 2513 613 2546 in
647 2515 753 2547 armis
787 2518 900 2546 erant.
950 2513 1075 2559 Itaque
1108 2513 1257 2546 Romani
1291 2515 1419 2548 animis
1465 2515 1568 2549 fracti
1611 2515 1763 2549 Attilam

329 2559 519 2598 colebant,
554 2559 617 2592 sed
643 2560 770 2592 ceteris
803 2559 972 2603 gentibus
1006 2560 1170 2594 resistere
1197 2560 1441 2603 conabantur,
1477 2562 1561 2595 dum
1583 2563 1762 2597 exercitus
1804 2570 1819 2576 “

329 2605 606 2651 comparabant,
636 2611 673 2639 et
698 2605 805 2638 duces
833 2605 1086 2639 sortiebantur.

418 2653 455 2699 5.
499 2652 657 2692 Edecon,
681 2652 734 2684 vir
761 2651 914 2694 Scytha,
940 2654 1004 2698 qui
1030 2653 1197 2686 maximas
1222 2664 1277 2687 res
1305 2654 1343 2687 in
1368 2653 1468 2688 bello
1493 2659 1667 2700 gesserat,
1697 2667 1761 2689 ve-

326 2701 384 2735 nit.
409 2700 543 2732 iterum
567 2699 706 2743 legatus
732 2707 812 2730 cum
837 2698 975 2733 Oreste.
1025 2699 1092 2734 Hic
1119 2710 1249 2746 genere
1274 2701 1454 2734 Romanus
1479 2701 1671 2736 Paeoniam
1704 2712 1762 2746 re·-v
