1924 3164
642 197 677 237 Ε
712 195 885 239 PRlSCI
923 196 1198 239 HISTORlA.
1302 229 1308 234 .
1546 198 1611 233 21
1631 198 1650 231 1

199 299 277 353 μὶν
302 300 375 354 τῆς
402 297 476 341 ἐπὶ
502 298 556 355 τῇ
582 298 783 358 πρεσβείᾳ
803 297 1065 353 ἀποκρίσεως
1093 298 1291 354 εἰρημένα
1320 293 1752 355 ἅφηγησάμενοι,Α.(ἴ.
1771 299 1838 343 448

201 368 281 421 τῆς
306 360 516 407 ἐπανόδου
544 361 779 419 εἰχόμεθα.
834 362 891 413 ὡς
920 365 967 406 δὲ
996 365 1041 414 ἐς
1067 363 1147 419 τὴν
1172 363 1498 407 Κωνοταντίνου
1525 347 1801 429 παρε-,ῗῗὲὼ
1813 393 1854 439 4ι

1597 426 1611 440 5

203 427 439 486 γενόμεθα,
465 432 812 485 μεταβεβλῆσθαι
850 432 932 484 μὲν
968 429 1144 488 ᾠόμεθα
1171 429 1247 473 τὸν
1273 433 1460 487 Βέριχον
1484 432 1560 485 τῆς
1587 445 1661 485 ορ-
1679 441 1709 475 C

201 499 301 553 γῆς·
330 494 380 546 ὃς
407 498 454 540 δὲ
481 499 554 552 τῆς
581 495 734 552 α’γρίας
769 496 846 538 οὐκ
874 496 1121 552 ἐπελέληπο
1150 495 1344 553 φύσεως,
1374 498 1468 538 ἀλλ’
1494 498 1539 546 ἐς
1566 498 1664 537 δια-

178 561 342 620 ὄφοριὲς
367 561 551 618 ἐχώρει,
578 561 655 604 καί
679 563 726 604 ἐν
754 561 978 620 κατηγορίᾳ
1006 564 1186 605 ἐποιεῖτο
1213 561 1287 605 τὸν
1315 566 1574 616 Μαξιμΐνον,
1603 559 1663 611 ὥς

206 627 364 686 ἔφησεν
389 630 450 680 εἷς
476 627 552 684 τὴν
580 627 795 684 Σκυθικήν
820 627 975 682 διαβὰς
1005 628 1080 671 τὸν
1102 626 1374 684 Ἀρεόβινδον
1401 628 1477 670 καὶ
1500 626 1572 671 τὸν
1582 623 1666 671 ’A-

202 711 362 752 σπαρα,
392 689 551 751 ἄνδρας
577 692 849 750 στρατηγοῦς,
869 688 1080 750 μηδεμίαν
1105 693 1222 751 παρὰ
1254 698 1428 748 βασιλεῖ
1440 693 1554 750 ἔχειν
1569 700 1667 748 μοῖ-

203 777 299 817 ραν,
325 762 401 804 καί
428 759 485 810 ὥς
514 763 561 804 ἐν
588 760 793 819 ὀλιγωρίᾳ
817 760 870 804 τὰ
901 763 989 804 κατ’
1002 759 1162 810 αὐτούς
1194 758 1434 818 ἐποιήσατο,
1465 759 1542 817 τήν
1559 763 1669 817 βαρ..

203 825 386 884 βαρικῆν
410 829 580 882 ἐλέγξας
604 826 862 883 κουφότητα.

155 910 206 939 ιο
312 892 624 945 ’Λναζεύξαντα
664 895 712 936 δὲ
752 891 827 937 τὸν
868 891 1053 948 ΒιγιἏαν
1091 891 1165 936 καί
1194 894 1242 937 ἐν
1269 888 1332 943 οἷς
1359 891 1435 944 τὸν
1462 889 1670 948 Ἀττὴλαν

201 957 346 1009 τόποις
373 961 608 1015 διατρίβειν
649 962 898 1014 συνέβαινεν
954 956 1216 1017 ἀφικόμενον
1257 959 1527 1015 περιστάντες
1557 956 1671 1013 εἶχον

203 1024 246 1068 οἱ
270 1024 379 1082 πρὸς
415 1028 541 1068 τοῦτο
578 1028 972 1082 παρεσκευασμένοι
999 1024 1240 1082 βάρβαροι,
1268 1025 1344 1068 καί
1367 1024 1421 1067 τὰ
1447 1024 1702 1080 χρήματα,1)

202 1087 311 1147 ἅπερ
339 1093 397 1149 τῷ
418 1091 612 1133 Ἐδέκωνι
637 1092 844 1145 ἐκόμιζεν,
867 1087 1110 1148 οἷφείλοντο.
1173 1091 1230 1141 ὠς
1247 1093 1294 1133 δὲ
1323 1093 1399 1133 καί
1429 1089 1560 1137 miron
1588 1100 1673 1132 πα-’·

204 1155 261 1213 ριὶ
290 1156 367 1199 τὸν
407 1152 618 1214 ’Λττὴλαν
658 1151 782 1213 ἦγον,
824 1159 897 1200 καί
924 1159 1169 1213 α’νηρωτᾶτο
1195 1154 1293 1199 ὅτου
1319 1158 1451 1211 χάριν
1477 1159 1672 1199 τοσοῦτον

154 1221 333 1280 ι5φέροι
357 1224 563 1280 χρυσίον,
593 1221 676 1280 ἔφη
705 1225 862 1272 οἰκείας
889 1238 935 1265 τε
963 1222 1039 1265 καί
1062 1225 1148 1265 τῶν
1174 1224 1477 1278 παρεπομένων
1503 1221 1674 1278 προνοί-

204 1305 259 1339 ας
296 1289 448 1343 Spem,
488 1284 596 1331 ὥστε
622 1287 681 1344 μὴ
713 1290 853 1346 ἐνδείᾳ
880 1290 1054 1344 τροφῶν
1096 1285 1126 1343 ἢ
1163 1289 1303 1330 ἳππων
1340 1286 1516 1340 σπάνει,
1546 1283 1575 1341 ἢ
1602 1289 1678 1328 καί

202 1356 290 1398 rasin
334 1357 556 1412 φορτηγῶν
589 1355 830 1410 ὑποζυγίων
879 1352 963 1396 ὑπὸ
994 1357 1070 1410 τῆς
1095 1356 1266 1409 μακρᾶς
1294 1353 1675 1409 ἐκδαπανηθέντων

204 1421 334 1475 ὁδοῦ,
360 1422 613 1476 διαμαρτεῖν
655 1423 728 1477 τῆς
768 1419 869 1476 περὶ
892 1423 967 1476 τῆς
1006 1420 1239 1476 πρεσβείας
1267 1419 1485 1474 σπουδῆς·
1540 1434 1675 1474 παρε-

202 1487 443 1532 σκευάσθαι
471 1489 518 1531 δὲ
557 1487 677 1546 αὐτῷ
706 1489 780 1530 καί
805 1489 849 1537 ἐς
891 1484 1179 1541 αἰχμαλώτων
1206 1484 1342 1541 ω’νὴν,
1370 1486 1536 1527 πολλῶν
1562 1483 1673 1526 κατὰ

149 1551 279 1610 αοτῆν
303 1553 527 1607 Ῥωμαάον
576 1555 813 1609 δεηθέντων
855 1553 1014 1606 αὐτοῦ,
1059 1551 1160 1602 τοός
1201 1567 1329 1611 σφισι
1382 1548 1674 1608 προσήκοντας

202 1617 444 1662 λύσασθαι·
498 1618 573 1662 καὶ
599 1618 622 1662 ὅ
648 1616 866 1674 Ἀττῆλας
892 1619 1014 1673 „dli-⁸
1045 1613 1208 1672 οὔτοι,”
1238 1616 1346 1674 ἔφη,
1374 1615 1458 1670 „013
1488 1614 1673 1671 πονηρὸν

202 1686 395 1741 θηρίον,υ
421 1683 496 1729 τὸν
521 1684 704 1741 Βιγίλαν
732 1687 875 1740 λέγων,
909 1683 1022 1740 „triv
1049 1686 1170 1739 δίκην
1195 1681 1473 1740 σοφιζόμενος
1499 1679 1664 1738 λήσεις,
1680 1689 1766 1735 P·7¹

0 1745 6 1818 ἑ
204 1750 306 1794 οὐδὲ
333 1749 455 1794 ἔσται
483 1767 548 1795 σοι
566 1751 784 1808 πρόφασις
807 1750 930 1807 ἱκανή
961 1753 1024 1801 εἰς
1049 1749 1095 1794 τό
1124 1749 1201 1807 τὴν
1228 1748 1402 1792 κόλασιν
1430 1751 1671 1805 διαφυγεῖν,

297 1820 333 1855 6.
360 1818 621 1866 ’Λρεόμινδον
643 1825 682 1853 et
708 1831 763 1856 ιι.
791 1811 990 1867 διατριβὴν
1014 1819 1111 1866 vulg.
1195 1830 1250 1855 ιι.
1275 1823 1457 1863 συνεῖχον
1476 1817 1520 1852 Ν.
1614 1828 1671 1852 22.

298 1868 425 1909 λήσεις
451 1868 488 1901 Β.
499 1891 513 1908 ‚
541 1865 672 1904 λύσεις
695 1866 791 1911 vulg.

204 1929 366 1960 nostram
390 1923 648 1970 responderat,
684 1927 854 1967 coeptum
878 1923 950 1956 iter
974 1922 1279 1957 continuavimus.
1341 1920 1391 1954 Ut
1408 1919 1672 1954 Constantino-

203 1972 322 2018 polim
346 1971 536 2012 venimus,
580 1970 775 2004 Berichum
800 1969 1095 2003 existimabamus
1120 1968 1212 2001 iram
1237 1966 1439 2007 abiecisse,
1476 1967 1542 2000 sed
1566 1977 1673 2013 agre-

202 2020 273 2053 atis
306 2023 344 2052 et
380 2019 478 2052 ferae
502 2027 591 2052 suae
617 2022 770 2051 naturae
794 2016 944 2049 minime
964 2022 1019 2049 est
1041 2014 1190 2048 oblitus.
1238 2014 1330 2048 Nam
1344 2013 1586 2047 Maximinum
1610 2014 1671 2046 in-

201 2065 394 2100 simulavit
416 2064 571 2106 dixisse,
595 2075 710 2110 quum
735 2065 775 2097 in
795 2062 978 2106 Scythiam
999 2062 1217 2102 transiisset,
1238 2054 1446 2094 Areobindi‘
1455 2066 1494 2093 et
1510 2061 1671 2106 Asparis,

204 2113 434 2147 exercituum
447 2112 593 2152 ducum,
618 2111 875 2144 auctoritatem
900 2108 1000 2155 apud
1016 2110 1277 2154 Imperatorem
1301 2108 1441 2141 nullius
1466 2117 1545 2140 esse
1569 2117 1670 2152 pon-

208 2159 326 2202 deris,
350 2165 389 2194 et
413 2171 496 2193 cum
520 2158 757 2193 harbarorum
782 2157 968 2190 levitatem
987 2160 1025 2191 et
1043 2156 1326 2190 inconstantiam
1339 2159 1514 2196 notasset,
1539 2165 1666 2188 eorum

207 2212 308 2254 gesta
333 2206 373 2239 in
398 2206 502 2240 nullo
526 2205 647 2250 pretio
670 2203 856 2238 hahuisse.

303 2253 497 2286 Reversum
522 2253 696 2298 Bigilam,
729 2261 842 2296 quum
868 2249 908 2281 in
931 2250 978 2283 iis
1003 2248 1095 2282 locis
1119 2247 1344 2288 advenisset,
1367 2247 1439 2281 ubi'
1460 2252 1539 2281 tum
1563 2247 1662 2281 Atti-

208 2299 264 2334 las
289 2298 606 2340 commorabatur,
644 2300 918 2333 circumstantes
951 2296 1098 2329 barbari
1124 2295 1170 2329 ad
1193 2294 1232 2329 id
1257 2294 1465 2341 praeparati
1499 2305 1667 2340 compre-

208 2345 440 2389 henderunt,
465 2353 504 2382 et
525 2357 652 2380 manus
678 2347 718 2379 in
742 2345 937 2390 pecunias,
974 2353 1064 2388 quas
1090 2342 1250 2376 E'deconi
1275 2342 1488 2383 adferebat,
1524 2341 1666 2375 iniece-

208 2397 309 2429 runt.
357 2394 479 2438 Quum
519 2394 639 2439 ipsum
662 2392 718 2425 'ad
748 2392 898 2425 Attilam
934 2388 1192 2430 adduxissent,
1238 2390 1270 2424 is
1303 2401 1348 2422 ex
1387 2399 1431 2422 eo
1465 2391 1665 2434 quaesivit,

210 2441 316 2474 cuius
341 2441 395 2474 rei
420 2442 535 2486 gratia
559 2445 701 2474 tantum
729 2440 809 2472 auri
834 2442 1062 2482 asportasset.
1112 2436 1181 2470 ule
1206 2434 1416 2481 respondit,
1451 2442 1495 2468 ut
1524 2436 1598 2469 suis
1628 2441 1667 2469 et

208 2488 387 2520 comitum
418 2498 566 2521 suorum
590 2485 871 2521 necessitatibus
896 2482 1127 2528 provideret,
1162 2495 1209 2517 ne
1234 2494 1353 2516 rerum
1379 2484 1666 2516 necessariarum

210 2535 359 2578 inOPia,
391 2540 457 2568 aut
479 2545 677 2580 equorum,
707 2538 772 2566 aut
792 2532 948 2565 aliorum
972 2530 1186 2563 animalium
1208 2535 1377 2563 vecturae
1402 2535 1569 2573 aptorum
1594 2540 1666 2573 pe-

209 2582 341 2621 nuria,
366 2592 460 2628 quae
470 2591 536 2626 per
562 2581 670 2626 longa
694 2580 828 2614 itinera
850 2577 1094 2622 deperierant,
1121 2587 1143 2609 a
1157 2576 1279 2610 studio
1301 2575 1551 2611 obeundarum
1567 2577 1666 2620 lega-

210 2628 356 2662 tionum
381 2632 602 2662 avocaretur.
629 2629 818 2661 Praeterea
841 2625 888 2658 ad
913 2623 1202 2672 redemptionem
1229 2625 1455 2668 captivorum
1471 2623 1665 2668 pecuniam

214 2679 379 2720 paratam
404 2685 492 2708 esse.
539 2674 677 2708 Multos
717 2674 815 2706 enim
850 2683 895 2706 ex
918 2670 1088 2704 Romanis
1120 2682 1142 2703 a
1172 2681 1211 2704 se
1243 2680 1460 2715 magnopere
1493 2670 1664 2713 petiisse,

213 2725 258 2753 ut
280 2721 504 2768 propinquos
529 2733 612 2755 suos
640 2721 848 2755 redimeret.
897 2717 1132 2752 CuiAttilas:
1158 2716 1257 2759 „sed
1280 2727 1401 2761 neque
1426 2718 1517 2755 iam,
1544 2727 1566 2748 o
1587 2722 1666 2749 tur-

211 2768 271 2816 pis
306 2767 447 2811 bestia,
488 2767 640 2815 Bigilam
673 2767 883 2814 appellans,
918 2763 1038 2799 uuum
1073 2764 1145 2799 tibi
1176 2765 1251 2798 tuis
1276 2761 1572 2798 cavillationibus
1602 2762 1665 2796 iu-
