1924 3164
602 188 636 228 E
673 186 958 236 MENANnm
998 185 1268 229 HISTORIA.
1534 171 1642 246 287

210 286 317 344 ὅπερ
346 291 406 348 τῷ
431 291 524 331 κατ’
552 289 712 339 αὐτοὺς
738 288 854 333 ἔθνει
874 286 1163 338 Ἰουστινιανὸς
1191 288 1216 330 ὅ
1242 288 1319 345 πρὸ
1345 291 1420 332 τοῦ
1445 289 1646 348 βασιλευς
1658 295 1740 376 lAcf
1765 298 1834 387 Ξόὃ

1632 355 1640 369 ⁸
1677 356 1696 376 ΙΙ
1729 357 1759 376 -Ι

207 355 374 398 ἐδίδου·
399 350 511 411 ἦσαν
540 357 587 397 δὲ
611 354 799 398 καλώδιά
826 370 872 397 τε
903 358 1054 414 χρυσῷ
1091 356 1478 409 διαπεποικιλμένα,
1518 357 1563 406 ἐς
1595 373 1642 399 το
1657 391 1821 424 lustiuia

1610 423 1624 437 ς

206 419 360 476 εἴργειν
383 437 426 464 τι
454 423 540 464 τῶν
568 419 960 478 ἀποδιδρασκόντων
988 421 1298 476 ἐπινενοημένα.
1339 423 1412 464 καί
1436 426 1574 465 κλῖναι
1601 439 1648 464 ο-
1660 438 1695 473 Ρ,
1710 449 1773 473 ,02

205 487 337 540 μοι’ως
386 490 461 530 καί
505 483 614 530 ἄλλα
669 488 765 530 τινὰ
803 488 847 537 ἐς
886 486 935 529 τὸ
976 485 1207 543 ἅβρότερον
1234 488 1442 541 ἀνειμένα.
1477 487 1571 532 τότε
1599 489 1653 548 δὴ,

176 548 282 595 ὄοῦν
310 552 350 594 οῖ
376 555 571 610 πρέσβεις
599 555 684 597 τῶν
708 546 901 610 Ἀβάρων
939 554 983 604 ἐς
1019 559 1170 609 πεῖραν
1197 555 1305 596 ἰέναι
1328 554 1405 596 τοῦ
1442 556 1650 608 βασιλέως

204 616 453 673 ἐβούλοντο,
496 618 580 674 εἴγε
618 619 695 661 οὐκ
733 614 871 670 ἄλλως
899 621 1018 677 δῶρα
1046 617 1274 673 λαμβάνειν
1297 620 1460 673 αὐτοῖς,
1499 622 1573 662 καί
1596 623 1650 679 τῇ

197 685 427 739 “Ρωμαι’ων
456 686 647 745 ῥαθυμίᾳ
675 687 956 745 ἐπεντρυφᾷν,
977 687 1052 728 καί
1075 684 1123 727 τὸ
1154 682 1306 740 ἀμελὲς
1329 685 1471 728 αὐτῶν
1498 687 1649 732 οἰκεῖον,

202 750 400 795 τίθεσθαι
434 754 594 809 κέρδος.
618 755 721 806 ..καί
757 751 808 808 δὴ
840 751 958 808 παρὰ
997 753 1175 807 βασιλέα
1205 753 1351 809 φοιτᾷν
1377 750 1535 807 ἠξίουν.
1573 753 1752 807 nac'V.69

204 812 279 861 οὖν
310 820 433 861 τοῦτο
461 819 681 875 ἐφειμένον
708 819 854 869 αὐτοῖς
869 853 883 873 ,
919 817 984 861 ἔτι
1022 834 1068 874 γε
1104 817 1191 874 μὴν
1217 820 1289 860 καί
1313 816 1384 860 διὰ
1411 820 1494 861 τῶν
1520 817 1650 875 ἑρμη-

154 886 309 927 ιονέων
340 881 421 937 &a
447 884 674 939 βούλονται
701 887 851 941 λέγειν,
872 887 1053 928 τοιοῖσδε
1081 883 1312 940 ὲχρήσαντο
1337 882 1488 940 λόγοις·
1516 901 1650 942 ,,χρε-
1683 931 1688 937 ⁵

205 949 266 996 ὠν
285 985 299 1005 ,
339 947 376 994 ὦ
402 954 605 1007 βασιλεῦ’,
643 949 981 1009 κληρονομοῦντά
1019 968 1068 995 σε
1095 953 1168 1009 τῆς
1193 950 1384 1009 πατρῴας
1411 952 1549 1008 ἀρχῆς
1574 951 1686 994 καίΒ

202 1015 301 1067 τούς
339 1018 556 1076 πατρῴους
594 1019 743 1075 φίλους
773 1015 849 1060 οὐκ
878 1013 1026 1071 ἄλλως,
1073 1013 1180 1074 ἥπερ
1220 1017 1242 1060 ὅ
1269 1016 1405 1075 πατὴρ
1434 1016 1456 1061 ὃ
1482 1017 1570 1072 σὸς,
1597 1013 1648 1061 εὖ

203 1088 358 1138 ποιεῖν,
385 1084 460 1126 καί
482 1077 614 1143 ταύτῃ
645 1086 875 1142 ψαύεσθαι
901 1087 1062 1138 μᾶλλον
1090 1083 1290 1139 διάδοχον
1323 1081 1432 1128 εἶναι
1458 1090 1655 1129 τετελειω

203 1147 378 1205 τηκότος
430 1152 488 1209 τῷ
539 1152 673 1207 μηδὲν
709 1150 979 1194 ἐναλλάττειν
1009 1145 1070 1194 ὧν
1097 1150 1249 1201 ἐκεῖνος
1273 1149 1448 1208 ἔπραττε
1475 1151 1655 1209 usquedu-

155 1212 320 1258 1501‘1'uo
347 1215 428 1273 γὰρ
458 1216 532 1260 καί
556 1215 677 1272 ἡμεῖς
703 1220 776 1273 τῆς
803 1217 934 1274 αὐτῆς
963 1216 1230 1271 α’νθεξόμεθα
1247 1218 1439 1274 γνώμης,
1465 1221 1540 1262 καί
1565 1216 1650 1275 οὔχ

202 1277 329 1338 ἦττον
354 1282 399 1325 τὸ
431 1285 506 1338 τῆς
533 1284 772 1339 εὐεργεσίαις
799 1277 932 1337 ὄνομα
959 1283 1279 1339 μεταθήσομεν,
1319 1286 1360 1326 εἰ
1384 1285 1432 1327 σὲ
1459 1286 1533 1328 καί
1556 1288 1648 1339 μετ’

203 1350 360 1392 ἐκεῖνον
396 1345 617 1405 εὖεργέτην
661 1349 1014 1403 ἆποκαλέσοιμεν’
1048 1347 1155 1405 πρός
1189 1365 1236 1404 γε
1259 1352 1334 1391 καί
1358 1351 1650 1408 αἴσχυνθησό-

203 1418 319 1470 μεθα
347 1416 406 1471 τῷ
442 1416 694 1457 πεπονθέναι
732 1416 868 1465 καλῶς
905 1413 964 1471 μὴ
995 1420 1082 1464 τοῖς
1111 1414 1269 1469 ὅμοιὀις
1295 1412 1548 1470 ἆμειζθεσθαι
1575 1416 1652 1461 τὸν

206 1480 451 1537 δεδρακότα.
503 1483 578 1525 καί
612 1479 692 1536 γὰρ
734 1482 895 1537 πατέρα
924 1479 997 1524 τόν
1024 1479 1099 1526 σὸν
1126 1481 1274 1539 δώροις
1299 1482 1413 1538 ἡμᾶς
1439 1489 1651 1541 φιλοφρο-

152 1545 412 1601 Ωονούμενον
442 1547 794 1603 ἄντεδωρούμεθα
832 1549 891 1605 τῷ
916 1545 990 1589 καί
1015 1544 1239 1601 δυνάμενοι
1274 1549 1333 1605 μὴ
1373 1551 1649 1605 κατατρέχειν

205 1611 282 1667 τὴν
303 1611 574 1668 “Ρωμαϊκὴν,
616 1612 724 1656 ἀλλὰ
763 1614 888 1655 πλέον
916 1614 1214 1656 ἐνδείκνυσθαί
1234 1631 1290 1658 τι.
1345 1615 1446 1666 τούς
1479 1615 1560 1672 γὰρ
1600 1618 1688 1659 &xC

204 1677 401 1734 γειτόνων
435 1676 537 1733 ὖμΐν
573 1677 844 1738 βαρβάρους,
885 1678 959 1737 τὴν
1001 1679 1171 1738 Θρᾴκην
1213 1681 1281 1725 αἐἰ
1308 1682 1651 1739 περικόπτοντας,

295 1764 328 1797 3.
353 1763 484 1800 κλίνας
505 1764 600 1809 vulg.
693 1761 811 1799 6.ου’κ
835 1762 970 1811 ἄλλως]
995 1763 1170 1810 οὐδαμῶς
1195 1764 1339 1806 ἐξέσται
1362 1767 1455 1802 coni.
1480 1767 1523 1801 N.
1599 1770 1650 1803 16.

298 1807 342 1843 σὲ
368 1809 528 1843 Cantocl.
545 1836 556 1851 ,
583 1809 625 1843 δὲ
652 1811 746 1854 vulg.
846 1823 900 1856 ¹9·
923 1811 1024 1857 ιῗμοῖς
1047 1812 1142 1857 vulg.

204 1876 247 1905 ut
278 1876 450 1905 consueta
482 1882 634 1904 munera
670 1873 898 1916 acciperent,
938 1883 1031 1919 quae
1067 1874 1313 1915 lastinianus,
1351 1874 1416 1920 qui
1448 1879 1532 1908 ante
1568 1886 1652 1909 eum

203 1918 400 1963 imperium
432 1923 621 1959 tenuerat,
645 1918 808 1952 conferre
831 1924 908 1952 erat
931 1919 1086 1961 solitus3
1115 1926 1219 1954 erant
1243 1927 1364 1954 autem
1390 1922 1538 1955 catellae
1563 1934 1651 1957 auro

204 1966 425 2010 variegatae,
451 1966 556 2011 quasi
589 1965 636 1998 ad
663 1964 874 1999 vinciendos
909 1965 1090 2009 fugientes
1125 1973 1374 2011 comparatae,
1401 1968 1489 2002 lecti
1518 1974 1555 2002 et
1578 1969 1653 2003 alia

207 2011 386 2057 quaedam
410 2012 458 2046 ad
482 2011 732 2045 delicatiorem
757 2012 893 2046 cultum
919 2012 1134 2057 spectantia.
1184 2014 1287 2047 Tunc
1300 2015 1430 2047 Avares
1452 2015 1652 2050 voluntatis

206 2059 440 2104 Imperatoris
468 2059 671 2104 periculum
705 2059 823 2092 facere
848 2063 1076 2098 statuerunt,
1112 2070 1158 2093 an
1183 2060 1278 2094 forte
1303 2061 1481 2106 ampliora
1503 2074 1655 2098 munera.

204 2116 334 2151 capere
350 2112 398 2146 et,
423 2107 557 2140 inertia
570 2107 811 2139 Romanorum
829 2103 992 2150 decepta,
1006 2116 1070 2139 sua
1094 2106 1167 2140 sibi
1193 2107 1379 2141 commoda
1398 2108 1484 2142 inde
1506 2121 1654 2156 compa-

205 2163 285 2187 rare
309 2157 467 2198 possent.
517 2154 645 2198 ltaque
670 2154 902 2197 Imperatoris
927 2151 1087 2185 adeundi
1113 2153 1185 2186 sibi
1208 2160 1426 2199 potestatem
1450 2157 1529 2190 fieri
1553 2157 1653 2202 peti-

206 2205 326 2240 erunt,
347 2199 446 2246 quod
459 2200 533 2234 illis
551 2204 605 2233 est
618 2199 844 2245 permissum,
862 2198 952 2245 quin
967 2203 1004 2232 et
1022 2210 1089 2244 per
1102 2199 1346 2245 interpretem,
1368 2202 1544 2249 quicquid
1559 2204 1652 2238 libi-

204 2251 284 2279 tum
297 2252 402 2287 esset,
412 2257 627 2292 proponere.
654 2246 730 2280 Hac
740 2258 825 2280 vero
842 2248 898 2279 usi
918 2250 1003 2278 sunt
1015 2246 1191 2281 oratione:
1206 2248 1393 2293 „Oportet‚
1407 2261 1428 2281 ο
1440 2251 1652 2295 Imperator,

206 2298 264 2334 te,
285 2293 351 2339 qui
375 2294 570 2339 imperium
594 2298 784 2338 paternum
816 2292 1021 2326 hereditate
1047 2294 1262 2338 suscepisti,
1303 2300 1474 2340 paternos
1501 2309 1650 2343 quoque

206 2340 340 2373 amicos
370 2351 510 2385 aeque,
535 2352 576 2374 ac
608 2341 691 2380 ille,
716 2339 904 2385 beneficiis
931 2350 1084 2383 augere,
1116 2345 1226 2385 teque
1257 2340 1296 2373 in
1330 2352 1373 2375 eo
1406 2344 1562 2378 maxime
1584 2357 1651 2390 pa-

206 2386 273 2420 tris
308 2397 550 2421 successorem
580 2387 783 2433 praebere,
820 2387 851 2420 si
886 2386 982 2420 nihil
1009 2396 1156 2427 eorum,
1191 2397 1283 2432 quae
1302 2388 1407 2422 vivus
1430 2391 1579 2433 statuit,
1604 2404 1648 2426 eo

207 2439 351 2467 mortuo
376 2433 556 2472 immutes.
602 2435 656 2468 Ita
683 2434 766 2473 fiet,
803 2439 843 2467 ut
869 2445 935 2467 nos
963 2430 1113 2466 eandem
1138 2443 1220 2479 erga
1243 2439 1280 2468 te
1306 2436 1531 2475 voluntatem
1561 2450 1650 2473 con-

207 2491 409 2521 servemus,
447 2491 567 2528 neque
595 2481 714 2514 minus
750 2482 788 2514 in
823 2485 859 2513 te
893 2479 1154 2513 beneficentiae
1201 2491 1333 2514 nomen
1364 2485 1623 2525 transferamus
1636 2512 1652 2526 ,⁴

206 2532 244 2561 te
272 2532 354 2571 post
377 2528 496 2572 ipsum
522 2533 706 2562 auctorem
728 2532 932 2561 nostrarum
954 2526 1179 2560 fortunarum
1203 2535 1465 2574 nuncupantes.
1497 2532 1544 2568 Et
1559 2543 1646 2567 sane

207 2573 523 2616 erubesceremus,
550 2574 582 2608 si
606 2586 627 2607 a
650 2580 687 2608 te
714 2572 910 2608 commodis
940 2572 1059 2605 ornati
1082 2584 1155 2606 non
1177 2573 1300 2608 eadem
1326 2576 1397 2610 tibi
1423 2577 1647 2612 retribuere-

205 2631 296 2654 mus.
345 2621 405 2654 Sic
429 2622 527 2656 enim
548 2626 688 2666 patrem
711 2626 834 2660 tuum,
861 2620 924 2665 qui
948 2620 987 2652 in
1011 2630 1076 2653 nos
1100 2619 1263 2655 liberalis
1288 2627 1325 2656 et
1347 2625 1539 2658 munificus
1562 2626 1647 2660 fue-

205 2672 286 2708 rat,
319 2668 538 2703 remunerati
573 2679 710 2702 sumus.
770 2668 914 2701 Etenim
950 2677 1031 2699 cum
1066 2665 1143 2699 eius
1174 2669 1337 2714 regiones
1355 2676 1496 2706 vastare
1519 2683 1645 2716 posse-

205 2726 298 2755 mus,
323 2725 401 2748 non
433 2714 542 2749 modo
574 2714 841 2755 abstinuimus,
871 2723 996 2746 verum
1029 2713 1160 2754 etiam,
1196 2726 1269 2761 quo
1300 2727 1366 2751 nos
1390 2719 1646 2763 propensiores

205 2764 290 2807 erga
331 2761 452 2807 ipsum
485 2760 782 2805 ostenderemus,
827 2760 965 2797 vicinos
1001 2758 1171 2797 barbaros
1205 2761 1400 2801 Thraciam
1434 2766 1653 2804 invadentes
