1924 3164
331 187 350 222 1
366 168 436 242 74
919 180 1199 225 ExcERPTA

135 294 310 340 A.C.l‚48
323 286 464 343 γάδων
492 280 592 344 ἧκον
620 284 903 340 ἆνερωτῶντες
918 286 1041 348 τίνων
1066 290 1209 339 τυχεῖν
1236 284 1542 336 ἐσπουδακότες
1566 285 1645 343 τὴν
1674 300 1775 346 πρεὃ

123 342 469 434 Τὴθξῗιῆῗσβειάν
506 350 745 405 ποιούμεθα
766 380 778 392 .
838 348 975 405 ἡμῶν
999 352 1044 393 δὲ
1081 349 1157 406 τὴν
1194 344 1342 406 ἄλογον
1392 347 1777 406 ἆποθαυμαζόντων

225 417 526 476 Ρδ5ιέρώτησιν
575 416 651 460 καί
691 417 735 466 ἐς
768 413 976 471 ἀλλήλους
1019 414 1237 472 ὁρώντων,
1277 417 1485 459 διετέλουν
1521 415 1628 474 πρὸς
1646 415 1774 473 ὄχλου

320 487 396 542 τῆς
426 482 683 540 ἀποκρίσεως
710 483 830 525 ἕνεκα
855 482 1093 536 γινόμενοι.
1147 480 1346 526 εἰπόντων
1385 484 1446 536 δὲ,
1503 482 1676 542 Ἀπήλᾳ
1703 482 1778 526 καὶ

322 553 404 606 οὐχ
433 548 592 607 ἑτέροις
628 551 761 603 λέγειν
798 550 978 603 βασιλέα
1005 546 1434 607 παρακελεύσασθαι,
1482 549 1724 605 χαλεπήνας
1749 546 1802 593 65

321 615 504 667 Σκόττας
551 615 802 671 ἀπεκρίνατο
840 617 920 656 τοῦ
956 617 1078 672 σφῶν
1117 617 1274 658 αΰτῶν
1302 616 1535 674 ἡγουμένου
1564 615 1775 671 ἐπίταγμα

321 680 454 726 εἶναι·
513 681 562 724 οὗ
604 678 687 737 γὰρ
718 675 772 722 ἂν
814 682 1194 739 πολυπραγμοσύνῃ
1236 684 1420 740 σφετέρᾳ
1462 683 1565 737 παρ’
1589 680 1703 736 ἡμᾶς
1732 683 1777 724 ἐ-

208 759 249 794 V.
266 760 309 794 35
320 747 572 805 ληλυθέναι.
630 744 851 803 φησάντων
879 748 926 789 δὲ
953 745 1013 802 μὴ
1041 750 1184 790 τοῦτον
1223 747 1294 790 ἐπί
1329 754 1414 798 τοῖς
1456 749 1655 805 πρέσβεσι
1690 752 1777 790 us&

319 818 426 858 σθαι
461 812 536 856 τὸν
562 811 714 867 νόμον,
755 802 861 855 ὥστε
896 811 955 868 μὴ
996 811 1333 868 ἐντυγχάνοντας,
1363 815 1544 872 μηδὲ-ἐς
1575 808 1675 868 ὄψιν
1704 813 1778 869 ἐρ-

317 881 526 936 χομένους
553 881 653 935 παρ’
681 874 757 927 ὀὓς
783 875 1028 935 ἐστάλησαν,
1058 880 1110 921 δι’
1139 875 1292 936 ἐτέρων
1318 881 1621 936 οἷνακρινεσθαι
1647 874 1706 922 ὧν
1732 877 1831 921 ἶς’-ω

322 963 422 989 νεκα
461 943 786 1001 πρεσβεύοιντο,
825 942 901 986 καί
933 945 1059 986 τοῦτο.
1097 945 1206 1000 μηδὲ
1235 942 1392 996 αύτούς
1420 947 1579 1000 ἀγνοεῖν
1605 942 1776 996 Σκύθας

283 1009 486 1066 Βθαμινά
518 1008 634 1067 παρὰ
664 1011 843 1061 βασιλέα
866 1012 1249 1066 πρεσβευομένους*
1303 1013 1462 1067 χρῆναι
1490 1012 1537 1053 δὲ
1565 1013 1647 1053 τῶν
1674 1009 1776 1053 ἴσων

321 1083 464 1134 κυρεῖν
483 1109 494 1131 ,
524 1074 584 1131 μὴ
611 1074 691 1131 γάρ
723 1072 860 1124 ἄλλως
889 1073 940 1117 τά
971 1077 1046 1131 τῆς
1085 1074 1311 1133 πρεσβείας
1337 1077 1470 1132 ἐρεῖνΔ
1498 1074 1555 1125 ὥς
1583 1074 1657 1118 τὸν
1677 1075 1778 1119 Ἀτ-

318 1140 450 1199 τήλαν
480 1139 734 1194 ἀνέζευξαν,
779 1140 853 1182 καί
878 1136 1011 1189 αὖθις
1038 1142 1246 1195 ἐπανῆκον
1271 1142 1490 1191 Ἐδὲκωνος
1513 1140 1676 1198 χωρὶς,
1705 1142 1780 1184 καί

321 1206 499 1262 ἅπαντα,
536 1210 635 1263 περὶ
673 1201 731 1249 ὧν
767 1204 1122 1264 ἐπρεσβευόμεθα,
1161 1205 1670 1265 ἐλεγον,.προστάττοντες
1705 1203 1836 1264 viper&

316 1278 522 1330 ,ταχίστην
549 1274 719 1315 ἀπιέναι
728 1306 741 1325 ,
772 1274 813 1315 εἰ
836 1271 893 1329 μή
917 1275 1038 1329 ἕτερα
1066 1274 1245 1330 φράζειν
1273 1273 1470 1327 ἔχοιμεν.
1526 1276 1599 1317 ἐπὶ
1624 1275 1671 1316 δὲ
1688 1268 1778 1325 τοῖς

322 1344 515 1395 λεχθεῖσι
546 1340 670 1381 πλέον
697 1337 760 1380 ἔτι
786 1337 1052 1394 α’ποροῦντες,
1079 1334 1151 1395 (οὗ
1175 1336 1256 1396 γάρ
1284 1334 1339 1396 ἧν
1365 1337 1539 1397 ἐφικτὸν
1564 1337 1780 1396 γινώσκειν

324 1404 439 1456 ὅπως
466 1404 619 1461 ἔκδηλα
648 1401 825 1460 ἐγεγόνει
839 1403 892 1445 τὰ
912 1406 1023 1446 θεῶν
1039 1402 1292 1461 παράβυστα
1323 1407 1550 1460 δεδογμένα
1574 1408 1775 1463 βασιλεζ)

324 1473 559 1530 συμφέρειν
594 1467 817 1527 ἡγούμεθα
853 1471 985 1526 μηδὲν
1032 1470 1132 1527 περὶ
1165 1473 1238 1527 τῆς
1286 1474 1510 1528 πρεσβείας
1556 1474 1778 1530 α’ποκρίνε-

324 1542 451 1592 σθαι,
481 1539 523 1580 εἰ
553 1535 614 1594 μὴ
640 1538 713 1591 τῆς
749 1533 866 1592 παρὰ
891 1534 964 1578 τὸν
984 1536 1195 1592 Ἀττήλαν
1229 1535 1398 1580 εἰσόδου
1424 1535 1651 1593 τύχοιμεν.
1706 1536 1832 1580 διὸπὸ

323 1603 589 1663 ἐφάσκομεν,
633 1601 717 1645 εἴτε
757 1601 810 1645 τὰ
854 1602 1052 1657 εἰρημένα
1089 1608 1177 1652 τοῖς
1206 1605 1406 1659 Σκύθαις,
1436 1603 1520 1647 εἴτε
1551 1603 1625 1646 καί
1649 1605 1773 1661 ἕτερα

416 1722 448 1745 ι.
475 1706 736 1754 ἄνερωτῶντες
760 1706 829 1748 CL,
854 1705 1064 1751 ἅνερῶντες
1088 1707 1184 1751 vulg.
1253 1708 1284 1753 4.
1311 1706 1515 1755 γενόμενοι
1535 1709 1631 1754 vulg.
1722 1721 1774 1755 ¹7·

416 1757 473 1791 ἔτι
501 1755 739 1807 ἀποροῦντες
773 1755 833 1794 B.,
857 1753 1143 1809 ἐπαποροῦντες
1165 1753 1260 1798 vulg.
1389 1757 1441 1790 18.
1467 1748 1511 1789 τοὶ
1541 1755 1583 1791 ἐν
1604 1756 1776 1804 παραβύ-

418 1812 492 1849 στῳ
516 1802 558 1835 Ν.
593 1813 659 1847 pro
685 1813 730 1836 τοι
755 1801 858 1834 θεῶν
882 1802 1022 1845 παραβ,
1244 1812 1248 1815 ’

323 1885 408 1909 mox
433 1872 677 1911 advenerunt,
703 1873 740 1903 et
757 1880 802 1902 ex
819 1867 926 1902 nobis
948 1868 1202 1914 quaesierunt,
1227 1880 1380 1915 quarum
1410 1879 1530 1905 rerum
1549 1862 1778 1918 consequen-¹

324 1920 453 1954 darum
487 1919 600 1965 gratia
634 1916 727 1950 hanc
749 1914 967 1960 legationem
991 1914 1281 1960 suscepissemus
1331 1916 1404 1950 Nos
1440 1927 1525 1950 vero
1546 1917 1701 1952 invicem
1718 1920 1781 1953 in-

323 1969 445 2007 tueri,
481 1971 519 1999 et
542 1971 616 1999 tam
645 1963 805 2008 ineptam
834 1961 1171 2008 percunctationem
1210 1962 1394 2002 admirari.
1442 1964 1502 1998 Illi
1529 1963 1771 2003 nihilominus

324 2023 577 2061 perseverare,
601 2015 639 2044 et
668 2009 796 2051 nobis,
825 2013 867 2042 ut
897 2007 1218 2052 responderemus,
1242 2009 1441 2044 instabant.
1497 2012 1546 2045 At
1569 2023 1680 2057 quum
1700 2012 1772 2046 soli

324 2062 484 2103 Attilae,
510 2070 584 2092 non
613 2057 694 2091 aliis
718 2058 976 2102 Imperatorem
991 2054 1157 2088 mandata
1184 2066 1366 2101 exponere
1389 2058 1534 2091 iussisse
1560 2058 1771 2103 ‘respondis-

326 2119 466 2149 semus,
495 2105 617 2139 Scotta
639 2106 816 2144 offensus,
841 2101 912 2134 hoc
931 2102 1003 2136 sibi
1028 2113 1048 2135 a
1073 2112 1138 2135 suo
1165 2101 1255 2136 duce
1280 2108 1513 2149 praeceptum
1550 2115 1627 2138 esse
1656 2104 1771 2148 dixit,

323 2166 446 2200 neque
467 2164 532 2187 sua
559 2156 687 2198 sponte
714 2161 752 2183 se
792 2148 839 2182 ad
862 2159 928 2182 nos
962 2149 1116 2184 venisse.
1163 2147 1236 2181 Nos
1262 2159 1348 2183 vero
1375 2149 1567 2190 obtestari,
1589 2163 1772 2197 nusquam

272 2225 274 2227 -
324 2200 418 2234 hanc
444 2201 560 2246 legem
589 2198 718 2242 legatis
742 2196 972 2242 impositam,
997 2201 1039 2229 ut
1061 2206 1126 2239 per
1155 2194 1245 2228 alios
1272 2198 1440 2231 mandata
1460 2196 1570 2230 edant
1592 2203 1629 2231 et
1651 2199 1772 2243 palam

327 2247 477 2289 faciant,
502 2251 696 2290 antequam
720 2254 796 2284 eos,
819 2242 865 2279 ad
966 2254 981 2275 s
998 2241 1107 2278 missi
1129 2242 1215 2282 sint,
1239 2243 1407 2285 adierint,
1419 2248 1456 2278 et
1475 2244 1515 2276 in
1538 2251 1773 2290 conspectum

329 2306 455 2329 eorum
479 2293 656 2328 venerint.
703 2290 832 2336 Neque
849 2254 1092 2333 hoaglgcythas
1110 2289 1270 2332 nescire,
1302 2291 1366 2336 qui
1384 2301 1641 2336 saepenumero
1667 2293 1771 2339 lega-⁶

326 2347 385 2375 tos
413 2341 459 2373 ad
478 2342 736 2386 Imperatorem
760 2336 937 2379 miserintg
963 2337 1062 2379 idem
1080 2341 1117 2369 et
1132 2335 1238 2369 nobis
1264 2338 1470 2382 contingere
1494 2348 1558 2381 par
1579 2349 1675 2380 esse,
1699 2351 1769 2374 ne-

329 2399 401 2434 que
412 2387 517 2421 aliter
544 2397 610 2419 nos
630 2384 800 2418 mandata
819 2393 899 2417 esse
926 2382 1095 2416 dicturos.
1130 2381 1273 2425 Quibus
1291 2383 1424 2417 auditis
1444 2383 1491 2416 ad
1516 2385 1666 2418 Attilam
1680 2396 1770 2431 per..

327 2440 519 2475 rexerunt,
544 2433 641 2466 unde
673 2443 748 2465 non
772 2430 888 2464 multo
921 2434 1004 2473 post
1035 2430 1112 2462 sine
1137 2429 1305 2468 Edecone
1332 2431 1483 2472 reversi,
1514 2433 1648 2473 omnia,
1672 2443 1767 2479 quae

329 2478 410 2516 eum
447 2480 521 2514 illis
554 2476 659 2524 agere
691 2478 731 2511 in
765 2476 945 2510 mandatis
976 2474 1223 2517 habebamus,
1255 2476 1448 2518 dixerunt,
1481 2477 1767 2525 confestimque,

328 2530 402 2564 nisi
427 2527 517 2573 quid
541 2525 642 2558 aliud
667 2525 774 2557 nobis
801 2535 880 2557 cum
906 2522 988 2556 illis.
1007 2522 1061 2555 rei
1086 2527 1192 2563 esset,
1218 2522 1403 2557 discedere
1427 2523 1619 2559 iusserunt.
1657 2524 1765 2571 Quae

328 2575 396 2610 ubi
420 2573 643 2611 audivimus,
669 2571 797 2604 animis
828 2569 933 2603 dubii
966 2568 1205 2615 suspensique
1227 2568 1418 2603 haesimus.
1457 2570 1532 2604 Nec
1557 2571 1654 2605 enim
1676 2573 1763 2606 satis

329 2622 534 2666 intelligere
562 2623 766 2664 poteramus
782 2642 791 2656 ‚
823 2627 895 2661 qua
919 2616 1060 2649 ratione
1085 2615 1223 2649 occulta
1247 2617 1477 2660 Imperatoris
1510 2618 1662 2657 consilia
1696 2619 1764 2663 pa-4

329 2670 465 2704 tefacta
502 2671 629 2701 essent.
687 2663 932 2708 Quamobrem
966 2662 1087 2708 potius
1123 2672 1199 2695 esse
1225 2661 1413 2703 duximus,
1447 2664 1541 2698 nihil
1566 2665 1763 2712 quicquam

331 2716 376 2750 de
402 2713 582 2749 mandatis
606 2710 738 2744 nostris
765 2712 914 2749 efferre,
936 2709 1143 2755 priusquam
1170 2707 1275 2743 nohis
1310 2709 1461 2744 Attilam
1495 2709 1654 2746 adeundi
1691 2723 1762 2757 pp,-

330 2768 441 2798 testas
466 2762 587 2797 fieret:
613 2759 735 2804 itaque
749 2755 1020 2802 respondimus:
1044 2755 1148 2796 „Sive
1174 2766 1236 2799 ea,
1262 2767 1353 2803 quae
1367 2757 1526 2803 Scythae
1539 2758 1647 2793 'modo
1671 2760 1761 2804 Ρω-
