1924 3164
698 228 1091 272 PANEGYRICUs.
1514 210 1546 265 5
1560 210 1622 265 1'5

607 328 622 343 C
658 334 679 345 u
764 329 777 343 ζ

180 327 386 383 θαύματι.
453 325 553 371 ὅθεν
595 346 695 384 ημιν
732 347 776 372 αι
805 327 942 381 πόλεις
985 333 1250 385 εὐδαιμονές,
1274 335 1417 387 χοροῖς
1443 335 1626 385 μεμελη-

179 397 304 447 μὲνιιι
343 397 416 436 καί
453 393 760 450 πανηγύρεσιν·
835 397 979 451 εἰρήνη
1019 395 1100 452 γὰρ
1130 396 1231 451 ἧμῖν
1271 402 1357 446 τοῖς
1383 393 1626 452 πράγμασιν

169 461 379 502 ἐπανθεῖ·
425 455 558 516 ’Ἀρης
586 461 633 503 δὲ
659 462 733 506 καὶ
768 461 916 510 στάσις
944 460 1094 518 πόρ’ῥω
1120 464 1202 504 τῶν
1228 461 1442 519 ἧμετέρων
1465 463 1626 503 πλανᾶ-

179 541 264 570 ται.
319 529 486 568 πλεῖται
511 526 592 578 μὲν
621 531 707 575 τοῖς
745 526 946 582 ἐμπόροις
972 525 1202 576 α’κινδύνως
1228 525 1254 582 ἦ
1282 528 1500 569 θάλαττα·
1555 526 1628 568 ἐπὶ

152 592 228 640 5δὲ
266 588 444 647 κούφαις
482 591 687 646 ἒλπίσινῆ
725 594 777 646 γῆ
802 598 1071 648 γεωργεῖται·
1132 590 1282 649 κράνος
1327 593 1374 634 δὲ
1413 594 1484 634 καί
1521 588 1624 646 δόρυ

180 658 252 698 καὶ
279 656 398 712 ξίφος
434 656 493 703 εἰς
530 650 689 712 ἄροτρα
715 657 1043 709 μετεσκεύασται
1080 660 1154 700 καί
1180 660 1307 714 φίλας
1333 658 1626 713 προσηγορίας·

346 733 564 785 ,,τίκτουσι
592 728 639 775 δὲ
684 739 875 787 γυναῖκες
902 733 1061 777 ἐοικότα
1090 735 1214 778 τέκνα
1241 735 1447 789 γονεῦσι.”

287 806 367 850 23⁹.
428 806 490 849 Ta
521 809 568 850 δὲ
596 810 684 862 τῶν,
706 807 830 865 αἳρῶν
858 812 1102 864 τεταγμένα,
1132 811 1205 852 καί
1229 807 1367 852 πάντα
1397 808 1502 852 κατὰ
1538 806 1626 865 φύ-

178 890 245 915 σιν
271 874 537 929 προέρχεται.
592 876 640 915 τὸ
668 874 747 931 γὰρ
777 879 895 917 θεῖον
935 877 1123 929 εὐμενὲς,
1155 878 1217 918 ἐπ’
1247 876 1464 930 εύσεβέσιν
1492 873 1627 930 ἔργοις

129 939 301 988 ιοόσίως
339 937 591 992 τιμώμενον·
656 942 730 982 καί
768 943 952 998 φαιδραὶ
990 944 1066 995 μὲν
1095 940 1141 983 αἱ
1177 940 1347 995 πόλεις,
1387 936 1489 995 ἄλλη
1535 942 1627 981 κατ’

175 1002 285 1048 ἄλλα
322 1007 602 1061 σεμνυνομένη
620 1022 632 1035 ·
700 1007 833 1049 πᾶσαι
878 1008 925 1048 δὲ
952 1005 1088 1049 κοινὸν
1118 1009 1420 1063 προβέβληνται
1445 1003 1601 1058 κόσμον
1611 1041 1624 1060 ,

175 1069 254 1119 τοὶς
295 1068 375 1119 σάς
416 1070 578 1120 εἰκόνας
607 1073 669 1113 ἐπ’
698 1072 959 1127 εὐεργεσίαις
988 1071 1186 1114 ἶστῶσαι·
1242 1074 1317 1114 καί
1339 1075 1433 1125 μετ’
1461 1072 1626 1112 ἐκείνων

174 1133 322 1191 ἦμεῖς·
380 1137 449 1191 ἐφ’
477 1131 543 1185 αἶς
572 1136 707 1191 δήμου
737 1139 814 1190 μὲν
843 1140 896 1199 915
932 1136 1164 1192 συνάγομεν
1206 1139 1370 1193 θέατρα
1410 1139 1483 1178 καί
1508 1132 1626 1191 παρὰ

176 1200 258 1254 σοί,
286 1203 408 1257 κριτῇ
435 1197 637 1257 σώφρονι,
666 1202 759 1243 λίαν
787 1195 1091 1259 α’περῥιμμένα·
1112 1204 1157 1244 ἐν
1176 1203 1339 1251 τούτοις
1366 1202 1447 1256 γὰρ
1479 1215 1626 1256 φορτι-

128 1263 229 1321 ιόκή
257 1282 321 1314 τις
348 1264 374 1320 ἦ
403 1268 566 1322 τέρψις·
594 1269 666 1308 καί
701 1262 827 1321 ὄχλον
854 1269 1051 1322 α’γοραῖον
1094 1270 1198 1310 ἰδεῖν
1229 1269 1344 1310 ἐστιν
1390 1262 1623 1322 εὖφραινό-

174 1347 315 1384 μενον.
373 1328 472 1373 ὅθεν
508 1333 643 1374 ταῦτα
679 1333 758 1383 μὲν
797 1333 965 1388 χαίρειν
996 1334 1142 1385 ἐῶμεν·
1215 1331 1331 1386 λόγοι
1360 1333 1407 1373 δὲ
1433 1329 1510 1379 τὰς
1540 1327 1621 1377 σας

122 1392 126 1396 ’
174 1394 337 1446 εἰκόνας
354 1399 523 1451 τιμαῖσι,
550 1399 624 1439 καί
649 1397 777 1451 λόγων
794 1394 960 1452 ἀγῶνες,
983 1398 1056 1440 καί
1082 1397 1153 1440 διὰ
1180 1398 1335 1440 τούτων
1363 1397 1408 1439 αἱ
1424 1398 1620 1440 Μοῦσαι,

284 1460 332 1504 λ’.
381 1458 516 1504 'Ama
554 1465 602 1504 τί
635 1478 736 1504 ποτε
768 1461 941 1512 ταύταις
987 1462 1298 1519 ε’πιγριίψομενς
1336 1465 1382 1505 τί
1401 1463 1474 1517 τῆς
1503 1463 1624 1512 α’ξίας

175 1523 454 1583 ἔχόμενον,·ἢ
497 1524 660 1577 πάντως
697 1529 857 1570 ἐκεῖνα·
917 1528 977 1583 ,,ἧ
1033 1527 1153 1578 πόλις
1190 1527 1263 1571 τὸν
1299 1527 1541 1583 εὐεργέτην,
1574 1527 1630 1567 δι’

123 1586 234 1635 20οὗ
255 1594 337 1634 νῦν
364 1593 527 1645 αύχένα
553 1608 598 1634 τε
624 1596 780 1649 γαῦρον
807 1594 970 1650 ἕπαίρω
998 1593 1072 1635 καί
1095 1592 1212 1644 πόλις
1240 1594 1378 1647 εἰμι’;”
1447 1594 1539 1633 ἄλλ’
1567 1591 1630 1646 εἴη

184 1659 234 1699 σὲ
273 1659 350 1709 μὲν
389 1659 507 1700 §aasz
541 1660 698 1700 διέπειν
739 1658 816 1715 τήν
856 1656 1084 1712 ζΡω,ιιαιίυν
1125 1658 1290 1715 α’ρχὴν,
1326 1657 1544 1707 πλείστους
1584 1659 1631 1699 δὲ

178 1722 395 1772 τοιούτους
433 1719 621 1777 ἀγαθοὺς
662 1722 777 1778 ἔχειν
822 1720 980 1780 ἄνδρας
1015 1726 1100 1766 τῶν
1129 1721 1386 1779 πραγμάτων
1429 1739 1630 1780 προεστη-

247 1840 279 1873 8.
306 1838 417 1885 (ὁρῶν
429 1838 588 1880 Vincis,
625 1839 726 1887 δρῶν
750 1842 830 1877 cod.
910 1853 960 1876 ια.
991 1841 1227 1888 εὸεργεσίαις
1249 1840 1306 1882 Ν.,
1330 1839 1549 1886 εὐεργεσίας
1573 1839 1628 1872 ed.

179 1949 287 1984 urbes
301 1955 443 1984 nostrae
467 1950 591 1984 felices
615 1950 753 1986 choreis
771 1957 806 1985 et
832 1951 928 1986 ludis
942 1958 1079 1986 vacant.
1104 1953 1175 1985 Pax
1202 1953 1299 1986 enim
1319 1953 1357 1986 in
1376 1951 1483 1985 rebus
1496 1952 1630 1985 nostris

179 1998 307 2038 floret,
347 1998 439 2030 Mars
474 2004 512 2031 et
549 1998 681 2031 seditio
718 2000 842 2044 procul
867 2010 886 2030 a
919 1999 1024 2032 nobis
1059 2000 1153 2043 pulsi
1188 2004 1290 2039 sunt,
1321 2003 1538 2032 mercatores
1571 2008 1631 2030 se-

179 2045 257 2076 curi
291 2054 355 2088 per
391 2054 488 2077 mare
513 2045 703 2090 navigant:
734 2047 829 2079 laeta
869 2042 950 2079 cu‘m
988 2055 1051 2089 spe
1076 2056 1159 2089 ager
1183 2045 1337 2087 colitur3
1359 2049 1397 2077 at
1421 2045 1520 2088 galea
1548 2056 1630 2077 cum

179 2089 284 2123 hasta
310 2094 347 2124 et
369 2090 490 2135 gladio
516 2090 555 2122 in
582 2097 698 2125 aratra
722 2098 759 2125 et
787 2097 885 2137 grata
910 2097 1048 2125 mutata
1074 2097 1158 2125 sunt
1180 2092 1347 2125 nomina:
1370 2091 1541 2124 mulieres
1564 2101 1629 2125 ve·-

181 2147 221 2169 ro
246 2136 472 2180 genitoribus
497 2136 631 2170 similes
658 2139 805 2183 pariunt
828 2143 942 2171 natos.

274 2194 330 2227 29.
379 2182 483 2228 Quae
516 2189 635 2218 autem
671 2185 756 2217 anni
778 2190 940 2229 tempora
986 2183 1128 2223 ferunt,
1154 2194 1198 2216 ex
1220 2182 1346 2217 ordine
1372 2187 1409 2215 et
1432 2181 1630 2215 secundum

180 2233 344 2262 naturam
372 2229 587 2273 procedunt.
653 2231 795 2264 Numen
833 2231 949 2270 enim,
992 2241 1073 2263 cum
1113 2229 1216 2263 factis
1253 2230 1322 2274 piis
1349 2233 1444 2263 caste
1468 2228 1629 2268 cultum,

179 2275 379 2319 propitium
413 2281 478 2309 cst.
528 2277 731 2320 Splendeat
753 2277 874 2317 urbes,
900 2277 970 2310 alia
998 2276 1080 2309 aliis
1104 2275 1335 2321 superbien83
1361 2286 1482 2308 omnes
1506 2279 1630 2308 autem

181 2331 403 2354 communem
419 2327 584 2355 ornatum
602 2323 770 2364 induunt,
787 2322 1094 2368 tuis÷imaginibus
1109 2321 1378 2356 benefactorum
1404 2321 1517 2367 gratia
1531 2322 1631 2364 posi-

179 2368 238 2400 tis:
266 2373 302 2400 et
326 2378 391 2400 nos
417 2367 511 2401 idem
528 2369 626 2414 quod
656 2369 741 2403 illae
768 2371 926 2403 facimus.
952 2367 1006 2401 Ad
1031 2379 1119 2413 quas
1138 2369 1400 2414 iuaugurandas
1424 2380 1496 2402 non
1509 2368 1630 2412 plebis

183 2414 390 2446 concionem
405 2413 610 2456 indicimus,
630 2426 705 2448 rem
724 2428 743 2449 a
767 2421 816 2457 te,
837 2416 957 2449 iudice
991 2414 1180 2459 prudenti,
1220 2426 1432 2460 magnopere
1466 2420 1630 2449 contem-

181 2464 291 2504 ptam.
318 2461 396 2493 Illic
410 2460 505 2493 enim
519 2461 601 2494 vilis
616 2463 793 2507 voluptas,
814 2468 850 2496 et
868 2461 1061 2495 delectatio
1087 2461 1214 2495 turbae
1230 2462 1382 2496 forensis
1397 2463 1627 2506 conspicitur.

185 2505 307 2549 Quare
331 2505 420 2539 haec
454 2507 560 2540 missa
585 2508 752 2541 fecimus:
780 2509 962 2542 orationes
1005 2512 1122 2540 autem
1149 2514 1227 2542 tuas
1253 2510 1426 2556 imagines
1454 2520 1628 2544 veneran-

186 2558 264 2592 tur,
288 2556 324 2584 et
349 2553 554 2587 orationum
580 2555 775 2589 certamina
803 2561 839 2589 et
864 2556 904 2588 in
929 2555 1003 2587 illis
1027 2553 1163 2588 Musae.

277 2600 331 2632 30.
380 2598 451 2632 Sed
474 2600 562 2646 quid
580 2601 726 2634 tandem
749 2601 806 2635 his
843 2599 1103 2634 inscribemus?
1128 2601 1215 2646 quid
1251 2613 1315 2647 pro
1341 2603 1517 2648 dignitate
1538 2604 1626 2638 satis

185 2654 262 2677 esse
286 2645 447 2688 poterit?
472 2646 564 2679 Num
592 2646 682 2680 haec
696 2647 842 2692 utique:
870 2647 985 2687 „Urbs
1003 2646 1140 2680 auctori
1155 2649 1294 2689 salutis,
1318 2661 1382 2694 per
1410 2662 1514 2695 quem
1530 2662 1627 2684 nunc

185 2691 357 2723 cervicem
382 2692 508 2726 attollo
546 2694 734 2738 superbam
761 2700 797 2727 et
822 2693 906 2727 urbs
939 2705 1015 2727 sum
1030 2692 1076 2724 ΞΜ
1146 2694 1290 2728 Utinam
1315 2708 1397 2728 vero
1426 2702 1464 2729 tu
1500 2697 1537 2729 in
1562 2707 1626 2730 ae-

185 2741 327 2770 ternnm
354 2741 490 2783 tempus
517 2741 757 2774 Romanorum
782 2741 971 2786 imperium
990 2750 1110 2785 regere
1134 2742 1268 2785 possis,
1292 2742 1539 2788 plurimosque
1571 2748 1624 2777 ta-
