<?xml version="1.0" encoding="UTF-8"?>
<!DOCTYPE html PUBLIC "-//W3C//DTD XHTML 1.0 Transitional//EN"
    "http://www.w3.org/TR/xhtml1/DTD/xhtml1-transitional.dtd">
<html xmlns="http://www.w3.org/1999/xhtml" xml:lang="en" lang="en">
 <head>
  <title>
</title>
<meta http-equiv="Content-Type" content="text/html;charset=utf-8" />
  <meta name='ocr-system' content='tesseract 3.04.00' />
  <meta name='ocr-capabilities' content='ocr_page ocr_carea ocr_par ocr_line ocrx_word'/>
</head>
<body>
  <div class='ocr_page' id='page_1' title='image "./corpusscriptorum10niebuoft_0108.png"; bbox 0 0 1924 3164; ppageno 0'>
   <div class='ocr_carea' id='block_1_1' title="bbox 350 187 1537 255">
    <p class='ocr_par' dir='ltr' id='par_1_1' title="bbox 350 187 1537 255">
     <span class='ocr_line' id='line_1_1' title="bbox 350 187 1537 255; baseline 0.001 -11"><span class='ocrx_word' id='word_1_1' title='bbox 350 187 425 255; x_wconf 77' lang='grc'><strong>54</strong></span> <span class='ocrx_word' id='word_1_2' title='bbox 594 202 872 248; x_wconf 81' lang='lat' dir='ltr'><strong>EXCERPTA</strong></span> <span class='ocrx_word' id='word_1_3' title='bbox 903 204 975 244; x_wconf 75' lang='lat' dir='ltr'><strong>Ex</strong></span> <span class='ocrx_word' id='word_1_4' title='bbox 1013 201 1232 244; x_wconf 79' lang='lat' dir='ltr'><strong>EUNAPn</strong></span> <span class='ocrx_word' id='word_1_5' title='bbox 1265 191 1537 245; x_wconf 76' lang='lat' dir='ltr'><strong>ms&#39;ro‘mA.</strong></span> 
     </span>
    </p>
   </div>
   <div class='ocr_carea' id='block_1_2' title="bbox 151 301 1924 1608">
    <p class='ocr_par' dir='ltr' id='par_1_2' title="bbox 151 301 1924 1608">
     <span class='ocr_line' id='line_1_2' title="bbox 162 301 1790 363; baseline 0 -16"><span class='ocrx_word' id='word_1_6' title='bbox 162 310 335 358; x_wconf 49' lang='lat'><strong>&amp;0392</strong></span> <span class='ocrx_word' id='word_1_7' title='bbox 348 304 540 362; x_wconf 80' lang='grc' dir='ltr'><em>σώματος</em></span> <span class='ocrx_word' id='word_1_8' title='bbox 568 306 763 363; x_wconf 74' lang='grc' dir='ltr'><em>ἀνάγκην.</em></span> <span class='ocrx_word' id='word_1_9' title='bbox 818 306 891 348; x_wconf 85' lang='grc' dir='ltr'><em>καί</em></span> <span class='ocrx_word' id='word_1_10' title='bbox 917 302 940 347; x_wconf 79' lang='grc' dir='ltr'>ὅ</span> <span class='ocrx_word' id='word_1_11' title='bbox 967 302 1168 359; x_wconf 73' lang='grc' dir='ltr'><em>βασιλεὺς</em></span> <span class='ocrx_word' id='word_1_12' title='bbox 1198 303 1404 359; x_wconf 77' lang='grc' dir='ltr'><em>ἐπέτρεψε</em></span> <span class='ocrx_word' id='word_1_13' title='bbox 1430 302 1503 347; x_wconf 85' lang='grc' dir='ltr'><em>τόν</em></span> <span class='ocrx_word' id='word_1_14' title='bbox 1527 301 1688 359; x_wconf 79' lang='grc' dir='ltr'><em>γάμον,</em></span> <span class='ocrx_word' id='word_1_15' title='bbox 1716 302 1790 347; x_wconf 70' lang='grc' dir='ltr'><em>καὶ</em></span> 
     </span>
     <span class='ocr_line' id='line_1_3' title="bbox 151 359 1788 442; baseline -0.002 -26"><span class='ocrx_word' id='word_1_16' title='bbox 151 405 211 442; x_wconf 72' lang='lat' dir='ltr'><strong>Th</strong></span> <span class='ocrx_word' id='word_1_17' title='bbox 226 359 371 440; x_wconf 62' lang='lat' dir='ltr'><strong>¹¹}d·56</strong></span> <span class='ocrx_word' id='word_1_18' title='bbox 398 373 536 429; x_wconf 80' lang='grc' dir='ltr'><em>πατὴρ</em></span> <span class='ocrx_word' id='word_1_19' title='bbox 565 376 637 429; x_wconf 83' lang='grc' dir='ltr'><em>τῆς</em></span> <span class='ocrx_word' id='word_1_20' title='bbox 663 372 788 428; x_wconf 81' lang='grc' dir='ltr'><strong><em>κόρης</em></strong></span> <span class='ocrx_word' id='word_1_21' title='bbox 817 372 1033 428; x_wconf 76' lang='grc' dir='ltr'><strong><em>(ἐτρέφετο</em></strong></span> <span class='ocrx_word' id='word_1_22' title='bbox 1060 369 1141 426; x_wconf 83' lang='grc' dir='ltr'><strong>γὰρ</strong></span> <span class='ocrx_word' id='word_1_23' title='bbox 1170 367 1254 411; x_wconf 65' lang='grc' dir='ltr'><strong>’ὑπὸ</strong></span> <span class='ocrx_word' id='word_1_24' title='bbox 1272 371 1420 427; x_wconf 76' lang='grc' dir='ltr'><em>πατρί)</em></span> <span class='ocrx_word' id='word_1_25' title='bbox 1449 368 1522 412; x_wconf 79' lang='grc' dir='ltr'><strong>καὶ</strong></span> <span class='ocrx_word' id='word_1_26' title='bbox 1543 367 1589 412; x_wconf 83' lang='grc' dir='ltr'><em>τὸ</em></span> <span class='ocrx_word' id='word_1_27' title='bbox 1615 371 1788 426; x_wconf 83' lang='grc' dir='ltr'><em>πρᾶγμα</em></span> 
     </span>
     <span class='ocr_line' id='line_1_4' title="bbox 180 405 1789 493; baseline -0.004 -11"><span class='ocrx_word' id='word_1_28' title='bbox 180 423 184 429; x_wconf 37' lang='lat'>¹</span> <span class='ocrx_word' id='word_1_29' title='bbox 213 417 242 440; x_wconf 44' lang='lat' dir='ltr'><strong>e·</strong></span> <span class='ocrx_word' id='word_1_30' title='bbox 271 430 279 439; x_wconf 56' lang='grc'><strong>’</strong></span> <span class='ocrx_word' id='word_1_31' title='bbox 296 405 593 492; x_wconf 63' lang='grc' dir='ltr'><em>Ι4ἐθαύμασε,</em></span> <span class='ocrx_word' id='word_1_32' title='bbox 637 436 846 493; x_wconf 73' lang='grc' dir='ltr'><em>μακάριον</em></span> <span class='ocrx_word' id='word_1_33' title='bbox 872 432 1017 478; x_wconf 72' lang='grc' dir='ltr'><em>ἑαυτὸν</em></span> <span class='ocrx_word' id='word_1_34' title='bbox 1042 432 1368 488; x_wconf 69' lang='grc' dir='ltr'><em>ὑπολαμβάνων,</em></span> <span class='ocrx_word' id='word_1_35' title='bbox 1415 436 1456 476; x_wconf 81' lang='grc' dir='ltr'><em>εἰ</em></span> <span class='ocrx_word' id='word_1_36' title='bbox 1488 437 1680 478; x_wconf 69' lang='grc' dir='ltr'><em>τοιοῦτον</em></span> <span class='ocrx_word' id='word_1_37' title='bbox 1707 436 1789 487; x_wconf 77' lang='grc' dir='ltr'><em>ἕξει</em></span> 
     </span>
     <span class='ocr_line' id='line_1_5' title="bbox 312 496 1791 560; baseline -0.003 -13"><span class='ocrx_word' id='word_1_38' title='bbox 312 502 551 560; x_wconf 79' lang='grc' dir='ltr'><em>Βγαμβρόν.</em></span> <span class='ocrx_word' id='word_1_39' title='bbox 606 505 688 545; x_wconf 78' lang='grc' dir='ltr'><strong>τῶν</strong></span> <span class='ocrx_word' id='word_1_40' title='bbox 714 505 793 555; x_wconf 83' lang='grc' dir='ltr'><strong>μὲν</strong></span> <span class='ocrx_word' id='word_1_41' title='bbox 819 497 896 544; x_wconf 73' lang='grc' dir='ltr'><strong>οὖν</strong></span> <span class='ocrx_word' id='word_1_42' title='bbox 924 499 1150 558; x_wconf 75' lang='grc' dir='ltr'><em>ὁμοφύλων</em></span> <span class='ocrx_word' id='word_1_43' title='bbox 1178 500 1311 555; x_wconf 72' lang='grc' dir='ltr'><em>ὀλίγοι</em></span> <span class='ocrx_word' id='word_1_44' title='bbox 1337 502 1447 550; x_wconf 84' lang='grc' dir='ltr'><em>τινὲς</em></span> <span class='ocrx_word' id='word_1_45' title='bbox 1474 498 1548 555; x_wconf 83' lang='grc' dir='ltr'><em>τῆν</em></span> <span class='ocrx_word' id='word_1_46' title='bbox 1573 496 1791 555; x_wconf 83' lang='grc' dir='ltr'><em>εὖσὲβειαν</em></span> 
     </span>
     <span class='ocr_line' id='line_1_6' title="bbox 347 564 1816 625; baseline -0.003 -12"><span class='ocrx_word' id='word_1_47' title='bbox 347 573 420 613; x_wconf 83' lang='grc' dir='ltr'><strong><em>καί</em></strong></span> <span class='ocrx_word' id='word_1_48' title='bbox 447 567 596 625; x_wconf 78' lang='grc' dir='ltr'><em>ἀρετὴν</em></span> <span class='ocrx_word' id='word_1_49' title='bbox 624 566 873 623; x_wconf 77' lang='grc' dir='ltr'><em>ἀγασθέντες</em></span> <span class='ocrx_word' id='word_1_50' title='bbox 900 569 979 609; x_wconf 79' lang='grc' dir='ltr'><strong>τοῦ</strong></span> <span class='ocrx_word' id='word_1_51' title='bbox 1008 568 1238 619; x_wconf 83' lang='grc' dir='ltr'><em>νεανίσκου,</em></span> <span class='ocrx_word' id='word_1_52' title='bbox 1256 564 1361 622; x_wconf 83' lang='grc' dir='ltr'><em>πρὸς</em></span> <span class='ocrx_word' id='word_1_53' title='bbox 1391 564 1468 622; x_wconf 80' lang='grc' dir='ltr'><strong>τήν</strong></span> <span class='ocrx_word' id='word_1_54' title='bbox 1495 567 1652 609; x_wconf 75' lang='grc' dir='ltr'><em>ἐκείνου</em></span> <span class='ocrx_word' id='word_1_55' title='bbox 1680 565 1816 621; x_wconf 68' lang='lat' dir='ltr'><strong>yvoni—5</strong></span> 
     </span>
     <span class='ocr_line' id='line_1_7' title="bbox 346 629 1924 692; baseline -0.004 -13"><span class='ocrx_word' id='word_1_56' title='bbox 346 652 430 692; x_wconf 90' lang='grc' dir='ltr'><strong>μην</strong></span> <span class='ocrx_word' id='word_1_57' title='bbox 456 634 676 689; x_wconf 74' lang='grc' dir='ltr'><em>ἐχώρησαν</em></span> <span class='ocrx_word' id='word_1_58' title='bbox 702 633 776 676; x_wconf 81' lang='grc' dir='ltr'><strong><em>καί</em></strong></span> <span class='ocrx_word' id='word_1_59' title='bbox 801 631 1125 689; x_wconf 81' lang='grc' dir='ltr'><em>συνεστήκεσαν,</em></span> <span class='ocrx_word' id='word_1_60' title='bbox 1177 630 1217 673; x_wconf 82' lang='grc' dir='ltr'><strong>οἱ</strong></span> <span class='ocrx_word' id='word_1_61' title='bbox 1246 634 1292 674; x_wconf 84' lang='grc' dir='ltr'><strong>δὲ</strong></span> <span class='ocrx_word' id='word_1_62' title='bbox 1328 632 1474 674; x_wconf 75' lang='grc' dir='ltr'><em>πολλοὶ</em></span> <span class='ocrx_word' id='word_1_63' title='bbox 1501 634 1574 674; x_wconf 80' lang='grc' dir='ltr'><strong>καὶ</strong></span> <span class='ocrx_word' id='word_1_64' title='bbox 1603 629 1792 674; x_wconf 76' lang='grc' dir='ltr'><em>δυνατώ-</em></span> <span class='ocrx_word' id='word_1_65' title='bbox 1923 684 1924 690; x_wconf 15' lang='lat'>¹</span> 
     </span>
     <span class='ocr_line' id='line_1_8' title="bbox 345 694 1924 761; baseline -0.004 -16"><span class='ocrx_word' id='word_1_66' title='bbox 345 717 458 757; x_wconf 86' lang='grc' dir='ltr'><em>τεροι</em></span> <span class='ocrx_word' id='word_1_67' title='bbox 483 701 564 743; x_wconf 81' lang='grc' dir='ltr'><strong>τῶν</strong></span> <span class='ocrx_word' id='word_1_68' title='bbox 594 701 850 754; x_wconf 78' lang='grc' dir='ltr'><em>δεδογμένων</em></span> <span class='ocrx_word' id='word_1_69' title='bbox 876 700 921 751; x_wconf 77' lang='grc' dir='ltr'><strong>ἐξ</strong></span> <span class='ocrx_word' id='word_1_70' title='bbox 948 699 1084 754; x_wconf 69' lang='grc' dir='ltr'><em>ἀρχῆς</em></span> <span class='ocrx_word' id='word_1_71' title='bbox 1112 699 1238 754; x_wconf 78' lang='grc' dir='ltr'><em>α’πρῐξ</em></span> <span class='ocrx_word' id='word_1_72' title='bbox 1266 695 1454 752; x_wconf 85' lang='grc' dir='ltr'><em>εἴχοντο,</em></span> <span class='ocrx_word' id='word_1_73' title='bbox 1487 699 1561 740; x_wconf 81' lang='grc' dir='ltr'><strong><em>καί</em></strong></span> <span class='ocrx_word' id='word_1_74' title='bbox 1585 695 1692 754; x_wconf 79' lang='grc' dir='ltr'><em>πρὸς</em></span> <span class='ocrx_word' id='word_1_75' title='bbox 1716 696 1792 753; x_wconf 75' lang='grc' dir='ltr'><strong>τήν</strong></span> <span class='ocrx_word' id='word_1_76' title='bbox 1919 694 1924 761; x_wconf 56' lang='lat'><strong>37</strong></span> 
     </span>
     <span class='ocr_line' id='line_1_9' title="bbox 344 757 1791 821; baseline -0.003 -12"><span class='ocrx_word' id='word_1_77' title='bbox 344 764 478 809; x_wconf 67' lang='grc' dir='ltr'><em>ὠδῖνα</em></span> <span class='ocrx_word' id='word_1_78' title='bbox 521 766 596 821; x_wconf 81' lang='grc' dir='ltr'><em>τῆς</em></span> <span class='ocrx_word' id='word_1_79' title='bbox 634 766 859 820; x_wconf 77' lang='grc' dir='ltr'><em>ἐπιβουλῆς</em></span> <span class='ocrx_word' id='word_1_80' title='bbox 898 763 1187 821; x_wconf 79' lang='grc' dir='ltr'><em>σφαδάζοντες</em></span> <span class='ocrx_word' id='word_1_81' title='bbox 1225 763 1506 818; x_wconf 82' lang='grc' dir='ltr'><em>ἒμεμήνεσαν·</em></span> <span class='ocrx_word' id='word_1_82' title='bbox 1563 757 1623 806; x_wconf 70' lang='grc' dir='ltr'><em>ὧν</em></span> <span class='ocrx_word' id='word_1_83' title='bbox 1660 758 1791 820; x_wconf 79' lang='grc' dir='ltr'><em>ἦρχεν</em></span> 
     </span>
     <span class='ocr_line' id='line_1_10' title="bbox 341 825 1924 891; baseline -0.004 -15"><span class='ocrx_word' id='word_1_84' title='bbox 341 834 609 888; x_wconf 75' lang='grc' dir='ltr'><em>Ἒρώυλφος,</em></span> <span class='ocrx_word' id='word_1_85' title='bbox 657 828 761 887; x_wconf 71' lang='grc' dir='ltr'><strong>ἆνὴρ</strong></span> <span class='ocrx_word' id='word_1_86' title='bbox 804 829 1014 886; x_wconf 83' lang='grc' dir='ltr'><em>ἧμιμανὴς</em></span> <span class='ocrx_word' id='word_1_87' title='bbox 1055 828 1128 871; x_wconf 81' lang='grc' dir='ltr'><strong><em>καί</em></strong></span> <span class='ocrx_word' id='word_1_88' title='bbox 1162 830 1244 872; x_wconf 75' lang='grc' dir='ltr'><strong>τῶν</strong></span> <span class='ocrx_word' id='word_1_89' title='bbox 1284 825 1421 870; x_wconf 68' lang='grc' dir='ltr'><em>ἄλλων</em></span> <span class='ocrx_word' id='word_1_90' title='bbox 1448 830 1790 885; x_wconf 82' lang='grc' dir='ltr'><em>λυσσωδέστερος.</em></span> <span class='ocrx_word' id='word_1_91' title='bbox 1921 883 1924 891; x_wconf 39' lang='grc'>1</span> 
     </span>
     <span class='ocr_line' id='line_1_11' title="bbox 347 891 1924 952; baseline -0.001 -12"><span class='ocrx_word' id='word_1_92' title='bbox 347 899 584 952; x_wconf 83' lang='grc' dir='ltr'><em>συμποσίου</em></span> <span class='ocrx_word' id='word_1_93' title='bbox 622 898 669 938; x_wconf 85' lang='grc' dir='ltr'><strong>δὲ</strong></span> <span class='ocrx_word' id='word_1_94' title='bbox 706 897 978 952; x_wconf 76' lang='grc' dir='ltr'><em>προτεθέντος</em></span> <span class='ocrx_word' id='word_1_95' title='bbox 1014 891 1154 944; x_wconf 82' lang='grc' dir='ltr'><em>αὗτοῖς</em></span> <span class='ocrx_word' id='word_1_96' title='bbox 1181 893 1298 951; x_wconf 76' lang='grc' dir='ltr'><em>παρὰ</em></span> <span class='ocrx_word' id='word_1_97' title='bbox 1327 897 1401 936; x_wconf 77' lang='grc' dir='ltr'><strong>τοῦ</strong></span> <span class='ocrx_word' id='word_1_98' title='bbox 1428 897 1634 948; x_wconf 83' lang='grc' dir='ltr'><em>βασιλέως</em></span> <span class='ocrx_word' id='word_1_99' title='bbox 1662 892 1845 950; x_wconf 76' lang='grc' dir='ltr'><em>ἅδρο-ιο</em></span> <span class='ocrx_word' id='word_1_100' title='bbox 1921 899 1924 943; x_wconf 78' lang='lat' dir='ltr'><strong>i</strong></span> 
     </span>
     <span class='ocr_line' id='line_1_12' title="bbox 345 958 1924 1025; baseline -0.003 -19"><span class='ocrx_word' id='word_1_101' title='bbox 345 967 471 1019; x_wconf 86' lang='grc' dir='ltr'><em>τέρου</em></span> <span class='ocrx_word' id='word_1_102' title='bbox 498 965 571 1005; x_wconf 83' lang='grc' dir='ltr'>καί</span> <span class='ocrx_word' id='word_1_103' title='bbox 594 963 966 1017; x_wconf 86' lang='grc' dir='ltr'><em>πολυτελεστέρου,</em></span> <span class='ocrx_word' id='word_1_104' title='bbox 1009 958 1087 1015; x_wconf 81' lang='grc' dir='ltr'><em>τήν</em></span> <span class='ocrx_word' id='word_1_105' title='bbox 1113 961 1345 1016; x_wconf 82' lang='grc' dir='ltr'><em>παροιμίαν</em></span> <span class='ocrx_word' id='word_1_106' title='bbox 1372 960 1661 1010; x_wconf 74' lang='grc' dir='ltr'><em>ἀποδείξαντες</em></span> <span class='ocrx_word' id='word_1_107' title='bbox 1688 960 1792 1015; x_wconf 79' lang='grc' dir='ltr'><em>ἄλη-</em></span> <span class='ocrx_word' id='word_1_108' title='bbox 1912 958 1924 1025; x_wconf 72' lang='lat' dir='ltr'><strong>-j</strong></span> 
     </span>
     <span class='ocr_line' id='line_1_13' title="bbox 345 1023 1924 1086; baseline -0.003 -15"><span class='ocrx_word' id='word_1_109' title='bbox 345 1032 404 1086; x_wconf 82' lang='grc' dir='ltr'><strong><em>θῆ</em></strong></span> <span class='ocrx_word' id='word_1_110' title='bbox 432 1028 507 1084; x_wconf 79' lang='grc' dir='ltr'><strong>τὴν</strong></span> <span class='ocrx_word' id='word_1_111' title='bbox 533 1030 736 1083; x_wconf 82' lang='grc' dir='ltr'><em>λέγουσαν</em></span> <span class='ocrx_word' id='word_1_112' title='bbox 762 1024 898 1080; x_wconf 83' lang='grc' dir='ltr'><em>,,οἶνος</em></span> <span class='ocrx_word' id='word_1_113' title='bbox 924 1025 997 1068; x_wconf 82' lang='grc' dir='ltr'><strong>καὶ</strong></span> <span class='ocrx_word' id='word_1_114' title='bbox 1022 1025 1201 1082; x_wconf 75' lang='grc' dir='ltr'><em>ἀλήθεια</em></span> <span class='ocrx_word' id='word_1_115' title='bbox 1215 1027 1254 1080; x_wconf 86' lang='lat'><strong>‚”</strong></span> <span class='ocrx_word' id='word_1_116' title='bbox 1280 1027 1356 1068; x_wconf 78' lang='grc' dir='ltr'><strong>τοῦ</strong></span> <span class='ocrx_word' id='word_1_117' title='bbox 1382 1023 1591 1070; x_wconf 80' lang='grc' dir='ltr'><em>Διονύσου</em></span> <span class='ocrx_word' id='word_1_118' title='bbox 1623 1028 1697 1068; x_wconf 83' lang='grc' dir='ltr'>καί</span> <span class='ocrx_word' id='word_1_119' title='bbox 1721 1023 1792 1068; x_wconf 85' lang='grc' dir='ltr'><em>τό-</em></span> <span class='ocrx_word' id='word_1_120' title='bbox 1913 1025 1924 1042; x_wconf 84' lang='lat'><strong>·&#39;</strong></span> 
     </span>
     <span class='ocr_line' id='line_1_14' title="bbox 315 1089 1791 1151; baseline -0.004 -13"><span class='ocrx_word' id='word_1_121' title='bbox 315 1105 399 1139; x_wconf 71' lang='lat' dir='ltr'><strong>Cre</strong></span> <span class='ocrx_word' id='word_1_122' title='bbox 426 1095 627 1151; x_wconf 77' lang='grc' dir='ltr'><em>ῥήξαντος</em></span> <span class='ocrx_word' id='word_1_123' title='bbox 662 1089 805 1143; x_wconf 67' lang='grc' dir='ltr'><em>αὐτοῖς</em></span> <span class='ocrx_word' id='word_1_124' title='bbox 843 1090 961 1148; x_wconf 73' lang='grc' dir='ltr'><em>παρὰ</em></span> <span class='ocrx_word' id='word_1_125' title='bbox 989 1090 1114 1134; x_wconf 88' lang='grc' dir='ltr'><em>πότον</em></span> <span class='ocrx_word' id='word_1_126' title='bbox 1139 1089 1217 1146; x_wconf 79' lang='grc' dir='ltr'><strong>τήν</strong></span> <span class='ocrx_word' id='word_1_127' title='bbox 1243 1091 1599 1146; x_wconf 72' lang='grc' dir='ltr'><em>ἐπικρυπτομένην</em></span> <span class='ocrx_word' id='word_1_128' title='bbox 1626 1089 1791 1144; x_wconf 77' lang='grc' dir='ltr'><em>στάσιν,</em></span> 
     </span>
     <span class='ocr_line' id='line_1_15' title="bbox 344 1154 1792 1212; baseline -0.003 -10"><span class='ocrx_word' id='word_1_129' title='bbox 344 1159 564 1202; x_wconf 75' lang='grc' dir='ltr'><em>διαλύεται</em></span> <span class='ocrx_word' id='word_1_130' title='bbox 591 1160 671 1212; x_wconf 79' lang='grc' dir='ltr'><strong>μὲν</strong></span> <span class='ocrx_word' id='word_1_131' title='bbox 697 1158 742 1201; x_wconf 84' lang='grc' dir='ltr'><em>τὸ</em></span> <span class='ocrx_word' id='word_1_132' title='bbox 772 1155 1007 1212; x_wconf 90' lang='grc' dir='ltr'><em>συμπόσιον</em></span> <span class='ocrx_word' id='word_1_133' title='bbox 1033 1155 1246 1210; x_wconf 78' lang='grc' dir='ltr'><em>ἀτάκτως,</em></span> <span class='ocrx_word' id='word_1_134' title='bbox 1296 1155 1371 1199; x_wconf 76' lang='grc' dir='ltr'><strong>καὶ</strong></span> <span class='ocrx_word' id='word_1_135' title='bbox 1410 1154 1480 1199; x_wconf 75' lang='grc' dir='ltr'><strong>διὰ</strong></span> <span class='ocrx_word' id='word_1_136' title='bbox 1504 1158 1656 1211; x_wconf 75' lang='grc' dir='ltr'><em>θυρῶν</em></span> <span class='ocrx_word' id='word_1_137' title='bbox 1683 1154 1792 1211; x_wconf 74' lang='grc' dir='ltr'><strong><em>ἐχώ-</em></strong></span> 
     </span>
     <span class='ocr_line' id='line_1_16' title="bbox 343 1220 1911 1282; baseline -0.002 -16"><span class='ocrx_word' id='word_1_138' title='bbox 343 1241 447 1282; x_wconf 89' lang='grc' dir='ltr'><em>ρουν</em></span> <span class='ocrx_word' id='word_1_139' title='bbox 483 1226 811 1281; x_wconf 75' lang='grc' dir='ltr'><em>τεθορυβημένοι</em></span> <span class='ocrx_word' id='word_1_140' title='bbox 852 1222 927 1265; x_wconf 76' lang='grc' dir='ltr'><strong>καὶ</strong></span> <span class='ocrx_word' id='word_1_141' title='bbox 961 1220 1354 1278; x_wconf 86' lang='grc' dir='ltr'><em>παρακεκινηκότες·</em></span> <span class='ocrx_word' id='word_1_142' title='bbox 1409 1221 1434 1265; x_wconf 77' lang='grc' dir='ltr'><em>ὅ</em></span> <span class='ocrx_word' id='word_1_143' title='bbox 1478 1224 1525 1265; x_wconf 82' lang='grc' dir='ltr'><strong>δὲ</strong></span> <span class='ocrx_word' id='word_1_144' title='bbox 1567 1222 1846 1278; x_wconf 76' lang='grc' dir='ltr'><em>Φράβιθοςι5</em></span> <span class='ocrx_word' id='word_1_145' title='bbox 1908 1226 1911 1227; x_wconf 64' lang='grc'>’</span> 
     </span>
     <span class='ocr_line' id='line_1_17' title="bbox 344 1285 1795 1346; baseline -0.002 -13"><span class='ocrx_word' id='word_1_146' title='bbox 344 1293 400 1333; x_wconf 83' lang='grc' dir='ltr'><strong>δι’</strong></span> <span class='ocrx_word' id='word_1_147' title='bbox 427 1291 577 1346; x_wconf 75' lang='grc' dir='ltr'><em>ἀρετῆς</em></span> <span class='ocrx_word' id='word_1_148' title='bbox 604 1287 841 1345; x_wconf 77' lang='grc' dir='ltr'><em>’ὖπερβολῆν</em></span> <span class='ocrx_word' id='word_1_149' title='bbox 867 1288 914 1330; x_wconf 86' lang='grc' dir='ltr'><em>τὸ</em></span> <span class='ocrx_word' id='word_1_150' title='bbox 944 1288 1073 1331; x_wconf 78' lang='grc' dir='ltr'><em>καλὸν</em></span> <span class='ocrx_word' id='word_1_151' title='bbox 1100 1287 1173 1330; x_wconf 78' lang='grc' dir='ltr'><strong>καὶ</strong></span> <span class='ocrx_word' id='word_1_152' title='bbox 1206 1289 1367 1330; x_wconf 86' lang='grc' dir='ltr'><em>δίκαιον</em></span> <span class='ocrx_word' id='word_1_153' title='bbox 1394 1289 1564 1331; x_wconf 85' lang='grc' dir='ltr'><em>κάλλιον</em></span> <span class='ocrx_word' id='word_1_154' title='bbox 1597 1285 1687 1342; x_wconf 78' lang='grc' dir='ltr'><strong>ἅμα</strong></span> <span class='ocrx_word' id='word_1_155' title='bbox 1720 1289 1795 1330; x_wconf 74' lang='grc' dir='ltr'><strong>καὶ</strong></span> 
     </span>
     <span class='ocr_line' id='line_1_18' title="bbox 341 1352 1793 1413; baseline -0.002 -15"><span class='ocrx_word' id='word_1_156' title='bbox 341 1358 664 1413; x_wconf 85' lang='grc' dir='ltr'><em>θεοφιλέστερον</em></span> <span class='ocrx_word' id='word_1_157' title='bbox 690 1352 966 1412; x_wconf 76' lang='grc' dir='ltr'><em>ὀφθήσεσθαι</em></span> <span class='ocrx_word' id='word_1_158' title='bbox 994 1354 1195 1408; x_wconf 86' lang='grc' dir='ltr'><em>νομίζων,</em></span> <span class='ocrx_word' id='word_1_159' title='bbox 1240 1356 1280 1397; x_wconf 83' lang='grc' dir='ltr'><em>εἰ</em></span> <span class='ocrx_word' id='word_1_160' title='bbox 1305 1353 1510 1410; x_wconf 79' lang='grc' dir='ltr'><em>προσθείη</em></span> <span class='ocrx_word' id='word_1_161' title='bbox 1537 1353 1693 1408; x_wconf 82' lang='grc' dir='ltr'><em>τάχος,</em></span> <span class='ocrx_word' id='word_1_162' title='bbox 1740 1354 1793 1396; x_wconf 87' lang='grc' dir='ltr'><strong>ου’</strong></span> 
     </span>
     <span class='ocr_line' id='line_1_19' title="bbox 343 1418 1791 1477; baseline -0.001 -14"><span class='ocrx_word' id='word_1_163' title='bbox 343 1424 584 1477; x_wconf 85' lang='grc' dir='ltr'><em>περιμείνας</em></span> <span class='ocrx_word' id='word_1_164' title='bbox 619 1423 759 1477; x_wconf 79' lang='grc' dir='ltr'><em>ἕτερον</em></span> <span class='ocrx_word' id='word_1_165' title='bbox 794 1419 966 1477; x_wconf 85' lang='grc' dir='ltr'><em>καιρὸν,</em></span> <span class='ocrx_word' id='word_1_166' title='bbox 1026 1418 1133 1463; x_wconf 71' lang='grc' dir='ltr'><em>ἄλλα</em></span> <span class='ocrx_word' id='word_1_167' title='bbox 1171 1418 1435 1473; x_wconf 73' lang='grc' dir='ltr'><em>σπασάμενος</em></span> <span class='ocrx_word' id='word_1_168' title='bbox 1479 1419 1525 1463; x_wconf 84' lang='grc' dir='ltr'><em>τὸ</em></span> <span class='ocrx_word' id='word_1_169' title='bbox 1564 1418 1685 1476; x_wconf 82' lang='grc' dir='ltr'><em>ξίφος</em></span> <span class='ocrx_word' id='word_1_170' title='bbox 1718 1421 1791 1475; x_wconf 81' lang='grc' dir='ltr'><em>τῆς</em></span> 
     </span>
     <span class='ocr_line' id='line_1_20' title="bbox 344 1481 1792 1542; baseline -0.001 -14"><span class='ocrx_word' id='word_1_171' title='bbox 344 1488 532 1542; x_wconf 79' lang='grc' dir='ltr'><em>πλευρᾶς</em></span> <span class='ocrx_word' id='word_1_172' title='bbox 554 1483 803 1542; x_wconf 77' lang='grc' dir='ltr'><em>Ἐριούλφου</em></span> <span class='ocrx_word' id='word_1_173' title='bbox 833 1484 1022 1541; x_wconf 85' lang='grc' dir='ltr'><em>διήλασε.</em></span> <span class='ocrx_word' id='word_1_174' title='bbox 1078 1485 1152 1528; x_wconf 82' lang='grc' dir='ltr'><strong><em>καί</em></strong></span> <span class='ocrx_word' id='word_1_175' title='bbox 1178 1485 1202 1527; x_wconf 83' lang='grc' dir='ltr'>ὅ</span> <span class='ocrx_word' id='word_1_176' title='bbox 1227 1487 1306 1540; x_wconf 83' lang='grc' dir='ltr'><strong>μὲν</strong></span> <span class='ocrx_word' id='word_1_177' title='bbox 1332 1484 1462 1529; x_wconf 76' lang='grc' dir='ltr'><em>ἔκειτο</em></span> <span class='ocrx_word' id='word_1_178' title='bbox 1492 1483 1646 1540; x_wconf 75' lang='grc' dir='ltr'><em>πεσών,</em></span> <span class='ocrx_word' id='word_1_179' title='bbox 1684 1481 1792 1537; x_wconf 78' lang='grc' dir='ltr'><em>ὄνει-</em></span> 
     </span>
     <span class='ocr_line' id='line_1_21' title="bbox 348 1548 1845 1608; baseline 0 -15"><span class='ocrx_word' id='word_1_180' title='bbox 348 1552 585 1608; x_wconf 83' lang='grc' dir='ltr'><em>ροπολήσας</em></span> <span class='ocrx_word' id='word_1_181' title='bbox 612 1549 688 1607; x_wconf 77' lang='grc' dir='ltr'><strong>τήν</strong></span> <span class='ocrx_word' id='word_1_182' title='bbox 718 1548 862 1594; x_wconf 75' lang='grc' dir='ltr'><em>ἄδικον</em></span> <span class='ocrx_word' id='word_1_183' title='bbox 891 1550 1140 1608; x_wconf 78' lang='grc' dir='ltr'><em>ἐπιβουλήν·</em></span> <span class='ocrx_word' id='word_1_184' title='bbox 1198 1550 1239 1594; x_wconf 79' lang='grc' dir='ltr'><strong>οἱ</strong></span> <span class='ocrx_word' id='word_1_185' title='bbox 1271 1553 1319 1595; x_wconf 83' lang='grc' dir='ltr'><strong>δὲ</strong></span> <span class='ocrx_word' id='word_1_186' title='bbox 1343 1555 1366 1576; x_wconf 70' lang='lat'><strong>⁴*</strong></span> <span class='ocrx_word' id='word_1_187' title='bbox 1383 1555 1405 1575; x_wconf 76' lang='lat'><em>*</em></span> <span class='ocrx_word' id='word_1_188' title='bbox 1423 1554 1445 1575; x_wconf 76' lang='lat'><em>*</em></span> <span class='ocrx_word' id='word_1_189' title='bbox 1793 1566 1845 1594; x_wconf 81' lang='lat'><strong>20</strong></span> 
     </span>
    </p>
   </div>
   <div class='ocr_carea' id='block_1_3' title="bbox 446 1651 1389 1700">
    <p class='ocr_par' dir='ltr' id='par_1_3' title="bbox 446 1651 1389 1700">
     <span class='ocr_line' id='line_1_22' title="bbox 446 1651 1389 1700; baseline -0.001 -13"><span class='ocrx_word' id='word_1_190' title='bbox 446 1653 497 1688; x_wconf 83' lang='lat'><strong>15.</strong></span> <span class='ocrx_word' id='word_1_191' title='bbox 521 1651 787 1699; x_wconf 79' lang='grc' dir='ltr'><em>παρῳνηκότες</em></span> <span class='ocrx_word' id='word_1_192' title='bbox 807 1653 902 1688; x_wconf 84' lang='lat' dir='ltr'><strong>coni.</strong></span> <span class='ocrx_word' id='word_1_193' title='bbox 927 1653 984 1689; x_wconf 89' lang='lat' dir='ltr'><strong>Cl.</strong></span> <span class='ocrx_word' id='word_1_194' title='bbox 1084 1665 1136 1699; x_wconf 87' lang='lat'><strong>17·</strong></span> <span class='ocrx_word' id='word_1_195' title='bbox 1161 1654 1321 1700; x_wconf 80' lang='grc' dir='ltr'><em>προσείη</em></span> <span class='ocrx_word' id='word_1_196' title='bbox 1344 1653 1389 1688; x_wconf 82' lang='grc' dir='ltr'><strong>Ν.</strong></span> 
     </span>
    </p>
   </div>
   <div class='ocr_carea' id='block_1_4' title="bbox 346 1744 1902 2627">
    <p class='ocr_par' dir='ltr' id='par_1_4' title="bbox 347 1744 1794 1884">
     <span class='ocr_line' id='line_1_23' title="bbox 347 1744 1792 1791; baseline 0.001 -13"><span class='ocrx_word' id='word_1_197' title='bbox 347 1745 389 1778; x_wconf 89' lang='lat' dir='ltr'><strong>in</strong></span> <span class='ocrx_word' id='word_1_198' title='bbox 420 1748 568 1789; x_wconf 85' lang='lat' dir='ltr'><strong>pectore</strong></span> <span class='ocrx_word' id='word_1_199' title='bbox 590 1744 778 1785; x_wconf 86' lang='lat' dir='ltr'><strong>versabat,</strong></span> <span class='ocrx_word' id='word_1_200' title='bbox 805 1744 908 1778; x_wconf 88' lang='lat' dir='ltr'><strong>aliud</strong></span> <span class='ocrx_word' id='word_1_201' title='bbox 927 1755 990 1778; x_wconf 87' lang='lat' dir='ltr'><strong>ore</strong></span> <span class='ocrx_word' id='word_1_202' title='bbox 1009 1745 1231 1789; x_wconf 84' lang='lat' dir='ltr'><strong>proferebat.</strong></span> <span class='ocrx_word' id='word_1_203' title='bbox 1276 1747 1432 1780; x_wconf 85' lang='lat' dir='ltr'><strong>Uxorem</strong></span> <span class='ocrx_word' id='word_1_204' title='bbox 1462 1745 1656 1779; x_wconf 78' lang='lat' dir='ltr'>Romanam</span> <span class='ocrx_word' id='word_1_205' title='bbox 1681 1756 1792 1791; x_wconf 84' lang='lat' dir='ltr'><strong>expe-</strong></span> 
     </span>
     <span class='ocr_line' id='line_1_24' title="bbox 347 1792 1794 1837; baseline 0.001 -13"><span class='ocrx_word' id='word_1_206' title='bbox 347 1792 452 1831; x_wconf 82' lang='lat' dir='ltr'><strong>tivit,</strong></span> <span class='ocrx_word' id='word_1_207' title='bbox 481 1802 527 1824; x_wconf 88' lang='lat' dir='ltr'><strong>ne</strong></span> <span class='ocrx_word' id='word_1_208' title='bbox 552 1796 702 1836; x_wconf 89' lang='lat' dir='ltr'><strong>propter</strong></span> <span class='ocrx_word' id='word_1_209' title='bbox 731 1792 891 1836; x_wconf 86' lang='lat' dir='ltr'><strong>corporis</strong></span> <span class='ocrx_word' id='word_1_210' title='bbox 915 1793 1168 1825; x_wconf 84' lang='lat' dir='ltr'><strong>necessitatem</strong></span> <span class='ocrx_word' id='word_1_211' title='bbox 1210 1793 1367 1826; x_wconf 85' lang='lat' dir='ltr'><strong>iniurius</strong></span> <span class='ocrx_word' id='word_1_212' title='bbox 1402 1803 1479 1826; x_wconf 81' lang='lat' dir='ltr'><strong>esse</strong></span> <span class='ocrx_word' id='word_1_213' title='bbox 1503 1799 1700 1837; x_wconf 83' lang='lat' dir='ltr'><strong>cogeretur.</strong></span> <span class='ocrx_word' id='word_1_214' title='bbox 1746 1792 1794 1825; x_wconf 87' lang='lat' dir='ltr'><strong>Et</strong></span> 
     </span>
     <span class='ocr_line' id='line_1_25' title="bbox 347 1837 1793 1884; baseline 0.002 -14"><span class='ocrx_word' id='word_1_215' title='bbox 347 1837 550 1881; x_wconf 78' lang='lat' dir='ltr'><strong>Imperator</strong></span> <span class='ocrx_word' id='word_1_216' title='bbox 576 1837 775 1871; x_wconf 84' lang='lat' dir='ltr'><strong>secundum</strong></span> <span class='ocrx_word' id='word_1_217' title='bbox 805 1838 965 1882; x_wconf 82' lang='lat' dir='ltr'><strong>parentis</strong></span> <span class='ocrx_word' id='word_1_218' title='bbox 994 1837 1187 1871; x_wconf 72' lang='lat' dir='ltr'>arbitrium</span> <span class='ocrx_word' id='word_1_219' title='bbox 1225 1838 1329 1873; x_wconf 87' lang='lat' dir='ltr'><strong>dedit</strong></span> <span class='ocrx_word' id='word_1_220' title='bbox 1355 1839 1412 1872; x_wconf 85' lang='lat' dir='ltr'><strong>ius</strong></span> <span class='ocrx_word' id='word_1_221' title='bbox 1443 1840 1674 1884; x_wconf 80' lang='lat' dir='ltr'><strong>nuptiarum,</strong></span> <span class='ocrx_word' id='word_1_222' title='bbox 1710 1844 1793 1873; x_wconf 83' lang='lat' dir='ltr'><strong>ete-</strong></span> 
     </span>
    </p>

    <p class='ocr_par' dir='ltr' id='par_1_5' title="bbox 346 1883 1853 2117">
     <span class='ocr_line' id='line_1_26' title="bbox 347 1883 1793 1928; baseline 0.003 -13"><span class='ocrx_word' id='word_1_223' title='bbox 347 1884 424 1916; x_wconf 89' lang='lat' dir='ltr'><strong>nim</strong></span> <span class='ocrx_word' id='word_1_224' title='bbox 455 1883 578 1928; x_wconf 88' lang='lat' dir='ltr'><strong>puella</strong></span> <span class='ocrx_word' id='word_1_225' title='bbox 612 1883 682 1917; x_wconf 84' lang='lat' dir='ltr'><strong>sub</strong></span> <span class='ocrx_word' id='word_1_226' title='bbox 717 1888 820 1927; x_wconf 88' lang='lat' dir='ltr'><strong>patre</strong></span> <span class='ocrx_word' id='word_1_227' title='bbox 855 1884 1099 1922; x_wconf 84' lang='lat' dir='ltr'><strong>nutriebatur,</strong></span> <span class='ocrx_word' id='word_1_228' title='bbox 1144 1885 1178 1918; x_wconf 84' lang='lat' dir='ltr'><strong>Is</strong></span> <span class='ocrx_word' id='word_1_229' title='bbox 1208 1896 1289 1918; x_wconf 91' lang='lat' dir='ltr'><strong>cum</strong></span> <span class='ocrx_word' id='word_1_230' title='bbox 1332 1896 1407 1919; x_wconf 90' lang='lat' dir='ltr'><strong>rem</strong></span> <span class='ocrx_word' id='word_1_231' title='bbox 1442 1891 1538 1919; x_wconf 77' lang='lat' dir='ltr'><strong>esset</strong></span> <span class='ocrx_word' id='word_1_232' title='bbox 1573 1885 1793 1928; x_wconf 75' lang='lat' dir='ltr'><strong>admiratus,</strong></span> 
     </span>
     <span class='ocr_line' id='line_1_27' title="bbox 348 1930 1793 1975; baseline 0.001 -12"><span class='ocrx_word' id='word_1_233' title='bbox 348 1930 498 1963; x_wconf 87' lang='lat' dir='ltr'><strong>beatum</strong></span> <span class='ocrx_word' id='word_1_234' title='bbox 534 1940 571 1963; x_wconf 88' lang='lat' dir='ltr'><strong>se</strong></span> <span class='ocrx_word' id='word_1_235' title='bbox 606 1930 785 1969; x_wconf 87' lang='lat' dir='ltr'><strong>ducebat,</strong></span> <span class='ocrx_word' id='word_1_236' title='bbox 824 1930 924 1975; x_wconf 87' lang='lat' dir='ltr'><strong>quod</strong></span> <span class='ocrx_word' id='word_1_237' title='bbox 948 1930 1058 1963; x_wconf 82' lang='lat' dir='ltr'><strong>talem</strong></span> <span class='ocrx_word' id='word_1_238' title='bbox 1111 1941 1260 1964; x_wconf 88' lang='lat' dir='ltr'><strong>enerum</strong></span> <span class='ocrx_word' id='word_1_239' title='bbox 1289 1937 1415 1966; x_wconf 79' lang='lat' dir='ltr'><strong>nactus</strong></span> <span class='ocrx_word' id='word_1_240' title='bbox 1442 1938 1547 1970; x_wconf 80' lang='lat' dir='ltr'><strong>esset.</strong></span> <span class='ocrx_word' id='word_1_241' title='bbox 1594 1933 1646 1966; x_wconf 82' lang='lat' dir='ltr'><strong>Ex</strong></span> <span class='ocrx_word' id='word_1_242' title='bbox 1666 1944 1709 1967; x_wconf 91' lang='lat' dir='ltr'><strong>eo</strong></span> <span class='ocrx_word' id='word_1_243' title='bbox 1733 1933 1793 1966; x_wconf 81' lang='lat' dir='ltr'><strong>fa-</strong></span> 
     </span>
     <span class='ocr_line' id='line_1_28' title="bbox 349 1943 1853 2023; baseline 0.003 -14"><span class='ocrx_word' id='word_1_244' title='bbox 349 1981 447 2010; x_wconf 91' lang='lat' dir='ltr'><strong>ctum</strong></span> <span class='ocrx_word' id='word_1_245' title='bbox 472 1981 544 2017; x_wconf 89' lang='lat' dir='ltr'><strong>est,</strong></span> <span class='ocrx_word' id='word_1_246' title='bbox 582 1982 624 2009; x_wconf 90' lang='lat' dir='ltr'><strong>ut</strong></span> <span class='ocrx_word' id='word_1_247' title='bbox 651 1977 841 2019; x_wconf 88' lang='lat' dir='ltr'><strong>nonnulli,</strong></span> <span class='ocrx_word' id='word_1_248' title='bbox 881 1976 946 2010; x_wconf 88' lang='lat' dir='ltr'><strong>sed</strong></span> <span class='ocrx_word' id='word_1_249' title='bbox 970 1943 1165 2011; x_wconf 50' lang='lat' dir='ltr'><strong>admofum</strong></span> <span class='ocrx_word' id='word_1_250' title='bbox 1188 1980 1317 2023; x_wconf 82' lang='lat' dir='ltr'><strong>pauci,</strong></span> <span class='ocrx_word' id='word_1_251' title='bbox 1350 1978 1590 2013; x_wconf 80' lang='lat' dir='ltr'><strong>adolescentis</strong></span> <span class='ocrx_word' id='word_1_252' title='bbox 1618 1981 1792 2014; x_wconf 81' lang='lat' dir='ltr'><strong>virtutem</strong></span> <span class='ocrx_word' id='word_1_253' title='bbox 1850 2015 1853 2017; x_wconf 75' lang='grc'><em>,</em></span> 
     </span>
     <span class='ocr_line' id='line_1_29' title="bbox 350 2022 1791 2067; baseline 0.003 -11"><span class='ocrx_word' id='word_1_254' title='bbox 350 2027 388 2056; x_wconf 88' lang='lat' dir='ltr'><strong>et</strong></span> <span class='ocrx_word' id='word_1_255' title='bbox 418 2023 593 2067; x_wconf 89' lang='lat' dir='ltr'><strong>pietatem</strong></span> <span class='ocrx_word' id='word_1_256' title='bbox 626 2023 798 2063; x_wconf 84' lang='lat' dir='ltr'><strong>reveriti,</strong></span> <span class='ocrx_word' id='word_1_257' title='bbox 837 2022 884 2056; x_wconf 84' lang='lat' dir='ltr'><strong>ad</strong></span> <span class='ocrx_word' id='word_1_258' title='bbox 913 2023 991 2058; x_wconf 85' lang='lat' dir='ltr'><strong>eius</strong></span> <span class='ocrx_word' id='word_1_259' title='bbox 1028 2034 1168 2057; x_wconf 83' lang='lat' dir='ltr'><strong>causam</strong></span> <span class='ocrx_word' id='word_1_260' title='bbox 1193 2035 1231 2058; x_wconf 87' lang='lat' dir='ltr'><strong>se</strong></span> <span class='ocrx_word' id='word_1_261' title='bbox 1267 2025 1510 2059; x_wconf 84' lang='lat' dir='ltr'><strong>adiunxerint.</strong></span> <span class='ocrx_word' id='word_1_262' title='bbox 1557 2026 1676 2060; x_wconf 82' lang='lat' dir='ltr'><strong>Multo</strong></span> <span class='ocrx_word' id='word_1_263' title='bbox 1704 2037 1791 2060; x_wconf 80' lang='lat' dir='ltr'><strong>vero</strong></span> 
     </span>
     <span class='ocr_line' id='line_1_30' title="bbox 346 2069 1792 2117; baseline 0.004 -15"><span class='ocrx_word' id='word_1_264' title='bbox 346 2069 470 2113; x_wconf 85' lang='lat' dir='ltr'><strong>plures</strong></span> <span class='ocrx_word' id='word_1_265' title='bbox 496 2075 534 2103; x_wconf 88' lang='lat' dir='ltr'><strong>et</strong></span> <span class='ocrx_word' id='word_1_266' title='bbox 558 2069 600 2102; x_wconf 89' lang='lat' dir='ltr'><strong>hi</strong></span> <span class='ocrx_word' id='word_1_267' title='bbox 632 2069 876 2114; x_wconf 86' lang='lat' dir='ltr'><strong>potentiores,</strong></span> <span class='ocrx_word' id='word_1_268' title='bbox 908 2081 998 2117; x_wconf 88' lang='lat' dir='ltr'><strong>quae</strong></span> <span class='ocrx_word' id='word_1_269' title='bbox 1024 2070 1137 2104; x_wconf 82' lang='lat' dir='ltr'><strong>semel</strong></span> <span class='ocrx_word' id='word_1_270' title='bbox 1167 2070 1212 2104; x_wconf 86' lang='lat' dir='ltr'><strong>ab</strong></span> <span class='ocrx_word' id='word_1_271' title='bbox 1238 2072 1345 2105; x_wconf 89' lang='lat' dir='ltr'><strong>initio</strong></span> <span class='ocrx_word' id='word_1_272' title='bbox 1377 2071 1632 2113; x_wconf 86' lang='lat' dir='ltr'><strong>decreverant,</strong></span> <span class='ocrx_word' id='word_1_273' title='bbox 1656 2072 1792 2108; x_wconf 75' lang='lat' dir='ltr'><strong>tuenda</strong></span> 
     </span>
    </p>

    <p class='ocr_par' dir='ltr' id='par_1_6' title="bbox 347 2115 1792 2302">
     <span class='ocr_line' id='line_1_31' title="bbox 347 2115 1790 2160; baseline 0.003 -12"><span class='ocrx_word' id='word_1_274' title='bbox 347 2115 421 2148; x_wconf 80' lang='lat' dir='ltr'><strong>sibi</strong></span> <span class='ocrx_word' id='word_1_275' title='bbox 445 2115 600 2155; x_wconf 88' lang='lat' dir='ltr'><strong>ducere,</strong></span> <span class='ocrx_word' id='word_1_276' title='bbox 640 2120 677 2149; x_wconf 90' lang='lat' dir='ltr'><strong>et</strong></span> <span class='ocrx_word' id='word_1_277' title='bbox 702 2121 892 2160; x_wconf 84' lang='lat' dir='ltr'><strong>conceptas</strong></span> <span class='ocrx_word' id='word_1_278' title='bbox 920 2117 1073 2150; x_wconf 86' lang='lat' dir='ltr'><strong>insidias</strong></span> <span class='ocrx_word' id='word_1_279' title='bbox 1101 2118 1366 2160; x_wconf 81' lang='lat' dir='ltr'><strong>parturientes,</strong></span> <span class='ocrx_word' id='word_1_280' title='bbox 1398 2118 1558 2151; x_wconf 79' lang='lat' dir='ltr'><strong>insanire</strong></span> <span class='ocrx_word' id='word_1_281' title='bbox 1591 2123 1628 2152; x_wconf 88' lang='lat' dir='ltr'><strong>et</strong></span> <span class='ocrx_word' id='word_1_282' title='bbox 1658 2120 1790 2154; x_wconf 79' lang='lat' dir='ltr'><strong>furere.</strong></span> 
     </span>
     <span class='ocr_line' id='line_1_32' title="bbox 347 2160 1792 2207; baseline 0.003 -12"><span class='ocrx_word' id='word_1_283' title='bbox 347 2160 487 2195; x_wconf 82' lang='lat' dir='ltr'><strong>Horum</strong></span> <span class='ocrx_word' id='word_1_284' title='bbox 507 2164 675 2206; x_wconf 87' lang='lat' dir='ltr'><strong>princeps</strong></span> <span class='ocrx_word' id='word_1_285' title='bbox 710 2168 788 2196; x_wconf 87' lang='lat' dir='ltr'><strong>erat</strong></span> <span class='ocrx_word' id='word_1_286' title='bbox 824 2162 998 2204; x_wconf 72' lang='lat' dir='ltr'><strong>Eriulqu,</strong></span> <span class='ocrx_word' id='word_1_287' title='bbox 1037 2163 1093 2196; x_wconf 86' lang='lat' dir='ltr'><strong>vir</strong></span> <span class='ocrx_word' id='word_1_288' title='bbox 1126 2164 1306 2207; x_wconf 80' lang='lat' dir='ltr'><strong>impotens</strong></span> <span class='ocrx_word' id='word_1_289' title='bbox 1343 2168 1380 2196; x_wconf 89' lang='lat' dir='ltr'><strong>et</strong></span> <span class='ocrx_word' id='word_1_290' title='bbox 1419 2164 1651 2198; x_wconf 84' lang='lat' dir='ltr'><strong>furibundus.</strong></span> <span class='ocrx_word' id='word_1_291' title='bbox 1699 2165 1792 2199; x_wconf 83' lang='lat' dir='ltr'><strong>Cum</strong></span> 
     </span>
     <span class='ocr_line' id='line_1_33' title="bbox 349 2209 1789 2255; baseline 0.005 -16"><span class='ocrx_word' id='word_1_292' title='bbox 349 2212 472 2240; x_wconf 79' lang='lat' dir='ltr'><strong>autem</strong></span> <span class='ocrx_word' id='word_1_293' title='bbox 507 2209 590 2241; x_wconf 87' lang='lat' dir='ltr'><strong>illos</strong></span> <span class='ocrx_word' id='word_1_294' title='bbox 630 2210 827 2253; x_wconf 85' lang='lat' dir='ltr'><strong>Imperator</strong></span> <span class='ocrx_word' id='word_1_295' title='bbox 882 2210 1046 2243; x_wconf 90' lang='lat' dir='ltr'><strong>convivio</strong></span> <span class='ocrx_word' id='word_1_296' title='bbox 1090 2210 1246 2244; x_wconf 81' lang='lat' dir='ltr'><strong>lautiore</strong></span> <span class='ocrx_word' id='word_1_297' title='bbox 1283 2211 1507 2255; x_wconf 80' lang='lat' dir='ltr'><strong>excepisset,</strong></span> <span class='ocrx_word' id='word_1_298' title='bbox 1545 2221 1671 2246; x_wconf 88' lang='lat' dir='ltr'><strong>verum</strong></span> <span class='ocrx_word' id='word_1_299' title='bbox 1710 2222 1789 2246; x_wconf 79' lang='lat' dir='ltr'><strong>esse</strong></span> 
     </span>
     <span class='ocr_line' id='line_1_34' title="bbox 348 2253 1790 2302; baseline 0.004 -16"><span class='ocrx_word' id='word_1_300' title='bbox 348 2253 445 2286; x_wconf 86' lang='lat' dir='ltr'><strong>illud</strong></span> <span class='ocrx_word' id='word_1_301' title='bbox 467 2255 657 2299; x_wconf 87' lang='lat' dir='ltr'><strong>antiquum</strong></span> <span class='ocrx_word' id='word_1_302' title='bbox 681 2255 913 2299; x_wconf 86' lang='lat' dir='ltr'><strong>proverbium</strong></span> <span class='ocrx_word' id='word_1_303' title='bbox 939 2256 1128 2302; x_wconf 89' lang='lat' dir='ltr'><strong>apparuit,</strong></span> <span class='ocrx_word' id='word_1_304' title='bbox 1156 2257 1195 2289; x_wconf 90' lang='lat' dir='ltr'><strong>in</strong></span> <span class='ocrx_word' id='word_1_305' title='bbox 1227 2257 1313 2290; x_wconf 87' lang='lat' dir='ltr'><strong>vino</strong></span> <span class='ocrx_word' id='word_1_306' title='bbox 1345 2258 1538 2291; x_wconf 88' lang='lat' dir='ltr'><strong>veritatem</strong></span> <span class='ocrx_word' id='word_1_307' title='bbox 1564 2268 1652 2292; x_wconf 79' lang='lat' dir='ltr'><strong>esse.</strong></span> <span class='ocrx_word' id='word_1_308' title='bbox 1699 2258 1790 2292; x_wconf 79' lang='lat' dir='ltr'><strong>Nam</strong></span> 
     </span>
    </p>

    <p class='ocr_par' dir='ltr' id='par_1_7' title="bbox 346 2300 1902 2627">
     <span class='ocr_line' id='line_1_35' title="bbox 349 2300 1790 2348; baseline 0.003 -15"><span class='ocrx_word' id='word_1_309' title='bbox 349 2300 427 2333; x_wconf 86' lang='lat' dir='ltr'><strong>eius</strong></span> <span class='ocrx_word' id='word_1_310' title='bbox 461 2311 531 2345; x_wconf 86' lang='lat' dir='ltr'><strong>ope</strong></span> <span class='ocrx_word' id='word_1_311' title='bbox 559 2301 599 2333; x_wconf 85' lang='lat' dir='ltr'><strong>in</strong></span> <span class='ocrx_word' id='word_1_312' title='bbox 632 2306 794 2345; x_wconf 85' lang='lat' dir='ltr'><strong>apertum</strong></span> <span class='ocrx_word' id='word_1_313' title='bbox 832 2303 953 2347; x_wconf 87' lang='lat' dir='ltr'><strong>erupit</strong></span> <span class='ocrx_word' id='word_1_314' title='bbox 983 2303 1125 2336; x_wconf 88' lang='lat' dir='ltr'><strong>seditio.</strong></span> <span class='ocrx_word' id='word_1_315' title='bbox 1174 2302 1334 2337; x_wconf 85' lang='lat' dir='ltr'><strong>Solvitur</strong></span> <span class='ocrx_word' id='word_1_316' title='bbox 1360 2304 1471 2348; x_wconf 88' lang='lat' dir='ltr'><strong>igitur</strong></span> <span class='ocrx_word' id='word_1_317' title='bbox 1496 2305 1699 2338; x_wconf 88' lang='lat' dir='ltr'><strong>convivium</strong></span> <span class='ocrx_word' id='word_1_318' title='bbox 1731 2305 1790 2338; x_wconf 88' lang='lat' dir='ltr'><strong>iu-</strong></span> 
     </span>
     <span class='ocr_line' id='line_1_36' title="bbox 349 2345 1788 2392; baseline 0.005 -15"><span class='ocrx_word' id='word_1_319' title='bbox 349 2345 509 2386; x_wconf 78' lang='lat' dir='ltr'><strong>condite,</strong></span> <span class='ocrx_word' id='word_1_320' title='bbox 553 2351 590 2379; x_wconf 90' lang='lat' dir='ltr'><strong>et</strong></span> <span class='ocrx_word' id='word_1_321' title='bbox 609 2357 735 2392; x_wconf 84' lang='lat' dir='ltr'><strong>magna</strong></span> <span class='ocrx_word' id='word_1_322' title='bbox 765 2359 844 2381; x_wconf 88' lang='lat' dir='ltr'><strong>cum</strong></span> <span class='ocrx_word' id='word_1_323' title='bbox 872 2349 1111 2383; x_wconf 86' lang='lat' dir='ltr'><strong>commotione</strong></span> <span class='ocrx_word' id='word_1_324' title='bbox 1137 2352 1174 2382; x_wconf 83' lang='lat' dir='ltr'><strong>et</strong></span> <span class='ocrx_word' id='word_1_325' title='bbox 1200 2350 1413 2384; x_wconf 80' lang='lat' dir='ltr'><strong>confusione</strong></span> <span class='ocrx_word' id='word_1_326' title='bbox 1451 2351 1621 2385; x_wconf 79' lang='lat' dir='ltr'><strong>convivae</strong></span> <span class='ocrx_word' id='word_1_327' title='bbox 1650 2351 1788 2384; x_wconf 79' lang='lat' dir='ltr'><strong>tumul-</strong></span> 
     </span>
     <span class='ocr_line' id='line_1_37' title="bbox 347 2392 1786 2441; baseline 0.004 -16"><span class='ocrx_word' id='word_1_328' title='bbox 347 2397 490 2426; x_wconf 78' lang='lat' dir='ltr'><strong>tuautes</strong></span> <span class='ocrx_word' id='word_1_329' title='bbox 535 2392 639 2426; x_wconf 45' lang='lat' dir='ltr'><strong>‘foras</strong></span> <span class='ocrx_word' id='word_1_330' title='bbox 689 2394 893 2437; x_wconf 87' lang='lat' dir='ltr'><strong>prosiliunt.</strong></span> <span class='ocrx_word' id='word_1_331' title='bbox 944 2396 990 2429; x_wconf 78' lang='lat' dir='ltr'><strong>At</strong></span> <span class='ocrx_word' id='word_1_332' title='bbox 1030 2395 1211 2436; x_wconf 83' lang='lat' dir='ltr'><strong>Fravitta,</strong></span> <span class='ocrx_word' id='word_1_333' title='bbox 1258 2407 1349 2441; x_wconf 85' lang='lat' dir='ltr'><strong>quae</strong></span> <span class='ocrx_word' id='word_1_334' title='bbox 1397 2403 1474 2431; x_wconf 90' lang='lat' dir='ltr'><strong>erat</strong></span> <span class='ocrx_word' id='word_1_335' title='bbox 1523 2399 1601 2431; x_wconf 82' lang='lat' dir='ltr'><strong>eius</strong></span> <span class='ocrx_word' id='word_1_336' title='bbox 1639 2397 1786 2431; x_wconf 72' lang='lat' dir='ltr'><strong>virtutis</strong></span> 
     </span>
     <span class='ocr_line' id='line_1_38' title="bbox 347 2438 1788 2487; baseline 0.006 -17"><span class='ocrx_word' id='word_1_337' title='bbox 347 2438 587 2482; x_wconf 85' lang='lat' dir='ltr'><strong>magnitudo,</strong></span> <span class='ocrx_word' id='word_1_338' title='bbox 626 2439 657 2471; x_wconf 88' lang='lat' dir='ltr'><strong>si</strong></span> <span class='ocrx_word' id='word_1_339' title='bbox 690 2441 811 2475; x_wconf 88' lang='lat' dir='ltr'><strong>statim</strong></span> <span class='ocrx_word' id='word_1_340' title='bbox 846 2441 1052 2486; x_wconf 84' lang='lat' dir='ltr'><strong>prosiliret,</strong></span> <span class='ocrx_word' id='word_1_341' title='bbox 1092 2441 1252 2487; x_wconf 84' lang='lat' dir='ltr'><strong>pulcrius</strong></span> <span class='ocrx_word' id='word_1_342' title='bbox 1287 2448 1324 2476; x_wconf 89' lang='lat' dir='ltr'><strong>et</strong></span> <span class='ocrx_word' id='word_1_343' title='bbox 1363 2442 1495 2477; x_wconf 78' lang='lat' dir='ltr'><strong>iustius</strong></span> <span class='ocrx_word' id='word_1_344' title='bbox 1535 2454 1573 2477; x_wconf 80' lang='lat' dir='ltr'><strong>se</strong></span> <span class='ocrx_word' id='word_1_345' title='bbox 1607 2443 1788 2478; x_wconf 82' lang='lat' dir='ltr'><strong>facturum</strong></span> 
     </span>
     <span class='ocr_line' id='line_1_39' title="bbox 350 2484 1787 2534; baseline 0.006 -18"><span class='ocrx_word' id='word_1_346' title='bbox 350 2484 576 2519; x_wconf 82' lang='lat' dir='ltr'><strong>existimavit.</strong></span> <span class='ocrx_word' id='word_1_347' title='bbox 624 2486 752 2531; x_wconf 78' lang='lat' dir='ltr'><strong>Itaque</strong></span> <span class='ocrx_word' id='word_1_348' title='bbox 786 2499 860 2520; x_wconf 91' lang='lat' dir='ltr'><strong>non</strong></span> <span class='ocrx_word' id='word_1_349' title='bbox 893 2493 1100 2532; x_wconf 79' lang='lat' dir='ltr'><strong>exspectato</strong></span> <span class='ocrx_word' id='word_1_350' title='bbox 1133 2488 1206 2521; x_wconf 85' lang='lat' dir='ltr'><strong>alio</strong></span> <span class='ocrx_word' id='word_1_351' title='bbox 1230 2494 1404 2534; x_wconf 87' lang='lat' dir='ltr'><strong>tempore,</strong></span> <span class='ocrx_word' id='word_1_352' title='bbox 1433 2500 1518 2524; x_wconf 80' lang='lat' dir='ltr'><strong>ense</strong></span> <span class='ocrx_word' id='word_1_353' title='bbox 1534 2490 1664 2525; x_wconf 86' lang='lat' dir='ltr'><strong>educto</strong></span> <span class='ocrx_word' id='word_1_354' title='bbox 1692 2490 1787 2524; x_wconf 75' lang='lat' dir='ltr'><strong>latus</strong></span> 
     </span>
     <span class='ocr_line' id='line_1_40' title="bbox 346 2529 1902 2581; baseline 0.005 -18"><span class='ocrx_word' id='word_1_355' title='bbox 346 2529 476 2564; x_wconf 85' lang='lat' dir='ltr'><strong>Eriulfi</strong></span> <span class='ocrx_word' id='word_1_356' title='bbox 509 2530 692 2566; x_wconf 85' lang='lat' dir='ltr'><strong>confodit:</strong></span> <span class='ocrx_word' id='word_1_357' title='bbox 741 2537 778 2564; x_wconf 90' lang='lat' dir='ltr'><strong>et</strong></span> <span class='ocrx_word' id='word_1_358' title='bbox 810 2533 873 2566; x_wconf 84' lang='lat' dir='ltr'><strong>ille</strong></span> <span class='ocrx_word' id='word_1_359' title='bbox 910 2535 1061 2581; x_wconf 87' lang='lat' dir='ltr'><strong>quidem</strong></span> <span class='ocrx_word' id='word_1_360' title='bbox 1093 2534 1284 2574; x_wconf 83' lang='lat' dir='ltr'><strong>occubuit,</strong></span> <span class='ocrx_word' id='word_1_361' title='bbox 1322 2547 1403 2570; x_wconf 89' lang='lat' dir='ltr'><strong>cum</strong></span> <span class='ocrx_word' id='word_1_362' title='bbox 1438 2541 1522 2570; x_wconf 77' lang='lat' dir='ltr'><strong>ante</strong></span> <span class='ocrx_word' id='word_1_363' title='bbox 1558 2538 1598 2572; x_wconf 84' lang='lat' dir='ltr'><strong>in</strong></span> <span class='ocrx_word' id='word_1_364' title='bbox 1636 2537 1786 2571; x_wconf 75' lang='lat' dir='ltr'><strong>somniis</strong></span> <span class='ocrx_word' id='word_1_365' title='bbox 1894 2541 1902 2580; x_wconf 66' lang='grc' dir='ltr'>ξ</span> 
     </span>
     <span class='ocr_line' id='line_1_41' title="bbox 349 2576 1902 2627; baseline 0.005 -16"><span class='ocrx_word' id='word_1_366' title='bbox 349 2576 543 2612; x_wconf 81' lang='lat' dir='ltr'><strong>violentam</strong></span> <span class='ocrx_word' id='word_1_367' title='bbox 577 2583 615 2612; x_wconf 90' lang='lat' dir='ltr'><strong>et</strong></span> <span class='ocrx_word' id='word_1_368' title='bbox 639 2579 812 2614; x_wconf 81' lang='lat' dir='ltr'><strong>iniustam</strong></span> <span class='ocrx_word' id='word_1_369' title='bbox 841 2582 1101 2626; x_wconf 83' lang='lat' dir='ltr'><strong>aggressionem</strong></span> <span class='ocrx_word' id='word_1_370' title='bbox 1131 2582 1380 2627; x_wconf 78' lang='lat' dir='ltr'><strong>praevidisset.</strong></span> <span class='ocrx_word' id='word_1_371' title='bbox 1405 2581 1424 2601; x_wconf 67' lang='lat'><strong>¹*</strong></span> <span class='ocrx_word' id='word_1_372' title='bbox 1450 2583 1468 2601; x_wconf 79' lang='lat'><strong>¹¹</strong></span> <span class='ocrx_word' id='word_1_373' title='bbox 1496 2582 1514 2599; x_wconf 75' lang='lat'><strong>*</strong></span> <span class='ocrx_word' id='word_1_374' title='bbox 1896 2582 1902 2625; x_wconf 62' lang='grc' dir='ltr'>ἰ</span> 
     </span>
    </p>
   </div>
  </div>
 </body>
</html>
