1838 3210
229 190 324 230 vm
777 184 1091 230 PRAEFATIO.

227 292 316 325 iecit
338 284 764 324 diversissimae'indolis
791 291 1047 324 annotationes
1082 290 1122 322 in
1160 287 1297 334 eclogas
1327 287 1372 322 de
1398 287 1662 334 legatIonibus:

233 358 457 393 admirandas
486 357 634 391 Henrici
656 357 818 399 valesii,
848 357 917 391 viri
941 367 1055 402 paene
1083 347 1296 402 singularis,
1333 360 1370 390 et
1391 356 1539 391 stolidas
1565 359 1661 393 can-

232 426 380 461 toclari:
408 432 484 460 tum
508 425 555 458 ad
580 436 621 458 ea
647 434 742 470 quae
766 436 810 458 ex
827 423 955 457 Photio
982 423 1160 468 descripta
1184 427 1287 466 sunt,
1323 434 1405 457 suas
1431 424 1545 469 ipsius
1568 437 1667 459 com-

232 495 494 536 mentationes3
517 493 731 538 prolixiores
757 491 837 524 illas
851 491 997 537 quidem
1022 502 1131 538 quam
1153 492 1239 525 satis
1265 496 1370 533 esset,
1395 491 1460 525 sed
1473 492 1666 527 admodum

233 563 344 596 utiles
370 567 407 595 et
430 561 548 595 bonae
571 560 682 605 frugis
706 560 832 605 plenas
852 573 861 593 :
886 561 1074 594 universae
1099 566 1219 596 autem
1242 561 1448 595 collectioni
1474 560 1669 606 praemisit,

236 630 336 678 quod
374 630 629 676 Protrepticon
663 629 871 673 inscripsit,
911 628 1016 663 valde
1052 629 1263 663 festinatum
1305 629 1539 675 opusculum3
1576 639 1669 675 quo,

234 703 380 745 praeter
395 701 624 743 conspectum
644 695 777 740 operis,
800 695 844 730 de
864 707 936 742 quo
961 697 1126 741 superius
1141 697 1363 730 mentionem
1386 697 1470 738 feci,
1493 697 1672 742 catalogus

234 767 507 812 Imperatorum,
519 763 872 809 patriarcharumque
886 764 1110 808 continetur3
1136 763 1260 798 addito
1275 765 1396 799 indice
1413 766 1459 800 ad
1469 765 1672 800 litterarum

236 835 401 870 orzlinem
427 834 602 882 disposito
621 858 632 874 ‚
659 843 736 879 quo
761 834 882 866 cuncti
903 838 1157 867 enumerantur
1179 845 1331 880 quorum
1358 833 1406 868 ad
1439 834 1533 868 hanc
1554 833 1673 868 histo·-

238 904 314 939 riae
337 907 479 948 partem
505 901 704 947 spectantia
728 903 883 947 scripta,
909 907 972 935 aut
995 903 1121 936 saltem
1136 913 1260 936 eorum
1272 903 1446 937 memoria
1470 902 1644 937 exstabat.

330 972 404 1016 Ego
428 981 512 1006 vero
525 995 535 1011 ,
561 981 671 1016 quum
696 971 735 1004 in
761 981 804 1003 eo
828 981 884 1004 res
913 975 1007 1004 esset
1041 976 1083 1005 ut
1109 970 1223 1004 editio
1248 971 1447 1005 Bonnensis
1474 971 1611 1017 eclogas
1626 971 1671 1005 de

239 1038 483 1085 legationibus
510 1038 718 1080 exhiberet,
750 1039 931 1084 quomodo
962 1039 1001 1072 in
1039 1040 1188 1081 ceteris,
1213 1051 1303 1084 quae
1335 1039 1502 1081 Labbeus
1533 1039 1579 1074 iis
1611 1040 1677 1074 ad·

239 1108 384 1148 iunxit,
406 1116 568 1141 versarer
603 1117 678 1140 non
705 1116 833 1150 parum
856 1105 1043 1140 haesitavi.
1092 1106 1219 1153 Neque
1252 1108 1349 1141 enim
1378 1109 1563 1142 immemor
1596 1119 1688 1156 sum·

239 1176 516 1221 promissionis,
552 1186 625 1220 qua
662 1174 839 1209 Weberus
874 1184 952 1208 sese
987 1172 1203 1209 obstrinxit:
1242 1176 1338 1210 nihil
1357 1162 1503 1221 prorsus
1528 1188 1572 1211 ex
1594 1176 1676 1218 his,

240 1255 335 1290 quae
363 1246 404 1278 in
437 1243 599 1277 editione
623 1243 782 1276 Parisina
807 1243 1063 1284 continentur,
1093 1244 1264 1277 omissum
1291 1244 1364 1279 iri:
1398 1264 1440 1270 —-
1465 1244 1564 1291 quod
1591 1245 1677 1292 qui-

241 1313 322 1348 dem
347 1312 498 1347 minime
523 1310 711 1353 obstabat,
735 1322 781 1345 ne
805 1310 978 1355 Hesychii
1001 1313 1213 1356 opusculum
1238 1312 1392 1358 aptiori,
1430 1314 1504 1346 imo
1528 1314 1675 1359 proprio

241 1393 330 1422 suo,
354 1381 433 1414 loco
458 1384 719 1424 reservaretur3
748 1373 789 1413 ac
814 1390 860 1414 ne
890 1380 1100 1414 omittendis
1130 1380 1277 1426 quidem
1302 1383 1478 1426 excerptis
1496 1392 1540 1415 ex
1555 1381 1679 1416 Theo-

237 1449 433 1496 phylacto‚
468 1459 618 1494 quarum
650 1448 752 1481 nulla
788 1450 936 1482 omnino
970 1449 1110 1483 utilitas
1145 1454 1216 1490 est,
1251 1450 1324 1483 nisi
1359 1454 1402 1483 ut
1430 1449 1516 1484 inde
1554 1451 1677 1484 variae

240 1518 416 1553 lectiones
442 1516 488 1550 ad
522 1511 631 1550 crisin
656 1518 787 1563 integri
819 1519 936 1562 operis
974 1523 1156 1562 petantur.
1204 1507 1259 1552 De
1284 1519 1434 1565 reliquis
1465 1520 1505 1551 in
1543 1525 1681 1553 utram-

243 1598 316 1634 que
339 1593 479 1632 partem
507 1586 683 1631 disputari
707 1592 862 1631 poterat.
908 1585 1079 1621 Attamen
1107 1589 1147 1621 in
1180 1587 1291 1622 Suida
1322 1588 1572 1633 perlustrando
1605 1589 1681 1623 sive

243 1655 414 1690 Labbeus
441 1657 514 1691 sive
542 1655 655 1697 alius,
689 1655 747 1688 cui
771 1654 868 1688 hunc
901 1655 1063 1689 laborem
1088 1655 1336 1696 demandavit,
1372 1656 1680 1701 negligentissime

244 1731 405 1759 versatus
433 1730 510 1768 est3
538 1729 590 1766 ut,
613 1724 644 1756 si
671 1734 794 1757 revera
821 1734 914 1769 quae
940 1723 994 1756 ibi
1010 1724 1054 1757 ad
1069 1723 1257 1757 historiam
1276 1724 1507 1768 Byzantinam
1521 1726 1681 1771 reposita

244 1797 388 1826 exstant
411 1793 562 1827 collecta
586 1791 672 1826 dare
699 1791 788 1827 velis
805 1816 816 1833 ,
844 1790 947 1824 labor
971 1790 1198 1825 adhibendus
1223 1797 1336 1834 esset,
1353 1792 1412 1826 cui
1439 1793 1682 1838 impertiendo

245 1861 317 1896 hoc
339 1860 486 1908 quidem
511 1866 672 1905 tempore
707 1871 827 1906 neque
862 1859 954 1893 mihi
979 1860 1094 1893 otium
1121 1864 1175 1893 est
1194 1870 1312 1905 neque
1335 1860 1481 1901 amicis,
1516 1861 1581 1907 qui
1602 1871 1683 1894 mea

247 1940 356 1963 causa
387 1930 495 1962 etiam
525 1930 705 1974 ingratum
737 1929 918 1973 suscipere
957 1930 1075 1973 parati
1106 1933 1199 1961 sunt.
1247 1929 1300 1962 Ex
1342 1928 1400 1962 his
1434 1933 1551 1962 autem
1588 1940 1682 1975 quae

247 1997 346 2043 apud
372 1997 561 2031 Labbeum
586 1997 738 2031 collecta
765 1997 954 2041 leguntur,
974 2008 1048 2030 non
1071 2007 1185 2041 pauca
1209 1996 1256 2030 ad
1273 1997 1549 2031 ecclesiasticam
1566 1997 1683 2031 histo-

247 2067 340 2100 riam
377 2066 583 2111 pertinent:
617 2076 636 2098 e
668 2065 819 2110 reliquis
853 2075 1093 2110 quaecunque
1124 2065 1269 2097 maioris
1303 2065 1476 2098 momenti
1511 2070 1596 2099 sunt
1619 2071 1684 2100 aut

249 2133 385 2167 diserte
413 2133 478 2167 sub
502 2133 656 2166 alicuius
679 2143 699 2165 e
717 2132 870 2174 Seviris,
894 2144 1046 2179 quorum
1066 2133 1238 2179 reliquias
1260 2134 1494 2166 cummaxime
1518 2134 1682 2176 edimus,

249 2202 398 2236 nomine
424 2203 638 2242 afferuntur,
678 2207 743 2235 aut
767 2201 812 2234 ad
834 2213 944 2234 unum
969 2213 1013 2234 ex
1037 2202 1081 2234 iis
1105 2202 1173 2235 iam
1199 2201 1283 2241 diu,
1319 2202 1532 2245 praesertim
1548 2204 1684 2237 Valesii

251 2269 438 2311 acumine,
476 2269 589 2302 relata
619 2273 721 2301 sunt:
759 2274 877 2302 cetera
913 2270 1007 2303 levia
1042 2268 1118 2303 fere
1148 2268 1317 2303 videntur
1353 2280 1393 2302 ac
1425 2271 1526 2315 parvi
1562 2273 1682 2317 pretii.

252 2336 358 2383 Quae
383 2348 494 2383 quum
520 2337 571 2370 ita
594 2337 678 2378 sint,
708 2336 784 2377 illa,
808 2348 960 2382 quorum
983 2337 1099 2382 primo
1125 2337 1205 2371 loeo
1230 2339 1452 2373 mentionem
1473 2339 1557 2380 feci,
1580 2350 1685 2384 pror-

240 2417 312 2440 ·sus
349 2406 535 2446 omittam,
569 2416 640 2446 ne,
677 2404 762 2438 dum
795 2404 982 2438 historiam
1014 2405 1291 2439 ecclesiasticam
1333 2407 1499 2452 attingo,
1532 2408 1572 2440 in
1610 2409 1683 2442 im'·

250 2483 417 2508 mensum
444 2477 626 2507 excrescat
652 2483 741 2517 opus
768 2474 840 2505 iam
861 2483 926 2516 per
949 2483 986 2506 se
1011 2473 1118 2507 nimis
1141 2474 1318 2518 amplum:
1343 2491 1390 2499 --
1413 2486 1455 2508 ea
1476 2484 1560 2509 vero
1589 2486 1683 2521 quae

254 2540 403 2575 suidam
419 2551 463 2574 ex
477 2542 558 2574 aliis
575 2540 952 2575 Constantinianarum
967 2543 1167 2587 eclogarum
1180 2542 1300 2576 titulis
1320 2544 1510 2588 sumpsisse
1524 2551 1687 2589 apparet,

252 2621 361 2654 saepe
387 2609 652 2651 emendatiora,
685 2609 835 2643 adiectis
861 2620 935 2643 non
963 2610 1053 2643 adeo
1082 2611 1208 2655 paucis
1233 2610 1391 2643 eiusdem
1417 2613 1570 2656 generis,
1596 2612 1684 2645 sub-

253 2678 359 2711 iunxi
391 2677 556 2727 reliquiis
595 2678 879 2723 uniuscuiusque
904 2678 1109 2722 scriptoris:
1145 2662 1388 2712 cetera'nunc
1428 2661 1576 2724 quidem
1607 2690 1684 2715 non

255 2744 423 2787 exhibeo,
449 2757 523 2789 non
548 2751 669 2780 tamen
695 2751 736 2782 ut
757 2746 822 2780 illa
845 2747 883 2780 in
906 2751 1122 2792 perpetuum
1146 2746 1351 2791 excludam,
1375 2747 1439 2782 sed
1465 2758 1508 2783 eo
1533 2749 1686 2783 consilio
