1924 3164
609 198 643 238 E
683 196 854 239 musci
890 193 1163 238 HisTomA.
1483 193 1503 229 1
1515 172 1589 231 85

148 295 265 356 ἥλιος
291 295 366 354 ἧν.
407 301 726 355 ἐπιμεληθέντες
771 299 817 340 δὲ
846 297 920 339 καί
951 299 1037 339 τῶν
1063 298 1200 338 ἵππων
1225 296 1300 338 καὶ
1326 297 1410 338 τῶν
1438 296 1695 338 λοιπῶνΑζσ.
1712 295 1784 347 448

148 364 388 420 ὑποζυγίων
415 365 532 421 παρὰ
560 363 637 420 τὴν
664 363 864 417 βασιλίδα
893 362 1164 419 ἀφικόμεθα,
1193 361 1267 404 καὶ
1294 361 1430 418 αἰἶτὴν
1457 348 1788 442 ἀσπα-,ῙΙῖζέἐὼῄ

146 433 321 485 σάμενοι
348 431 423 473 καί
462 429 615 486 δώροις
643 427 948 483 α’μειψάμενοι,
977 431 1098 485 τρισί
1119 444 1162 470 τε
1190 430 1392 485 οἷργυραΐς
1419 425 1597 484 φιάλαις

150 499 225 538 καί
252 499 452 552 ἐρυθροῖς
490 498 672 552 δέρμασι
711 497 785 537 καί
809 498 865 551 τῷ
895 496 938 545 ἐξ
959 495 1110 543 Ἰνδιόις
1130 497 1299 550 πεπέρει
1317 495 1389 536 καὶ
1413 495 1471 550 τῷ
1498 509 1602 549 καρ-

122 560 214 620 5πῷ
241 564 323 604 τῶν
350 561 551 619 φοινίκων
591 560 665 603 καί
701 560 857 616 ἑτέροις
892 559 1135 616 τραγήμασι
1183 558 1255 602 διά
1281 557 1327 602 τὸ
1355 559 1415 615 μὴ
1445 561 1603 613 ἐπιχω-

150 627 313 682 ριάζειν
349 633 436 676 τοῖς
473 624 707 683 βαρβάροις
755 621 853 668 οὖσι
891 626 1073 679 τιμίοις,
1114 626 1334 679 ὖπέξιμεν,
1383 625 1603 678 εὖξάμενοι

149 693 260 749 αὐτῇ
288 692 430 747 ἀγαθὰ
458 694 535 746 τῆς
561 694 697 743 ’ξενίας
725 693 852 748 πέρι.
906 692 1075 747 ἡμερῶν
1107 693 1154 734 δὲ
1185 690 1215 743 ζ’
1246 690 1346 734 ὁδὸν
1374 688 1605 740 οἷνύσαντες-
1649 700 1651 702 ’

147 759 193 800 ἐν
218 758 339 815 κώμῃ
367 756 453 800 τινί
477 758 767 811 ἐπεμείναμεν,
795 761 878 800 τῶν
905 756 1186 812 ξεναγούντων
1231 757 1601 812 παρακελευσαμέ-

146 840 231 866 νων
261 826 462 878 Σκυθῶν,
493 818 559 866 οἶα
589 821 639 878 δὴ
667 826 742 866 τοῦ
762 821 949 879 Ἀττήλα
984 825 1027 872 ἐς
1056 821 1188 879 αὕτὴν
1215 824 1499 876 ἐμβαλοῦντος
1522 821 1601 877 τὴν

75 887 249 936 Διοὸδόν
285 891 360 930 καὶ
385 890 505 945 ἡμῶν
541 888 719 932 κατόπιν
747 890 878 932 αὐτοῦ
915 887 1177 945 πορεύεσθαι
1205 885 1477 945 ὄφειλόντων.
1532 886 1602 930 ἕν·-

147 958 208 997 &a
249 954 300 1010 δὴ
331 953 665 1009 ἐνετυγχάνομεν
698 953 880 1011 ἀνδράσι
917 958 1000 997 τῶν
1027 952 1232 1008 ἑσπερίων
1268 955 1488 1008 Ῥωμαίων
1527 952 1608 995 καὶ

148 1021 296 1069 αύτοῖς
309 1019 424 1075 παρὰ
440 1019 513 1063 τὸν
524 1019 730 1076 Ἀττὴλαν
743 1024 1102 1076 πρεσβευομένοις·
1121 1014 1180 1063 ὧν
1189 1021 1402 1074 Ῥωμύλος
1416 1014 1480 1075 ἦν,
1490 1017 1598 1075 α’νῆρ

146 1088 199 1142 τῇ
220 1086 296 1128 τοῦ
321 1084 501 1141 κόμητος
520 1085 616 1144 οἶξίᾳ
632 1089 911 1142 τετιμημένος,
940 1087 1014 1128 καὶ
1024 1088 1273 1143 Πριμοῧτος
1299 1087 1371 1141 τῆς
1389 1084 1691 1140 ΝωρῶιωνΡ.57

149 1147 297 1208 ἅρχων
320 1151 490 1207 χώρας,
516 1152 590 1194 καὶ
609 1150 834 1205 εΡωμανὸς
861 1154 1163 1207 στρατιωτικοῦ
1180 1151 1387 1205 τάγματος
1410 1147 1615 1205 ἡγεμών..

102 1219 279 1272 ῐ--5συνῆν
309 1219 355 1259 δὲ
377 1220 519 1267 αὐτοῖς
534 1217 836 1271 Κωνστάντιος,
866 1215 914 1260 ὃν
932 1215 1182 1260 α’πεστάλκει
1202 1213 1365 1264 Ἀέτιος
1381 1213 1498 1271 παρὰ
1526 1213 1602 1257 τὸν

142 1273 348 1338 Ἀττήλαν
375 1280 652 1339 ὖπογραφέως
667 1282 820 1339 χάριν,
837 1285 911 1325 καί
936 1286 1149 1331 Τατοῦλος
1194 1279 1217 1322 ὅ
1239 1277 1436 1335 Ὀρέστου
1458 1282 1599 1337 πατήρ

145 1351 225 1390 τοῦ
250 1346 355 1400 μετὰ
380 1348 622 1401 Ἐδέκωνος,
661 1349 711 1390 οὕ
744 1350 819 1403 τῆς
845 1350 1072 1404 πρεσβείας
1097 1348 1232 1400 ἕνεκα,
1263 1344 1368 1388 οἶλλοὶ
1398 1345 1602 1401 οἰκειότη-

145 1429 216 1462 τος
237 1412 369 1469 χάριν
397 1409 487 1466 ἅμα
515 1414 664 1469 σφίσιν
692 1415 836 1464 αύτοϊς
875 1411 954 1468 τὴν
977 1415 1151 1468 πορείαν
1178 1410 1442 1465 ποιούμενοι,
1473 1414 1602 1454 Κων-

146 1480 335 1528 στάντιος
363 1480 442 1533 μὲν
481 1478 552 1521 διὰ
593 1477 673 1535 τὴν
709 1481 755 1521 ἐν
781 1485 875 1528 ταῖς
908 1475 1109 1528 Ἰταλίαις
1135 1477 1466 1534 προϋπάρξασαν
1493 1475 1601 1533 πρὸς

96 1542 251 1594 ςιοτοὺς
291 1539 449 1600 ἄνδρας
483 1546 664 1599 γνῶσιν,
710 1547 921 1594 Τατοῦλος
949 1546 995 1586 δὲ
1040 1542 1111 1586 διά
1141 1545 1408 1598 συγγένειαν.
1463 1541 1485 1584 ὅ
1514 1540 1600 1598 γάρ

149 1606 288 1652 αὐτοῦ
328 1615 428 1659 παῖς
450 1606 644 1665 Ὀρέστης
677 1608 903 1662 (Ρωμύλου
942 1611 1158 1665 θυγατέρα
1193 1606 1463 1664 ἐγεγαμήκει,
1510 1605 1596 1656 οἷπὸ
1638 1648 1645 1650 ἡ

146 1675 428 1730 Παταβίωνος
468 1677 543 1731 τῆς
585 1678 631 1719 ἐν
658 1677 838 1734 Νωρίκῳ
880 1675 1040 1725 πόλεως
1082 1705 1258 1722 .....
1297 1671 1596 1731 ἐπρεσβεύοντο

240 1757 273 1793 5.
310 1754 528 1800 τραγήμασι
564 1756 621 1797 Η.,
657 1753 877 1801 τρυγήμασι
906 1755 1000 1799 vulg.
1121 1767 1172 1789 ιι.
1200 1752 1506 1800 ἐνετυγχάνομεν
1533 1753 1599 1794 Η..
1658 1754 1662 1758 ’

239 1799 484 1846 τυγχάνομεν
510 1803 606 1846 vulg.
706 1803 756 1836 13.
783 1804 1037 1847 Πριμοῠτος,
1061 1802 1123 1848 qui
1148 1801 1245 1835 infra
1281 1812 1316 1845 p.
1347 1803 1436 1845 198„
1457 1800 1521 1833 lin.
1544 1812 1555 1834 ι
1587 1824 1596 1832 .

248 1849 486 1893 Προμοῦτος
516 1847 732 1891 appellatur.
793 1848 907 1893 *Paulo
931 1849 1088 1890 rectius,
1117 1853 1234 1894 puto:
1258 1858 1304 1881 sc.
1330 1848 1533 1882 Promotus.
1550 1811 1594 1878 1⁸3.

253 1905 303 1938 ¹9·
330 1892 400 1936 τὴν
431 1894 474 1929 ἐν
498 1893 580 1927 add.
605 1893 648 1926 N.

149 1963 352 2008 argenteis,
384 1963 582 1997 velleribus
618 1961 759 2003 rubris,
792 1963 920 2008 pipere
945 1961 1093 2003 Indico,
1123 1961 1294 2006 palmulis
1328 1964 1366 1994 et
1396 1960 1504 1995 variis
1529 1971 1594 1993 cu-

146 2009 288 2055 pediis,
313 2021 407 2056 quae
438 2011 559 2043 omnia
585 2020 605 2042 a
637 2009 818 2049 barbaris,
845 2014 886 2041 ut
913 2009 1045 2052 ignota,
1076 2009 1197 2053 magni
1221 2008 1468 2040 aestimantur.
1516 2006 1595 2041 Nec

150 2057 265 2089 multo
291 2060 374 2100 post
409 2056 529 2089 omnia
566 2054 682 2088 fausta
707 2055 903 2100 feliciaque
932 2055 1005 2087 illis
1040 2054 1300 2100 hospitalitatis
1326 2065 1409 2098 ergo
1433 2053 1593 2099 precati,

149 2102 390 2136 discessimus.
440 2103 584 2147 Septem
611 2102 752 2137 dierum
781 2101 912 2134 itinere
942 2112 1112 2141 emenso,
1138 2100 1291 2144 Scythae
1307 2125 1317 2140 ,
1343 2100 1408 2145 qui
1429 2111 1496 2134 nos
1521 2100 1593 2133 du·-

150 2148 284 2182 cebant
299 2174 308 2189 ‚
332 2150 370 2182 in
395 2149 552 2195 quodam
576 2150 656 2182 vico
678 2160 744 2182 nos
771 2149 966 2181 consistere
991 2150 1196 2187 iusserunt,
1221 2147 1307 2192 quia
1330 2151 1415 2190 post
1425 2147 1588 2187 Attilam,

151 2195 214 2239 qui
239 2195 307 2228 hac
331 2197 388 2229 via
412 2195 725 2240 proficisceretur,
761 2195 830 2227 iter
854 2194 960 2226 nobis
985 2194 1191 2227 faciendum
1216 2198 1318 2227 esset.
1368 2193 1437 2226 Hic
1459 2192 1588 2226 obvios

149 2240 344 2275 habuimus
369 2243 506 2288 legatos
529 2253 549 2275 a
575 2242 743 2275 Romanis
769 2239 1079 2281 occidentalibus,
1118 2241 1226 2274 etiam
1256 2239 1302 2272 ad
1326 2238 1476 2272 Attilam
1498 2239 1590 2272 mis—

150 2299 218 2321 sos.
270 2288 379 2321 Erant
417 2295 536 2322 autem
570 2287 757 2333 praecipui
801 2286 972 2320 Romulus
997 2286 1148 2320 Comitis
1173 2287 1350 2329 dignitate
1375 2285 1588 2326 decoratus,

153 2338 192 2366 et
214 2333 413 2376 Primutus,
439 2335 594 2368 Noricae
620 2335 776 2379 regionis
802 2333 1025 2377 praefectus,
1051 2339 1089 2366 et
1111 2334 1310 2373 Romanus,
1334 2332 1503 2365 militaris
1531 2344 1591 2366 or-

153 2380 250 2413 dinis
274 2380 411 2414 ductor.
461 2381 524 2414 His
550 2381 675 2415 aderat
700 2379 952 2419 Constantius,
987 2390 1096 2424 quem
1121 2379 1250 2412 Actius
1274 2378 1322 2411 ad
1344 2379 1514 2420 Attilam,
1547 2384 1591 2412 ut

152 2426 211 2461 illi
233 2427 272 2466 in
295 2428 565 2462 conscribendis
591 2427 754 2472 epistolis
780 2426 998 2467 deserviret,
1023 2427 1193 2467 miserat,
1220 2430 1257 2458 et
1282 2425 1473 2466 Tatullus,
1499 2425 1594 2458 Ore-

153 2473 218 2506 stis
245 2474 344 2515 eius,
370 2475 435 2519 qui
460 2486 541 2508 cum
566 2474 734 2507 Edecone
759 2478 855 2513 erat,
883 2478 1005 2516 pater,
1039 2484 1115 2506 non
1138 2472 1331 2516 legationis
1368 2482 1494 2511 causa,
1526 2470 1594 2504 sed

151 2519 285 2564 privati
310 2520 423 2553 officii
448 2527 486 2554 et
508 2520 768 2554 familiaritatis
798 2530 891 2564 ergo.
921 2518 1133 2552 Constantio
1153 2519 1301 2552 enimin
1319 2518 1441 2551 *Italiis
1470 2517 1594 2561 agenti

151 2577 302 2609 magnus
337 2578 417 2599 cum
453 2567 528 2600 illis
559 2579 644 2600 usus
682 2567 961 2599 intercesserat:
1003 2565 1191 2598 Tatullum
1223 2564 1376 2598 affinitas
1411 2563 1591 2597 movebat.

154 2612 301 2645 Orestes
329 2612 437 2653 enim,
462 2616 540 2648 eius
566 2614 673 2652 filius,
697 2611 838 2645 Romuli
866 2611 976 2644 filiam
1002 2621 1021 2643 e
1045 2612 1260 2651 Patavione,
1280 2611 1405 2644 Norici
1432 2611 1594 2647 civitate,

153 2668 305 2691 uxorem
329 2657 490 2693 duxerat.
538 2660 661 2705 Legati
685 2663 804 2691 autem
830 2657 1046 2698 veniebant,
1071 2663 1112 2691 ut
1135 2657 1284 2691 Attilam
1309 2657 1490 2695 lenirent,
1526 2657 1593 2700 qui

153 2703 226 2737 sibi
253 2703 469 2746 Sylvanum,
496 2706 610 2739 Armii
637 2715 781 2738 mensae
806 2704 935 2737 Romae
961 2704 1201 2748 praefectum,
1235 2703 1331 2738 tradi
1364 2702 1588 2748 postulabat,

153 2755 347 2796 propterea
373 2751 472 2796 quod
497 2758 640 2798 pateras
667 2762 792 2785 aureas
819 2763 839 2784 a
854 2749 1065 2785 Constantio
1090 2750 1247 2797 quodam
1272 2754 1467 2794 acceperat.
1518 2748 1594 2786 fflo
