1924 3164
405 182 461 223 m
497 178 777 223 ExcERPTA
815 180 886 222 DE
922 179 1331 222 LEGATmNmth.
1471 159 1582 230 545

140 279 222 320 lat:
246 278 421 320 alterum
440 295 538 320 vero
573 277 649 320 τὸν
678 277 943 334 Βαλαμήρου
974 280 1074 321 solet
1105 282 1327 320 nominare.
1383 280 1493 321 Haec
1519 294 1587 321 au-

138 342 220 374 tem
240 343 349 388 gesta
374 336 562 376 videntur
590 336 784 375 Severino
816 343 855 374 et
883 333 1104 376 Trocundo
1133 336 1262 387 Coss.,
1290 349 1396 374 anno
1417 336 1585 376 ·Natalis

137 390 341 430 Dominici
371 390 468 440 [482.
484 420 496 441 ‚
550 404 633 444 quo
672 404 778 428 anno
817 390 923 428 idem
960 391 1235 430 Theodericus
1253 419 1266 442 ,
1297 391 1445 430 Triarii
1462 391 1584 440 filius,

139 445 309 484 interiit.
365 447 623 498 Quamquam
658 443 916 484 Marcellinus
953 447 997 484 in
1028 445 1227 485 Chronico
1267 453 1438 485 mortem
1477 445 1588 486 illius

137 499 295 538 confert
321 501 362 538 in
386 514 541 538 annum
562 499 881 553 praecedentem.

247 554 378 594 Porro
413 555 634 608 fragmenta
668 567 715 593 ex
755 554 924 593 historia
957 552 1107 593 Malchi
1140 562 1299 608 praeter
1333 555 1449 606 haec,
1482 568 1588 610 quae

141 611 327 660 superius
361 609 536 649 indicavi
558 638 570 659 ,
591 616 747 648 exstant
768 623 791 647 a
820 609 876 648 ud
905 609 1071 647 Suidam
1106 610 1149 647 in
1185 621 1228 649 v.
1271 607 1477 661 α’μοιβαάι
1493 639 1505 661 ,
1546 617 1588 649 et

140 664 182 701 in
213 658 497 717 ν.Ἔρύθριος,
530 671 570 703 et
592 665 634 702 in
667 677 708 703 v.
741 665 890 715 Ζηνων
911 693 923 715 ,
952 671 992 703 et
1022 664 1064 702 in
1089 663 1400 719 Παμπρέπιος,
1424 666 1518 710 etin
1545 679 1590 706 v·

135 714 348 769 σύνταξις,
382 725 423 758 et
453 720 496 758 in
517 732 560 758 v.
584 714 822 770 ὑπολαβών.

387 874 486 925 EX
534 874 891 925 HISTORIA
929 873 1337 926 MENANDRI.

249 984 354 1040 Pag.
381 986 470 1025 132.
489 985 543 1024 A.
573 985 689 1040 [344⁷
717 981 772 1039 1.]
805 980 871 1024 ὅτι
888 983 1051 1039 ἐπειδὴ.
1105 987 1213 1026 Hinc
1241 988 1418 1041 incipere
1443 984 1593 1030 debent

137 1037 338 1094 Excerpta
379 1041 625 1094 legationum
669 1055 691 1080 e
718 1041 932 1080 Menandri
961 1042 1207 1081 Protectoris
1247 1039 1430 1082 historia.
1485 1045 1594 1084 Nam·

135 1110 231 1134 cum
264 1097 487 1136 Menander
515 1096 722 1134 historiam
747 1095 945 1149 Agathiae
973 1097 1291 1147 continuaverit,
1350 1105 1397 1136 ut
1424 1099 1593 1151 ipsemet

136 1157 308 1191 testatur
339 1152 379 1190 in
416 1152 619 1204 prooemio
657 1150 849 1190 historiae
879 1165 974 1190 suae
1010 1150 1118 1204 apud
1151 1152 1345 1203 Suidam,
1373 1154 1417 1191 in
1458 1155 1592 1205 primo

140 1208 275 1258 operis
303 1205 409 1245 libro
446 1220 509 1245 res
550 1211 678 1259 gestas
706 1206 917 1245 Iustiniani
971 1219 1098 1259 usque
1148 1207 1200 1246 ad
1229 1208 1314 1245 eius
1342 1207 1500 1246 obitum
1524 1222 1592 1247 re-

138 1260 279 1299 tulerit
319 1275 476 1305 necesse
516 1268 576 1300 est
592 1289 604 1311 ‚
652 1274 812 1300 exorsus
839 1258 892 1299 ab
931 1272 1036 1299 anno
1068 1261 1136 1300 53.
1163 1261 1342 1300 eiusdem
1365 1262 1595 1303 Iustiniani.

135 1313 299 1354 Etenim
334 1315 525 1369 Agathias
553 1317 595 1354 in
633 1316 699 1354 32.
721 1315 828 1354 illius
856 1329 962 1354 anno
991 1315 1188 1366 desierat,
1217 1316 1259 1354 in
1286 1317 1456 1356 victoria
1484 1317 1593 1356 scili-

137 1377 202 1408 cet
229 1369 407 1410 Belisarii
437 1369 489 1409 de
516 1368 747 1423 Zabergane
786 1377 826 1409 et
867 1370 1104 1423 Cutriguris.
1163 1368 1298 1421 Quam
1340 1371 1505 1426 quidem
1543 1386 1592 1411 eo

137 1438 246 1463 anno
275 1427 484 1478 contigisse
511 1432 711 1464 testantur
740 1424 1007 1478 Theophanes
1036 1439 1081 1464 ac
1103 1425 1308 1464 Cedrenus
1324 1456 1336 1476 ,
1364 1434 1407 1466 et
1434 1427 1594 1466 Auctor

137 1479 327 1519 historiae
361 1479 578 1519 Miscellae.
644 1479 751 1519 Male
788 1493 881 1533 ergo
910 1480 1052 1518 Victor
1090 1479 1349 1520 Tununensis
1389 1481 1430 1519 id
1469 1482 1593 1520 refert

137 1548 244 1573 anno
278 1533 344 1575 35.
380 1536 636 1588 Imperatoris
663 1535 889 1586 Iustiniani,
921 1541 1011 1588 post
1038 1534 1290 1573 consulatum
1317 1536 1452 1575 Basilii
1481 1550 1593 1575 anno

138 1601 222 1640 20.;
251 1593 322 1642 qui
349 1597 389 1629 et
417 1591 458 1629 in
487 1604 534 1628 eo
562 1589 731 1641 fallitur,
759 1590 869 1643 quod
900 1604 966 1629 eos
986 1590 1156 1628 Hunnos
1181 1589 1372 1640 Bulgaros
1401 1591 1592 1644 appellat.

138 1644 319 1684 Sclavini
349 1645 390 1683 in
418 1645 584 1684 historia
611 1642 790 1684 Miscella
819 1645 1011 1683 dicuntur
1038 1645 1180 1684 maiori
1207 1644 1341 1684 adhuc
1369 1658 1520 1685 errore.

245 1700 350 1751 Pag.
369 1701 458 1739 153.
486 1698 540 1738 A.
569 1698 687 1753 [3412
717 1698 799 1753 17.]
830 1693 1129 1750 ὁ’τι”Λμμιγος.
1184 1699 1262 1738 Hic
1289 1699 1487 1753 Amingus
1514 1699 1578 1739 din

136 1753 242 1792 citur
259 1768 282 1793 a
302 1753 431 1792 Paulo
457 1753 530 1792 lib.
550 1768 589 1792 2.
614 1753 805 1793 historiae
825 1753 1184 1807 Longobardorum
1202 1767 1214 1792 ε
1272 1753 1466 1807 Amingus
1480 1768 1581 1794 vero

136 1808 233 1847 dum
266 1806 336 1847 W
331 1808 456 1857 ι’άὶηο,
478 1808 692 1847 Gothorum
721 1809 878 1859 Comici,
907 1817 1043 1846 contra
1067 1807 1270 1846 Nar-„vetem
1289 1810 1479 1849 rebellare
1494 1823 1577 1863 pa..

135 1864 248 1902 ranei
273 1865 429 1902 auxilio
464 1877 543 1902 esse
580 1877 659 1901 non
697 1863 870 1912 dubitat,
900 1864 1025 1901 victus
1053 1862 1231 1901 Nar-setis
1253 1863 1391 1914 gladio
1415 1865 1586 1917 perimi-

135 1926 228 1969 tar,
263 1918 332 1957 W
327 1919 457 1957 idz'nus
483 1926 619 1972 captus
644 1917 884 1969 Byzantium
907 1914 1098 1955 >mittitur.
1153 1916 1218 1955 Sic
1244 1917 1365 1955 etiam
1396 1919 1585 1956 nomina-

135 1979 205 2011 tur
232 1972 284 2011 ab
313 1972 505 2011 Aimonio
533 1974 575 2010 in
604 1971 675 2011 lib.
706 1986 746 2011 2.
774 1972 869 2011 hist.
895 1972 1043 2011 Franc.
1063 1978 1103 2011 et
1129 1971 1181 2009 ab
1211 1971 1445 2011 Hermanno
1475 1971 1585 2010 Con-

137 2034 266 2067 tracto
293 2029 335 2066 in
364 2028 589 2076 Chronico,
628 2027 739 2080 quod
772 2027 924 2066 editum
966 2034 1024 2066 est
1050 2041 1074 2065 a
1103 2025 1278 2064 Canisio.
1333 2028 1382 2065 In
1413 2026 1585 2079 Appen-

135 2082 225 2121 dice
256 2097 354 2122 vero
391 2082 614 2121 Marcellini
656 2082 820 2121 Comitis
833 2112 845 2131 ,
893 2096 940 2120 ex
965 2095 1045 2135 qua
1078 2080 1334 2120 Hermannus
1374 2077 1474 2120 haec
1513 2082 1584 2121 dea·

135 2139 306 2190 sumpsit
320 2167 332 2188 ,
349 2139 573 2190 omnirugus
598 2150 806 2190 perperam
836 2144 1035 2185 exaratur,
1081 2149 1307 2188 annusque,
1336 2149 1418 2190 quo
1446 2136 1585 2175 aNara

135 2199 217 2231 sete
245 2193 425 2232 devictus
452 2200 536 2242 est,
565 2191 670 2230 male
697 2192 950 2245 designatur,
980 2205 1073 2231 cum
1100 2190 1199 2230 haec
1220 2190 1353 2231 clades
1377 2205 1485 2230 anno
1513 2191 1584 2232 33.

136 2247 360 2297 Iustiniani,
394 2255 440 2286 ut
468 2247 693 2294 minimum,
726 2248 951 2300 contigerit.

247 2303 352 2355 Pag.
388 2304 477 2342 133.
495 2303 540 2340 B.
571 2300 689 2355 [346‚
713 2301 767 2355 5.]
799 2297 855 2348 ὥς
883 2299 958 2339 οὐκ
983 2295 1173 2340 §waiam-
1227 2296 1335 2339 Male
1360 2295 1460 2340 haee
1488 2312 1582 2340 ver-

135 2355 190 2395 ba
216 2359 336 2396 vertit
373 2358 585 2410 Interpres.
654 2356 758 2395 Vide
788 2353 1041 2395 Collectanea
1080 2363 1261 2395 veterum
1288 2355 1574 2395 historicorum

134 2411 186 2450 de
211 2411 378 2451 Francis
396 2442 408 2463 ‚
448 2427 549 2465 quae
578 2410 629 2450 ab
659 2409 823 2450 Andrea
853 2411 909 2449 du
954 2410 1110 2449 Chesne
1147 2409 1243 2448 olim
1270 2417 1364 2448 sunt
1394 2411 1502 2451 edita
1531 2412 1573 2450 in

134 2473 245 2505 tomo
275 2481 309 2505 1.
336 2481 472 2506 rerum
502 2466 815 2518 Francicarum',
852 2466 923 2504 ubi
950 2464 1059 2507 hunc
1099 2464 1234 2503 locum
1261 2471 1301 2503 et
1329 2465 1426 2505 alios
1454 2481 1577 2519 quos-

134 2521 228 2560 dam
255 2521 503 2575 interpretati
531 2535 681 2561 sumus.
1084 2571 1087 2573 ι

245 2577 350 2629 Pag.
382 2577 533 2616 155.C.
564 2575 679 2630 [346‚
726 2571 809 2628 πμ]
849 2572 1011 2614 στέλλει
1046 2571 1236 2626 Πέτρον,
1282 2568 1326 2621 ὃς
1351 2571 1434 2612 τῶν
1466 2568 1573 2612 κατὰ

135 2625 209 2681 τὴν
238 2627 372 2683 αὕλὴν
399 2627 620 2682 ταγμάτων
647 2626 799 2681 ἡγεῖτο.
856 2630 1004 2668 Verte:
1047 2630 1209 2668 Petrum
1228 2627 1464 2681 Magistrum
1488 2625 1576 2679 offla

135 2685 301 2723 ciorum.
348 2685 414 2724 Sic
442 2688 548 2724 enim
570 2686 710 2724 Graeci
740 2698 828 2724 eam
856 2683 1091 2737 dignitatem
1122 2683 1332 2738 designare
1360 2683 1504 2731 solent,
1533 2689 1580 2720 ut
1592 2681 1629 2724 P.
1656 2686 1725 2733 ΜΖ,

137 2739 275 2778 notavi
298 2739 349 2778 ad
361 2739 510 2779 librum
525 2740 591 2779 26.
604 2739 808 2780 Ammiani
821 2738 1060 2791 Marcellini,
1071 2754 1112 2792 p.
1126 2740 1148 2779 3
1159 2739 1222 2779 18.
1239 2739 1344 2778 Sane
1356 2736 1577 2777 Menander

183 2815 371 2862 Dexippus
383 2841 394 2859 ,
418 2817 615 2863 Eunapius
642 2825 708 2853 etc.
1268 2812 1311 2850 35
