1924 3164
643 174 677 215 E
722 170 928 216 MALcm
950 167 1239 222 ΉῐετοΒῐΑ.
1557 147 1668 209 233

217 273 376 320 ἐλθεῖν
390 275 514 333 ’πρὸς
559 274 715 330 αὐτὸν,
755 271 1023 330 ἄβουλότατα
1068 274 1194 316 τοῦτο
1224 270 1573 326 ·διανοησάμενος
1599 267 1856 318 καῐΑ.0.473

219 339 419 398 ποιήσας.
475 344 517 384 εἰ
550 340 634 398 γὰρ
673 340 726 396 δὴ
768 339 842 382 καί
870 340 1093 396 φύλαρχον
1118 338 1412 395 χειροτονῆσαι
1440 319 1850 412 npofl'Qq-co,ffi‘(¹‚·¹¹¹¹¹7

219 406 309 450 ἔδει
333 405 555 465 πόῤῥωθεν
583 403 670 450 ’όντι
693 409 751 464 τῷ
787 406 1029 463 Ἀμορκέσῳ
1059 407 1184 447 τοῦτο
1210 402 1465 460 προστάξαι,
1494 402 1575 451 ἕως
1602 403 1677 443 καί

218 471 272 516 τὰ
294 473 525 527 ζΡωμαίων
541 471 706 527 ἐνόμιζε
733 466 912 529 φοβεροὶ,
940 471 1015 513 καὶ
1039 476 1129 520 τοῖς
1155 466 1464 526 ἄρχουσιν-ἀεὶ
1485 473 1576 517 τοῖς
1598 484 1684 525 τυ-.»

193 541 220 584 5
219 542 350 594 χοῦσι
371 538 603 593 ςΡωμαίων
630 537 801 593 ἔμελλεν
817 534 934 593 ἥκειν
953 535 1271 592 ὑποπεπτηχώς,
1287 533 1361 578 καὶ
1384 533 1462 591 τήν
1478 550 1524 590 γε
1540 549 1674 590 προσ-

215 607 391 661 ηγορίαν
433 596 643 660 βασιλέως
697 602 877 648 α’κούων,
908 602 1067 658 αὐτήν.
1141 604 1214 644 καί
1251 600 1333 658 γὰρ
1393 599 1468 644 διὰ
1504 600 1662 643 πολλοῦ
1669 603 1698 637 C
1735 656 1737 658 -

217 669 405 726 κρεῖττόν
429 689 471 714 τι
497 672 581 714 τῶν
609 667 846 727 ἀνθρώπων
873 665 980 712 εἶναι
1007 673 1093 712 τῶν
1121 665 1259 712 ἄλλων
1286 667 1465 722 ἐνόμιζε.
1519 667 1674 711 νῦν,δὲ

214 739 383 792 πρῶτον
408 738 489 791 μὲν
516 734 648 779 αὐτὸν
664 735 743 778 ὃιοὶ4
764 733 925 778 πόλεων
945 730 1059 791 ἦγεν,
1080 733 1132 785 ἃς
1159 734 1329 788 ἔμελλεν
1357 729 1544 788 ὄψεσθαι
1569 749 1675 789 τρυ-

216 804 303 858 φῆς
327 800 457 855 μόνον
481 801 713 858 γεμούσας,
743 799 888 852 ὅπλοις
916 803 962 844 δὲ
1000 798 1048 844 οὗ
1070 804 1323 857 χρωμένας·
1350 798 1587 853 ἔπειταδὲ,
1616 798 1673 848 ὥς

166 868 403 923 ιοοῖνῆλθεν
434 870 479 918 ἒς
505 867 753 923 Βυζάντιον,
784 871 955 923 δέχεται
981 866 1099 924 παρὰ
1126 869 1204 910 τοῦ
1231 868 1438 922 βασιλέως
1466 865 1672 918 α’σμένως,

216 936 293 976 καί
319 935 530 990 τραπέζης
557 932 756 978 κοινωνὸν
783 937 1004 989 βασιλικῆς
1030 933 1270 989 ἐποιήσατο,
1289 932 1363 974 καί
1383 934 1538 987 βουλῆς
1566 946 1675 986 προ-

215 1002 407 1055 κειμένης
431 1002 540 1054 μετά
581 1004 655 1056 τῆς
672 1001 897 1058 γερουσίας
924 1006 1213 1056 συμπαρεῖναι
1247 1001 1406 1041 ἐποίει.
1461 997 1536 1040 καὶ
1559 995 1605 1040 τό
1623 1012 1671 1051 γε

217 1066 269 1123 δὴ
287 1066 502 1121 αἴσχιστον
530 1061 691 1118 ὄνειδος
718 1069 803 1110 τῶν
826 1068 1081 1122 εΡωμαίων,
1115 1064 1179 1110 ὅτι
1205 1066 1424 1120 καθέδραν
1451 1064 1570 1122 αὐτῷ
1596 1064 1673 1121 τήν

214 1135 587 1189 πρωτοπατρικίων
628 1134 895 1188 ἀποδοθῆναι
920 1134 1112 1176 ἐκέλευσε
1145 1132 1509 1188 σχηματισάμενος
1538 1130 1562 1172 ὅ
1589 1134 1672 1185 βα-

163 1196 380 1252 ιόσιλεῦς,
421 1194 488 1240 ὅτι
521 1198 573 1255 δὴ
613 1198 871 1255 Χριστιανὸς
912 1195 1143 1254 ἀνεπείσθη
1169 1199 1368 1253 γενέσθαι
1385 1214 1398 1226 ·
1453 1199 1529 1239 καί
1553 1199 1670 1246 τέλος

214 1261 463 1318 ἀπέπεμψεν
501 1259 654 1320 αὗτὸν,
683 1266 770 1323 ἰὸιᾲ
797 1266 877 1319 μὲν
911 1266 1013 1321 παρ’
1053 1266 1186 1307 αὐτοῦ
1211 1261 1353 1306 εἰκόνα
1378 1261 1473 1306 τινὰ
1499 1264 1668 1319 χρυσῆν

211 1333 288 1373 καί
318 1328 549 1374 κατάλιθον
591 1330 757 1386 λαβών,
785 1328 954 1388 σφόδρα
974 1347 1018 1374 τε
1047 1325 1180 1373 οὖσαν
1216 1332 1450 1385 πολυτελῆ,
1477 1331 1553 1372 καί
1576 1330 1704 1372 rcfluo

212 1390 351 1438 ἄλλων
377 1396 578 1446 κελεύσας
604 1399 781 1440 ἕκαστον
805 1399 1063 1452 εἰσενεγκεῖν,
1091 1393 1186 1439 ὅσοι
1211 1398 1380 1439 ἐτέλουν
1399 1398 1443 1446 ἐς
1469 1394 1549 1451 τὴν
1564 1398 1670 1449 βου-

210 1460 312 1517 λήν.
365 1461 445 1518 τήν,
472 1464 519 1506 δὲ
545 1465 671 1520 νῆσον
697 1465 878 1520 ἐκείνην,
904 1458 956 1519 ἧς
975 1465 1249 1519 ἐμνήσθημεν
1272 1460 1481 1519 πρόσθεν,
1512 1457 1563 1503 οὗ
1590 1460 1669 1514 5⁴6-

151 1544 282 1575 2or02¹
319 1531 540 1572 κατέλιπεν
576 1522 702 1588 αὖτῷ
731 1528 845 1584 ἔχειν
881 1529 1091 1584 βεβαίως,
1130 1527 1242 1572 α’λλὰ
1286 1527 1360 1571 καὶ
1391 1523 1524 1577 ἄλλας
1552 1526 1668 1585 αὖτῷ

209 1594 354 1648 κώμας
392 1597 631 1652 προσέθηκε
677 1595 899 1646 πλείονας.
967 1597 1103 1638 ταῦτα
1143 1593 1381 1651 παρασχών
1412 1593 1665 1651 ’.Αμορκέσῳ

205 1656 231 1702 ὅ
259 1661 387 1703 Λέων
422 1660 495 1703 καὶ
527 1663 612 1704 τῶν
655 1663 803 1720 φυλῶν
830 1658 1037 1719 ἄρχοντα,
1066 1655 1124 1704 ὧν
1151 1655 1293 1716 ἤθελε,
1322 1658 1530 1715 ποιήσας,
1559 1655 1767 1704 dns-VAS

232 1771 238 1773 ’
298 1768 333 1801 6.
358 1767 437 1814 διὰ]
463 1767 507 1813 δῆ
538 1771 632 1807 coni.
646 1770 725 1807 Val.
826 1783 878 1806 ιι.
899 1771 994 1805 Ante
1017 1770 1084 1804 καὶ
1106 1765 1270 1807 insen&
1294 1768 1338 1803 N.
1438 1768 1489 1802 16.
1515 1765 1594 1813 ἰδίᾳ
1610 1768 1662 1808 Bw

299 1813 407 1850 ἰδίαν
434 1817 528 1862 vulg.
627 1830 680 1863 ¹7·
704 1816 865 1862 λαβόντα
889 1819 985 1856 coni,
996 1818 1039 1851 N.

206 1900 313 1946 Quae
338 1911 424 1934 sane
447 1902 754 1936 inconsultissime
780 1907 819 1936 et
840 1902 955 1936 sensit
977 1907 1014 1935 et
1035 1902 1135 1936 fecit.
1181 1899 1347 1940 Etenim,
1377 1900 1408 1933 si
1433 1899 1553 1943 ipsum
1582 1897 1662 1931 eius

205 1949 325 1992 gentis
354 1949 560 1994 principem
590 1959 712 1983 creare
746 1950 1012 1989 constituisset,
1051 1952 1263 1993 oportuerat
1297 1958 1379 1980 eum
1413 1957 1433 1980 e
1456 1945 1660 1990 longinquo

202 1993 274 2028 hoc
298 1994 488 2036 mandare,
516 2001 558 2029 ut
583 1997 822 2030 Romanorum
858 1996 1051 2039 imperium
1080 1995 1139 2027 illi
1165 2003 1308 2038 semper
1332 1992 1521 2026 formidini
1545 1996 1658 2032 esset,

204 2046 243 2075 et
267 2041 314 2074 ad
338 2042 455 2075 solum
483 2053 618 2076 nomen
642 2043 883 2088 Imperatoris,
909 2040 1138 2087 quibuslibet
1160 2041 1402 2073 Romanorum
1434 2038 1658 2084 magistrati-

202 2087 272 2122 bus
301 2087 346 2121 ad
370 2100 407 2122 se
431 2089 707 2131 accedentibus,
743 2095 928 2126 tremeret:
972 2089 1065 2121 Nam
1100 2088 1294 2122 remotiora
1326 2087 1494 2120 homines
1521 2090 1559 2118 et
1583 2095 1655 2129 po·-

202 2136 362 2169 tentiora
395 2136 530 2170 habere
567 2137 697 2170 solent.
757 2138 804 2170 At
835 2137 900 2170 ille
931 2134 1118 2168 hominem
1150 2146 1216 2178 per
1247 2133 1357 2167 urbes
1396 2131 1658 2171 circumduxit,

201 2193 292 2228 quas
325 2183 466 2216 visurus
494 2188 570 2217 erat
601 2185 710 2217 armis
732 2194 862 2216 vacuas
895 2187 933 2215 et
956 2182 1098 2216 deliciis
1122 2181 1260 2225 plenas.
1308 2181 1428 2221 Hunc,
1453 2185 1495 2213 ut
1517 2179 1655 2222 Byzan-

199 2231 293 2261 tium
316 2231 440 2271 venit,
467 2231 668 2275 Imperator
690 2230 848 2275 benigne
876 2230 1032 2274 excipit,
1056 2233 1094 2261 et
1117 2229 1237 2272 regiae
1270 2237 1414 2261 mensae
1437 2226 1655 2272 participem

199 2275 298 2313 fecit,
347 2275 497 2310 Senatui
523 2288 691 2324 quoque,
728 2289 835 2323 quem
870 2277 1026 2316 indixit,
1057 2275 1255 2316 interesse,
1280 2280 1318 2308 et
1340 2274 1420 2315 illi,
1458 2273 1558 2319 quod
1577 2272 1655 2306 foe-

200 2321 390 2355 dissimum
427 2326 668 2358 Romanorum
705 2325 879 2369 probrum
913 2323 1005 2363 fuit,
1043 2322 1170 2355 sellam
1202 2322 1302 2355 iuxta
1342 2332 1381 2354 se
1426 2320 1517 2366 poni
1566 2323 1652 2352 ante

200 2380 323 2415 omnes
354 2371 526 2413 patricios
551 2371 671 2413 iussit,
705 2371 788 2405 ficta
812 2381 929 2410 causa,
961 2367 1061 2416 quod
1085 2368 1310 2402 Christianus
1345 2368 1425 2401 fieri
1458 2375 1650 2411 persuasus

201 2421 305 2450 esset.
340 2416 522 2451 Postremo
565 2418 704 2451 dimisit
744 2429 849 2458 eum,
898 2421 981 2461 post
1010 2426 1092 2448 uam
1127 2416 1205 2460 ipse
1250 2414 1446 2459 imaginem
1481 2423 1650 2452 auream,

198 2462 388 2507 magnifice
437 2466 583 2508 gemmis
627 2470 860 2506 exornatam,
910 2464 945 2497 ei
1010 2467 1196 2502 enaverat,
1257 2467 1295 2495 et
1326 2463 1366 2494 in
1414 2471 1497 2493 eum
1538 2462 1650 2493 etiam

201 2519 338 2549 omnes,
367 2511 429 2557 qui
455 2511 494 2543 in
520 2517 687 2545 senatum
720 2517 823 2545 erant
847 2509 1034 2554 adscripti,
1057 2509 1130 2542 alia
1163 2519 1313 2543 munera
1339 2507 1504 2542 conferre
1529 2507 1649 2540 iussit.

198 2555 359 2588 Insulam
388 2567 494 2598 vero,
533 2560 635 2592 cuius
671 2570 779 2603 supra
814 2558 1038 2592 mentionem
1075 2556 1250 2596 fecimus,
1292 2566 1369 2588 non
1409 2554 1527 2587 solum
1569 2554 1648 2586 eius

197 2603 372 2646 potestati
404 2605 589 2648 permisit,
630 2610 672 2638 ut
708 2617 788 2639 eam
825 2606 904 2638 sine
940 2604 1185 2637 controversia
1225 2602 1449 2648 possideret:
1498 2600 1564 2632 sed
1607 2605 1648 2633 et

197 2649 321 2693 plures
358 2650 450 2684 alios
482 2652 580 2686 vicos
617 2652 762 2686 adiecit.
812 2652 937 2697 Quum
970 2649 1028 2683 his
1061 2649 1168 2683 illum
1202 2648 1393 2684 beneficiis
1419 2651 1583 2680 ornasset
1607 2651 1646 2679 et

196 2694 456 2744 phylarchum,
490 2704 532 2733 ut
562 2703 769 2745 optaverat,
805 2698 1076 2740 constituisset,
1117 2697 1254 2732 elatum
1290 2702 1327 2731 et
1374 2694 1645 2742 superbientem
