1924 3164
651 191 684 230 E
720 188 890 231 Pmsm
927 183 1194 229 HISTORIA.
1523 181 1553 216 2
1567 180 1584 215 1
1598 161 1631 215 3

211 290 268 347 τῷ
302 285 473 332 εὔνοιάν
499 305 547 331 τε
574 287 644 330 καὶ
670 287 857 343 σπουδήν
875 279 1237 343 συνεισφερόντων,
1264 279 1400 324 ἐδόκει
1425 278 1541 334 παρὰ
1561 277 1632 320 τὸν
1646 285 1684 319 Α.
1704 280 1821 325 (3.449

206 352 412 410 Ἀττήλαν
441 354 747 411 πρεσβεύεσθαι
768 350 1009 395 Ἀνατόλιον
1036 353 1108 393 καί
1134 349 1294 402 Νόμον,
1317 344 1386 389 τὸν
1410 346 1488 399 μὲν
1512 345 1634 386 Ἀνα-
1645 329 1829 417 ,Ῑιῖζέἒὼῌ

213 418 350 462 τόλιον
392 423 472 462 τῶν
507 419 620 476 ἀμφὶ
656 421 830 472 βασιλέα
859 414 1038 473 ἄρχοντα
1064 417 1192 458 τελῶν
1223 415 1296 456 καί
1322 410 1395 461 τὰς
1420 409 1632 464 συνθήκας
1673 412 1675 414 ’

217 487 290 539 τῆς
318 486 473 526 ἐκείνου
502 483 662 540 εἰρήνης
688 484 944 539 προθέμενον
967 516 979 535 ,
1019 481 1092 523 τὸν
1118 482 1163 522 δὲ
1193 479 1331 532 Νόμον
1355 475 1429 532 τὴν
1455 478 1532 518 τοῦ
1557 491 1639 527 μα-

191 549 384 605 ὅγίοτρου
425 548 550 604 τιμήν
584 545 762 603 ἄρξαντα
801 550 875 589 καί
918 548 963 589 ἐν
999 552 1082 595 τοῖς
1111 547 1346 600 ,πατρικίοις
1385 541 1464 584 σὺν
1499 541 1680 596 ἒκείνῳῐ)

216 615 564 669 καταλεγόμενον,
595 612 706 668 οΐδή
733 612 809 662 τὰς
838 612 973 668 ἀρχὰς
1002 610 1283 666 ἀναβεβήκασι
1316 607 1464 657 πάσας.
1518 620 1640 648 συνε-

215 681 400 733 πέμπετο
429 682 475 723 δὲ
501 678 722 736 Ἀνατολῖῳ
751 679 895 732 Νόμος
922 680 976 719 ου’
987 676 1071 719 ’διὰ
1100 676 1275 730 μέγεθος
1292 676 1365 728 τῆς
1407 673 1536 726 τύχης
1560 669 1639 723 μό-

216 760 316 797 νον,
357 744 465 786 α’λλιὶ
507 744 562 793 ὥς
605 745 677 785 καί
705 744 761 800 τῷ
792 742 1033 800 Χρυσαφίῳ
1071 736 1218 790 εἷῖνους
1249 736 1307 782 (ὃν
1330 737 1402 780 καὶ
1426 736 1641 794 φιλοτιμίᾳ

216 812 295 850 τοῦ
314 810 537 865 βαρβάρου
567 809 877 866 περιεσόμενος·
911 805 977 849 ὅτι
1003 806 1083 862 γὰρ
1123 804 1501 860 μάλιστα-προσῆν
1530 797 1642 856 αὐτῷ

168 874 259 917 ιοτὸ
287 873 346 928 μή
382 875 605 931 φείδεσθαι
623 875 866 930 χρημάτων,
893 872 938 916 τὸ
965 872 1096 929 παρὸν
1116 874 1326 914 διαθεῖναι
1352 863 1642 912 ἐσπουδακότι.

212 941 286 981 καί
312 934 426 981 οὗτοι
452 942 530 993 μὲν
557 941 791 982 ἐστέλλοντο
820 938 894 980 τὸν
931 935 1141 993 ’.Αττήλαν
1169 934 1390 987 α’πάξοντες
1417 936 1489 989 τῆς
1517 929 1642 987 ὄργῆς

212 1005 286 1046 καί
310 1003 386 1059 τὴν
414 1005 580 1060 εἰρήνην
607 1005 677 1046 ἐπὶ
714 1010 806 1054 ταῖς
844 1002 1058 1055 συντάξεσι
1086 1000 1380 1059 ’διαφυλάττειν
1406 1000 1641 1048 πείσοντες,

212 1072 392 1120 λὲξθνῒες
421 1071 469 1111 δὲ
495 1071 567 1111 καί
581 1104 594 1124 ,
623 1070 680 1118 ὦς
706 1072 764 1127 τῷ
799 1071 1080 1127 Κωνσταντίῳ
1117 1064 1498 1122 κατεγγυηθήσεται
1539 1060 1640 1117 γυνή

214 1135 268 1175 ου’
310 1135 439 1187 μείων
474 1136 544 1189 τῆς
585 1137 835 1190 Σατορνίλου
873 1137 984 1188 γένει
1015 1150 1060 1175 τε
1097 1135 1170 1174 καί
1201 1133 1430 1188 περιουσίᾳ.
1485 1131 1642 1181 ἐκείνην

166 1199 293 1256 15γὰρ
321 1198 380 1254 μή
410 1203 716 1255 βεβουλῆσθαι,
746 1200 839 1242 ἀλλ’
865 1198 988 1257 ἑτέρῳ
1019 1197 1126 1240 κατὰ
1147 1195 1272 1250 νόμον
1295 1194 1540 1250 γήμασθαι·
1588 1192 1641 1232 ου’

212 1264 293 1320 γὰρ
341 1266 465 1317 θέμις
495 1263 610 1319 παρὰ
652 1262 875 1317 Ῥωμαιοις
910 1261 1092 1305 ἄκουσαν
1132 1267 1306 1316 γυναῖκα
1334 1260 1637 1313 κατεγγυᾶσθαι
1649 1264 1737 1311 Pup

213 1331 349 1386 α’νδρί.
380 1329 535 1383 ἔπεμπε
564 1331 609 1372 δὲ
638 1332 711 1371 καί
733 1329 756 1370 ὅ
782 1330 982 1383 εὐνοῦχος
1008 1331 1066 1386 τῷ
1092 1326 1291 1384 βαρβάρῳ
1317 1325 1516 1382 χρυσίον,
1558 1319 1643 1364 αῗσ-

212 1411 257 1437 τε
285 1393 411 1437 αὐτὸν
436 1397 707 1448 μειλιχθέντα
736 1395 982 1450 ἀπαχθῆναι
1008 1396 1081 1436 τοῦ
1107 1395 1269 1446 θυμοῦ.

322 1459 364 1502 ε’.
408 1457 499 1503 Ὅτι
532 1459 570 1501 οἱ
600 1462 716 1516 οἷμφὶ
736 1459 806 1503 τὸν
829 1458 1068 1503 Ἀνατόλιον
1095 1461 1168 1502 καί
1199 1455 1346 1511 Νόμον
1373 1456 1444 1499 τὸν
1478 1450 1643 1510 Ἴστρον

163 1528 518 1582 αοπεραιωθέντες
553 1520 679 1582 ἄχρις
721 1528 800 1567 τοῦ
837 1528 1074 1580 Δρέγκωνος
1117 1522 1338 1579 λεγομένου
1375 1521 1565 1573 ποταμοῦ
1599 1520 1642 1568 ἐς

212 1591 288 1647 τήν
323 1591 532 1646 Σκυθικήν
580 1593 777 1647 διέβησαν
798 1609 810 1621 ·
866 1593 984 1634 αἰδοῖ
1013 1591 1092 1647 γὰρ
1126 1594 1209 1633 τῶν
1238 1589 1402 1644 α’νδρῶν
1433 1585 1455 1628 ὅ
1491 1582 1635 1638 Ἀττή-

213 1662 312 1713 λας,
353 1654 458 1700 ὥστε
495 1656 553 1713 μή
592 1659 650 1715 τῷ
687 1660 761 1713 τῆς
803 1657 906 1699 ὁδοῦ
950 1659 1239 1715 ἐπιτρίβεσθαι
1282 1649 1550 1707 διαστήματι,
1596 1651 1642 1693 ἐν

307 1779 339 1812 5.
365 1779 496 1824 τιμήν]
520 1776 642 1824 ἀρχὴν
664 1790 770 1825 marg.
795 1779 837 1813 H.

214 1868 315 1902 bant.
365 1866 536 1900 Omnium
567 1872 686 1900 autem
722 1868 760 1900 in
791 1878 873 1901 eum
910 1867 1038 1902 animis
1070 1870 1107 1900 et
1138 1866 1267 1900 studiis
1299 1865 1506 1904 inclinatis,
1528 1863 1644 1896 visum

215 1920 273 1948 est
307 1914 353 1946 ad
390 1913 537 1946 Attilam
573 1913 707 1957 legatos
743 1916 886 1947 mittere
924 1914 1132 1947 Anatolium
1158 1918 1195 1945 et
1230 1912 1405 1946 Nomum:
1435 1909 1646 1944 Anatolium

215 1960 368 2006 quidem
395 1961 600 1999 magistrum
626 1960 783 1992 militum
806 1960 1087 2004 praesentalem,
1115 1962 1151 1990 et
1174 1958 1238 2003 qui
1263 1958 1360 2002 pacis
1385 1967 1465 1990 cum
1489 1955 1642 1989 barbaro

213 2007 330 2040 initae
359 2006 584 2040 conditiones
609 2012 864 2050 proposuerat:
891 2005 1043 2038 Nomum
1057 2015 1141 2038 vero
1158 2004 1319 2047 magistri
1344 2002 1556 2046 dignitatem
1583 2013 1644 2046 ge-

215 2058 377 2093 rentem,
410 2058 446 2086 et
486 2053 524 2085 in
554 2062 742 2085 numerum
777 2052 1007 2096 patriciorum
1044 2062 1114 2083 una
1149 2060 1228 2082 cum
1252 2049 1421 2082 Anatolio
1448 2049 1643 2089 allectum,

219 2110 310 2145 quae
333 2099 488 2144 dignitas
516 2098 641 2131 ceteris
670 2098 837 2131 omnibus
863 2097 1058 2131 antecellit.
1104 2095 1236 2129 Missus
1261 2106 1344 2128 vero
1371 2100 1426 2128 est
1447 2105 1526 2127 curn
1549 2095 1641 2127 Ana-

219 2146 306 2181 tolio
335 2145 470 2178 Nemus
496 2155 569 2177 non
594 2145 706 2177 solum
730 2149 877 2188 propter
901 2143 1087 2187 dignitatis
1115 2141 1390 2186 amplitudinem
1405 2166 1416 2182 ,
1444 2140 1508 2174 sed
1530 2140 1642 2174 etiam

219 2193 302 2237 quia
326 2197 404 2225 erat
431 2191 607 2224 benevolo
633 2191 670 2223 in
681 2189 943 2233 Chrysaphium
962 2189 1103 2229 animo,
1128 2192 1165 2221 et
1193 2186 1290 2232 apud
1312 2186 1502 2220 barbarum
1527 2186 1642 2233 gratia

221 2246 255 2271 et
291 2238 502 2272 auctoritate
535 2236 730 2281 plurimum
765 2235 920 2269 valebat.
978 2235 1067 2268 Nam
1101 2235 1131 2267 si
1156 2233 1244 2279 quid
1272 2233 1530 2278 perficiendum
1569 2231 1641 2264 sibi

218 2288 452 2329 proposuerat
469 2308 478 2324 ,
503 2283 652 2316 minime
675 2282 840 2328 pecuniis
864 2280 1076 2327 parcendum
1103 2290 1179 2314 esse
1203 2279 1381 2312 censebat.
1405 2280 1452 2313 Et
1477 2280 1535 2313 illi
1558 2279 1643 2323 qui-

222 2329 300 2363 dem
323 2330 579 2370 mittebantur,
610 2341 682 2375 quo
705 2328 853 2362 Attilam
877 2327 922 2360 ab
946 2328 1000 2361 ira
1025 2326 1247 2360 dimoverent
1271 2330 1308 2359 et
1331 2326 1428 2370 pacis
1456 2325 1642 2359 conditio-

219 2387 285 2410 nes
305 2377 495 2411 observare
528 2374 806 2419 persuaderent,
842 2373 935 2407 illud
967 2384 1112 2419 quoque
1142 2372 1294 2413 dicturi,
1328 2371 1538 2406 Constantio
1572 2382 1643 2403 nu-

218 2427 321 2467 ptum
353 2423 474 2456 datum
509 2423 556 2454 iri
589 2421 748 2466 puellam
782 2421 931 2453 minime
956 2418 1140 2453 Saturnini
1176 2418 1272 2452 filiae
1295 2429 1424 2462 genere
1450 2424 1486 2452 et
1510 2418 1640 2461 opibus

219 2468 435 2503 inferlm-em.
469 2466 573 2502 Illam
597 2466 865 2507 enimfminime
890 2470 1024 2511 gratum
1043 2463 1254 2498 *huiusmodi
1281 2465 1549 2498 matrimonium
1574 2464 1641 2496 ha-

220 2514 365 2548 buisse:
403 2515 528 2559 itaque
564 2513 759 2548 secundum
797 2513 911 2556 legem
941 2511 1046 2545 alteri
1085 2511 1258 2556 nupsisse·
1314 2510 1389 2543 Nee
1424 2511 1519 2544 enim
1545 2507 1643 2554 apud

221 2561 396 2595 Romanos
425 2561 476 2593 fas
502 2571 599 2600 esse,
627 2559 812 2595 mulierem
839 2558 985 2591 invitam
1006 2559 1082 2591 viro
1106 2557 1291 2591 collocare.
1335 2556 1438 2590 Misit
1463 2561 1499 2589 et
1523 2567 1639 2590 eunu-

223 2606 309 2639 chus
335 2617 459 2639 aurum
482 2607 527 2639 ad
553 2606 764 2645 barbarum,
790 2616 862 2651 quo
887 2604 1047 2638 mollitus
1073 2602 1118 2636 ab
1143 2603 1196 2635 ira
1222 2602 1469 2637 deduceretur.

239 2684 242 2685 ι
316 2652 346 2686 5.
367 2652 554 2685 Anatolius
579 2658 615 2685 et
639 2652 772 2684 Nomus
787 2676 796 2690 ‚
820 2652 910 2682 Istro
920 2650 1147 2690 transmisso,
1174 2649 1220 2682 ad
1243 2650 1469 2682 Drencouem
1493 2647 1641 2682 fluvium

223 2708 337 2742 usque
373 2698 448 2742 (sic
482 2698 576 2731 enim
613 2697 827 2743 appellant)
850 2698 888 2730 in
913 2695 1092 2740 Scythiam
1114 2701 1361 2741 penetrarunt.
1410 2696 1488 2728 Illic
1513 2693 1640 2727 Attilas

222 2744 420 2783 reverentia
444 2749 622 2781 tantorum
646 2745 801 2780 virorum
823 2748 964 2787 motus,
990 2753 1047 2789 ,ue
1068 2741 1292 2788 longioribus
1316 2741 1507 2782 itineribuq
1538 2739 1639 2776 defa-
