1924 3164
243 152 312 205 70
773 147 1050 190 ExcERP‘rA

239 251 397 304 ἐπέγνω
437 248 487 292 τοὶ
515 251 560 292 ἐν
598 245 711 307 aziz-⁶33
738 247 870 300 καλοὶ,
914 252 1000 297 τοῖς
1035 247 1276 301 ἀσωμάτοις
1308 245 1514 305 ὅμιλήσας
1552 258 1678 306 σῶμα,

238 314 349 369 ἔχων
376 313 468 358 ἔτι.
523 314 596 358 καί
620 316 838 370 βασιλείας
865 328 910 355 τε
939 311 1085 368 ἔτυχεν
1114 310 1195 368 ⁰²37:
1224 311 1293 355 ὅτι
1312 309 1402 370 Υἤρα
1430 319 1674 371 βασιλείας,

236 383 327 423 ἀλλ’
355 378 419 424 ὅτι
444 381 489 424 τὸ
524 379 786 437 ἀνθρώπειον
812 376 924 434 ἑώρα
956 379 1174 433 δεομένους
1199 379 1514 435 βασιλεύεσθαι·
1554 388 1678 440 φιλο-

233 447 493 503 στρατιώτης
528 463 574 488 τε
616 440 668 500 ἦν
697 445 983 501 διαφερόντως
1030 444 1109 499 οὐχ
1153 441 1218 487 ὅτι
1259 444 1455 500 ἐβούλετο
1484 449 1679 504 δημαγω-

233 519 341 569 γεῖν,
379 513 472 555 ἀλλ’
502 509 565 554 ὅτι
591 512 715 553 τοῦτο
745 507 950 566 ἤπίστατο
976 516 1062 560 τοῖς
1089 516 1239 560 κοινοῖς
1267 515 1514 569 συμφέρειν.
1678 518 1703 559 5

332 581 498 634 [Ταῦτα
525 581 664 633 ληρεῖν
691 577 835 634 α’νέχῃ,
865 575 1118 633 ἐμβρόντητε
1147 578 1205 634 τῷ
1234 571 1321 620 όντι
1351 580 1423 620 καί
1451 576 1680 636 ἆνεπιγνώ-

234 661 327 698 μων
378 644 460 685 τῶν
507 645 886 700 πεφλυαρημένων,·
942 640 1006 692 τίς
1059 641 1139 699 γὰρ
1181 644 1266 685 τῶν
1303 644 1479 704 ἐγγενῶν
1508 642 1681 701 ‘Hi-mn

236 708 455 764 δογμάτων
503 704 711 762 οὖρανίων
751 707 961 763 μεμύηται
999 711 1241 764 μυστηρίων
1295 707 1453 765 θεατήν
1491 709 1680 766 ὑπάρξαι

234 773 306 817 τὸν
342 770 702 826 ἆπαλλαττόμενον
741 775 813 829 τῆς
840 774 1030 817 ἐντεῦθεν
1070 774 1212 830 βιοτῆς
1249 771 1279 829 ἢ
1315 773 1539 829 συνόμιλον
1569 773 1683 819 οἷσω-

234 838 377 892 μάτων
421 840 644 894 γενέσθαις
678 838 773 882 ·και“
796 838 907 890 τίνες
935 839 974 881 οἱ
1003 837 1226 893 ἀσώματοι
1261 835 1374 883 οὗτοι
1384 874 1396 894 ,
1444 843 1484 884 εἰ
1508 840 1569 897 μή
1597 858 1734 886 πουιο

233 905 488 960 Γανυμήδης
514 906 586 947 καί
612 902 723 954 Ζευς
772 903 796 946 ὅ
823 903 1105 959 Γανυμήδους
1133 906 1179 957 ἐκ
1212 904 1366 962 Τρώων
1393 905 1596 962 ἐραστής,
1626 909 1683 949 δι’

234 963 283 1011 οὗ
310 969 385 1011 καί
400 967 517 1025 αΗρα
546 972 903 1026 παραγκωνίζεται
931 969 959 1025 ἦ
988 970 1151 1028 ἀδελφὴ
1183 974 1255 1014 καί
1279 971 1439 1028 γαμετή
1476 975 1535 1030 τῷ
1563 976 1683 1030 Φρυ-

231 1034 277 1089 γί
312 1037 536 1094 μειρακίῳς
594 1033 700 1090 ἄλλα
729 1034 780 1078 τὰ
825 1037 904 1090 μὲν
931 1037 1090 1090 κλέψας
1117 1035 1230 1091 ἔχεις
1256 1039 1341 1079 τῶν
1369 1041 1683 1095 Χριστιανικῶν

234 1099 401 1155 ὀργίων,
429 1099 507 1151 τὰς
535 1101 784 1154 ἀσωμάτους
811 1100 924 1157 φημὶ
950 1099 1177 1158 φρατριάς·
1205 1101 1297 1146 ἐπεὶ
1320 1105 1404 1145 τῶν
1430 1119 1475 1157 γε
1495 1106 1584 1146 σῶν
1613 1105 1685 1147 δο-

233 1163 402 1220 γμάτων
428 1166 489 1222 μὴ
535 1167 638 1222 οὕχί
671 1168 745 1209 καί
793 1168 1108 1224 ἐμπαθέστερον
1147 1169 1228 1210 τῶν
1255 1167 1360 1211 κατὰ
1383 1160 1459 1211 Ιτὸν
1487 1168 1736 1226 φθαρτόνιὸ

232 1233 378 1273 τοῦτον
404 1234 498 1286 βίον
526 1232 843 1288 α’κρατεστάτων
890 1231 930 1274 οἱ
966 1236 1055 1274 κατ’
1085 1232 1266 1290 ου’ρανόν
1292 1250 1361 1277 σοι
1388 1235 1520 1292 ἆλῷεν
1547 1233 1683 1289 μάκα-

58 1302 145 1335 eod.
165 1312 305 1352 ι7αρες
331 1299 546 1351 βιοῦντες·
605 1294 666 1347 οἷς
691 1295 805 1353 ’Ἠβη
832 1300 911 1351 μὲν
958 1300 1141 1352 οἰνοχοεῖ
1160 1301 1299 1358 πολλῷ
1323 1302 1382 1357 τῷ
1421 1302 1614 1356 νέκταρι,
1643 1300 1685 1343 οῖ

107 1363 281 1405 Rosam}
314 1362 626 1416 μεθυσκόμενοι
654 1361 707 1406 τοὶ
747 1362 928 1413 α’παίσια
965 1365 1144 1416 διεξίασι
1177 1365 1332 1421 Τρώων
1360 1364 1481 1408 πόλιν
1519 1367 1683 1421 εἰσορό-

234 1444 383 1477 ωντες.
439 1426 542 1484 πρὸς
567 1427 683 1478 τίνας
709 1428 784 1469 καί
811 1430 895 1471 τῶν
922 1432 1021 1470 καθ’
1048 1424 1249 1486 τΈλληνας
1274 1428 1425 1474 ἑαυτὸν
1457 1433 1682 1489 ἀναφέρων

235 1491 481 1550 φιλοσόφων
517 1487 602 1550 ἦρα
646 1495 890 1548 βασιλείαςς
945 1494 1052 1551 πρὸς
1075 1494 1347 1551 Ἀντισθένης
1402 1495 1509 1552 πρὸς
1535 1499 1738 1552 Atera-20

233 1574 305 1613 νης
379 1556 488 1611 οἷλλοὶ
530 1558 693 1608 τούτοις
719 1561 798 1613 μὲν
845 1557 968 1613 ἴσμεν
996 1557 1129 1611 οὕτως
1164 1558 1489 1618 ἀπραγμοσύνης
1527 1564 1682 1616 μέλον,

234 1622 292 1672 ὥς
319 1621 398 1677 τήν
425 1625 561 1666 κυνῶν
589 1623 844 1679 ἐζηλωκότας
889 1624 1000 1681 ζωὴν
1024 1628 1099 1668 καί
1121 1629 1173 1684 τῇ
1198 1626 1355 1670 τούτων
1383 1629 1686 1682 ἐγκαλλωπίζε-

328 1724 363 1758 6.
388 1724 431 1757 In
455 1725 616 1769 margine
649 1723 727 1758 cod.
765 1724 986 1770 adscriptum
1012 1707 1108 1762 erat:
1141 1721 1414 1771 στηλιτευτικός
1437 1726 1531 1762 ’eard
1559 1727 1685 1763 Εὔγα-

325 1771 431 1803 πίου.
583 1769 723 1816 α’νέσχῃ
757 1766 962 1817 ἐμβροντὴς
998 1773 1053 1807 ed.
1220 1786 1272 1810 ιο.
1301 1767 1411 1810 οὗτοι
1435 1774 1494 1816 Ν.,
1519 1773 1602 1817 ἤτοι
1627 1775 1683 1809 ed.

331 1826 383 1861 ¹7·
408 1816 447 1850 οἱ
469 1814 511 1850 δὲ
535 1821 620 1853 ante
643 1818 773 1863 πολλῷ
803 1819 1014 1863 ponendum
1050 1830 1126 1854 esse
1149 1825 1257 1865 putat
1277 1822 1315 1856 B.
1455 1833 1511 1856 21.
1535 1820 1685 1859 τούτοις

327 1862 394 1904 Ν.,
428 1861 585 1900 τούτους
617 1863 673 1897 ed.

235 1952 357 1992 novit,
382 1963 462 1986 cum
489 1953 712 1998 incorporeis
736 1955 875 1988 naturis
910 1965 1060 2000 corpore
1093 1956 1256 1992 nondum
1294 1962 1422 1992 exutus
1455 1957 1683 1992 familiariter

235 2009 392 2032 versans.
446 1998 574 2045 Neque
614 2011 699 2034 vero
728 2001 921 2045 imperium
956 2008 1173 2047 susceperat,
1203 2005 1291 2050 quia
1329 2004 1504 2049 regnandi
1527 2005 1681 2051 cupidus

237 2050 350 2086 esset,
376 2045 441 2080 sed
465 2047 551 2091 quia
575 2044 741 2080 homines
765 2052 954 2092 regnatore
976 2049 1180 2094 indigentes
1206 2049 1364 2085 videbat.
1411 2050 1507 2084 Tum
1539 2056 1576 2084 et
1610 2051 1683 2084 mi-

235 2090 367 2125 litibus
396 2091 553 2126 blandus
594 2099 691 2134 erat,
726 2104 800 2127 non
840 2098 883 2126 ut
912 2096 952 2128 in
973 2096 1111 2141 populo
1136 2096 1404 2139 dominaretur,
1437 2097 1501 2131 sed
1524 2097 1611 2144 quia
1636 2108 1682 2132 ex

238 2148 306 2170 usu
333 2139 386 2171 rei
413 2138 583 2183 publicae
608 2139 648 2172 id
673 2140 750 2172 sore
775 2140 924 2175 sciebat.

333 2182 474 2230 [Inepta
498 2184 587 2218 haec
612 2187 755 2219 effutire
780 2198 888 2221 ausus
913 2197 962 2230 es,
975 2189 1085 2222 stulte
1110 2199 1233 2225 revera
1255 2189 1362 2223 homo
1388 2194 1426 2223 et
1448 2188 1544 2223 nihil
1566 2189 1682 2223 intel-

234 2229 377 2274 ligens?
423 2232 513 2264 Nam
538 2232 619 2276 quis
645 2231 684 2265 in
702 2233 828 2277 patriis
855 2233 1072 2269 Graecorum
1107 2235 1332 2281 dogmatibus
1366 2236 1418 2269 sic
1448 2235 1588 2270 initiari
1619 2235 1680 2269 di-

238 2276 344 2317 citur,
369 2282 411 2310 ut
435 2278 686 2320 mysteriorum
709 2279 919 2314 coelestium
938 2287 1119 2326 spectator
1142 2283 1215 2323 fiat,
1241 2288 1350 2328 atque
1375 2287 1417 2316 ut
1443 2294 1487 2316 ex
1511 2281 1583 2316 hoc
1605 2287 1682 2316 tera

237 2332 325 2355 reno
358 2323 520 2356 incolatu
547 2325 739 2358 translatus
760 2338 841 2359 cum
864 2328 1086 2373 incorporeis
1118 2329 1257 2362 naturis
1288 2328 1472 2363 versetur?
1519 2328 1681 2373 Quinam

236 2379 322 2402 vero
346 2374 432 2402 sunt
453 2369 494 2402 hi
518 2370 736 2415 incorporei,
760 2374 832 2406 nisi
859 2373 952 2408 forte
981 2374 1206 2418 Ganymedes
1224 2379 1262 2408 et
1284 2376 1435 2420 Iupiter,
1460 2374 1680 2418 Ganymedis

239 2414 389 2448 Troiani
414 2417 578 2450 amator?
603 2419 703 2451 cuius
727 2418 781 2451 rei
808 2431 914 2453 oausa
937 2422 1027 2454 Iuno
1068 2432 1188 2467 uoque
1214 2433 1315 2455 soror
1340 2427 1377 2455 et
1401 2421 1532 2455 coniux
1553 2421 1682 2465 exple-2

240 2459 358 2502 ditur,
389 2467 431 2494 ut
453 2461 604 2507 Phrygio
631 2465 776 2508 pusioni
810 2467 910 2499 locus
943 2468 1000 2500 sit.
1062 2467 1120 2500 'ed
1146 2467 1242 2502 enim
1267 2466 1386 2508 video,
1411 2471 1448 2501 te
1471 2467 1679 2502 christianis

239 2508 347 2540 sacris
381 2507 464 2548 has,
497 2509 670 2553 inquam,
703 2512 933 2556 incorporeas
959 2514 1125 2548 suffurari
1149 2515 1275 2548 curias.
1321 2514 1433 2560 Atqui
1460 2525 1504 2547 ex
1534 2519 1678 2548 tuorum

239 2553 446 2597 dogmatum
480 2565 604 2588 norma
637 2567 761 2590 nonne
802 2559 967 2603 turpius,
1008 2571 1115 2605 quam
1147 2560 1505 2605 intemperantissimi
1539 2561 1578 2594 in
1609 2560 1680 2595 hac

237 2600 313 2632 vita
332 2600 500 2634 mortales
520 2601 641 2634 solent
656 2626 665 2641 ,
690 2601 815 2636 beatos
844 2611 925 2639 tuos
953 2606 1200 2651 deprehendes
1226 2608 1265 2640 in
1294 2606 1395 2640 coelo
1419 2607 1564 2641 vivere?
1586 2609 1678 2654 qui-

237 2645 306 2678 bus
328 2645 430 2679 Hebe
456 2646 603 2692 quidem
622 2647 759 2692 largum
784 2656 905 2684 nectar
931 2653 1120 2697 propinat3
1159 2655 1229 2698 ipsi
1257 2664 1340 2686 vero
1366 2653 1461 2686 ebrii
1498 2653 1679 2688 obscoena

239 2690 468 2734 fabulantur,
493 2693 683 2729 Troianam
705 2694 829 2731 urbem
849 2696 1108 2742 despectantes,
1155 2699 1352 2745 Quemnam
1379 2710 1486 2745 porro
1502 2700 1676 2736 Graecum
