1924 3164
298 168 411 224 356
884 183 1163 227 EXCERPTA

114 293 155 329 Α.
171 292 207 325 C.
223 290 355 332 5621&
384 290 629 347 ἀνθρώπεια
639 322 651 341 ,
691 286 851 342 ξυνῆκε,
878 285 941 342 μὴ
980 282 1065 343 ἄρα
1103 285 1176 329 καί
1211 285 1341 336 αὐτὸς
1366 281 1508 347 χρόνῳ
1536 288 1634 331 ποτὲ
1662 301 1751 329 τοι·

112 340 412 422 Ιυέἒὲἶὲἓούτῳ
439 353 703 411 προσπταίσῃ
733 351 1044 408 δυστυχήματι,
1060 355 1138 395 τοῦ
1165 355 1317 395 λοιποῦ
1342 369 1386 395 τε
1413 352 1628 396 ἐπαύσατο
1644 352 1749 395 κατὰ

302 421 378 465 τὸν
406 423 692 477 προλεχθέντα
719 419 874 475 τρόπον
903 419 1229 475 ἁρματηλατεῖν·
1285 417 1392 475 πρὸς
1418 425 1507 468 τοῖς
1539 420 1750 461 δεδουλω-

297 488 450 542 μένους
477 484 516 527 οἱ
558 488 747 538 βασιλεῖς
774 484 912 541 ἀφῆκε
954 483 1028 526 καί
1071 491 1164 535 ταῖς
1190 485 1312 540 σφῶν
1341 485 1481 527 αὔτῶν
1510 484 1768 539 ἡγεμονίαις.

298 555 539 606 ἐνεβίβασεν
567 546 710 600 αὖθις.
767 551 957 593 ἐνταῦθα
989 552 1146 608 Πέτρῳ
1195 549 1411 594 ἐπαύσατο
1449 553 1525 605 τῆς
1563 549 1779 606 ἱστορίας5

300 619 323 661 ὃ
364 616 500 672 λόγος,
532 614 862 671 ἒγχαλινιόσαντι
893 615 971 671 τὴν
996 619 1073 659 τοῦ
1099 619 1189 672 Ζίχ
1217 618 1315 674 περὶ
1339 614 1540 673 Χοσρόου
1569 619 1754 671 μεγαλη-

299 684 460 740 γορίαν.
515 679 604 724 εἶτα
633 684 860 738 διελέγοντο
889 677 1018 732 αὖθις
1055 686 1262 739 περὶτῶν
1299 685 1530 739 πρακτέων.
1583 680 1755 745 finam-a

300 752 380 805 μὲν
406 748 486 804 γὰρ
504 780 516 802 ,
548 748 606 798 ὥς
638 751 757 804 ἐνῆν,
789 751 1008 806 α’μφιζβολα
1038 750 1082 792 ἓν
1118 750 1235 801 τάξει
1265 748 1338 791 καί
1364 748 1505 807 κόσμῳ
1533 745 1757 802 καθειστή-

302 832 380 858 κει.
431 813 484 858 τὰ
526 811 602 857 οὖν
643 816 742 870 περὶ
772 814 984 857 Σουανίαν
1020 813 1086 857 ἔτι
1133 817 1177 857 ἐν
1215 814 1412 874 μετεώρῳ
1450 814 1644 870 ὑπῆρχε,
1685 814 1760 856 καί

262 879 573 929 Βῦπελέλειπτό
618 897 744 937 σφισι
787 880 898 934 μόνα
926 883 991 923 ἐπ’
1033 880 1273 940 α’μφιβόλῳ.
1327 883 1382 938 τῷ
1409 896 1474 923 τοι
1509 879 1645 931 ἔλεξεν
1673 873 1811 924 nidero

303 950 477 1003 Πέτρος·
509 947 745 999 ,,πλει’στων
774 947 956 989 ἐπαίνων
985 941 1100 999 ἄξιός
1128 949 1243 989 ἐστιν
1274 946 1395 1002 οἷνηρ,
1425 943 1472 995 ὃς
1489 947 1627 988 τέλεια
1655 948 1759 1000 βου-

303 1013 529 1067 λευόμενος
555 1015 711 1055 τέλειον
749 1012 950 1067 ἐπιθήσοι
993 1019 1086 1062 ταῖς
1124 1011 1302 1068 πράξεσι
1327 1011 1372 1054 τὸ
1411 1013 1555 1068 πέρας.
1612 1011 1652 1052 εἷ
1675 1009 1756 1066 γὰρ

306 1079 487 1121 ἐλλείπει
513 1095 554 1120 τι
579 1080 662 1120 τῶν
694 1075 896 1131 δεόντων,
925 1076 1090 1126 ε’λλιήὲς
1129 1074 1248 1130 οἶμαι
1274 1076 1348 1120 καί
1383 1079 1442 1135 τῷ
1468 1078 1760 1134 βουλευομένῳ

307 1144 520 1202 φρόνημα.
579 1146 655 1186 οὐκ
683 1145 775 1199 εἰκῆ
803 1146 850 1186 δὲ
877 1145 951 1185 καί
976 1142 1115 1199 μάτην
1143 1144 1306 1199 εἴρηται
1335 1145 1412 1187 νῦν
1445 1143 1546 1199 ἡμῖν
1572 1142 1595 1184 ὅ
1625 1140 1757 1197 λόγος·

306 1210 414 1266 πρὸς
452 1213 501 1253 σὲ
541 1211 588 1252 δὲ
634 1207 890 1267 φερόμενος,
920 1204 955 1251 ὦ
983 1212 1094 1265 Ζίχ,
1115 1210 1344 1263 Ῥωμαίοις
1381 1225 1424 1252 τε
1469 1211 1542 1252 καί
1567 1208 1818 1265 Πέρσαιςιό

308 1273 542 1333 φανήσεται
578 1278 928 1331 λυσιτελέστερος.
995 1275 1154 1329 εἴποιμι
1197 1277 1245 1317 δέ
1297 1292 1386 1325 πως
1452 1273 1763 1332 φανερώτερον.

308 1343 497 1384 Σουανία
518 1341 745 1394 Ῥωμαίοις
773 1342 953 1396 ὑπῆρχε,
982 1341 1056 1384 καί
1077 1339 1291 1396 ςΡωμαῖοι
1326 1339 1529 1390 Σουάνοις
1561 1342 1764 1386 ἐκέλευον.

309 1403 458 1460 ἀμέλει
492 1409 680 1458 Τζαθίου
710 1404 913 1449 Σουάνων
942 1408 1221 1462 ἐξηγουμένου
1247 1404 1450 1457 Δείτατός
1476 1423 1541 1456 τις
1554 1404 1764 1459 Ῥωμαῖος

310 1470 420 1527 οἷνηρ
449 1472 534 1514 τῶν
562 1473 696 1513 ἐκεῖσε
719 1470 975 1525 ζ,Ρωμοιὶϊιτῶν
1011 1471 1258 1527 καταλόγων
1305 1473 1508 1527 ἐτύγχανε
1535 1467 1765 1527 προεστώςτ

312 1534 422 1579 ἀλλὰ
452 1536 527 1579 καὶ
564 1539 707 1594 ἕτεροί
741 1554 852 1587 τινες
871 1538 1093 1591 Ῥωμαίων
1121 1539 1166 1580 ἐν
1207 1539 1411 1587 Σουάνοις
1436 1537 1657 1580 ἐποιοῦντο
1685 1534 1818 1584 τὰςαο

313 1604 551 1659 διατριβάς.
609 1604 859 1657 δυσμενείας
898 1605 946 1646 δὲ
983 1620 1094 1654 τινος
1124 1635 1135 1646 .
1165 1635 1177 1646 .
1207 1635 1219 1646 .
1245 1635 1257 1647 .
1284 1602 1445 1658 μεταξύ
1489 1604 1565 1646 τοῦ
1603 1604 1766 1653 Λαζῶν

407 1695 441 1728 3.
457 1691 556 1738 πρός
580 1702 626 1738 γε
653 1690 743 1731 τούς
757 1693 850 1726 coni.
864 1694 916 1734 B.,
941 1691 1039 1739 πρὸς
1061 1699 1141 1731 τοῖς
1165 1686 1255 1732 τοὺς
1279 1693 1310 1727 ὃ.
1338 1694 1431 1728 coni.
1458 1693 1500 1727 N.
1601 1690 1767 1739 ιο.μ·ο’να

404 1741 451 1775 Η.
476 1739 575 1786 μόνη
607 1740 702 1785 vulg.
787 1741 837 1774 18.
870 1741 1067 1778 Λείτατοςε
1102 1741 1200 1779 idem
1225 1753 1308 1774 mox
1332 1753 1366 1786 p.
1384 1741 1484 1786 357„
1510 1750 1542 1783 7.
1574 1738 1767 1779 Ἐξίσατος

403 1787 629 1819 nominatur.
749 1798 804 1821 21·
838 1786 955 1834 τινος]
993 1788 1128 1822 excidit
1159 1788 1396 1834 participium
1424 1786 1558 1829 οὔσης,
1597 1786 1697 1833 quod
1719 1785 1764 1818 H.

405 1833 556 1879 supplet
567 1858 577 1876 ,
611 1832 670 1867 vel
693 1834 908 1879 γενομένης.

310 1916 530 1958 permanet,
555 1915 593 1945 et
616 1916 718 1945 rotae
747 1921 890 1957 semper
918 1913 1081 1946 volventi
1107 1923 1162 1945 res
1187 1912 1365 1946 humanas
1385 1910 1523 1946 similes
1543 1920 1644 1945 esse:
1667 1909 1768 1944 veria

312 1965 391 2000 tus,
428 1970 475 1992 ne
510 1959 589 2004 ipse
623 1957 776 2004 posthac
808 1958 848 1992 in
885 1959 1049 2005 aliquam
1083 1960 1326 1993 calamitatem
1359 1959 1561 1999 incideret,
1585 1956 1769 1990 abstinuit

314 2006 487 2050 deinceps
514 2016 557 2039 eo
583 2005 691 2038 modo
708 2030 718 2046 ,
767 2017 841 2050 quo
866 2005 1045 2046 diximus,
1076 2006 1183 2047 vehi,
1220 2012 1257 2040 et
1293 2017 1394 2052 reges
1421 2005 1520 2051 apud
1546 2013 1584 2038 se
1610 2003 1767 2037 servitu-

308 2059 385 2089 tem
413 2052 610 2086 servientes
636 2053 675 2084 in
700 2062 763 2085 sua
788 2062 911 2096 regna,
929 2057 970 2085 ut
989 2053 1079 2094 illic,
1097 2053 1403 2099 quemadmodum
1421 2057 1540 2091 antea,
1559 2054 1766 2094 regnarent,

311 2100 487 2133 ‹limIsitl’
532 2099 602 2133 Hic
626 2099 735 2132 finem
761 2100 902 2144 accepit
927 2099 1023 2133 Petri
1062 2111 1178 2133 sermo
1212 2099 1400 2133 historiam
1435 2097 1645 2138 recitantis,
1686 2105 1761 2142 quo

310 2145 412 2180 Zichi
440 2145 791 2192 magniloquentiam
817 2147 1006 2191 repressit.
1052 2146 1196 2180 Deinde
1222 2147 1473 2180 disseruerunt
1497 2145 1542 2178 de
1566 2143 1644 2184 his,
1672 2148 1766 2188 quae

312 2191 453 2236 agenda
477 2191 673 2226 restabant.
724 2191 852 2225 Cetera
879 2193 977 2226 enim
1005 2193 1147 2233 omnia,
1188 2193 1310 2238 quoad
1339 2194 1416 2226 eius
1455 2192 1534 2225 fieri
1570 2194 1768 2235 potuerat,

313 2238 474 2286 quaein
500 2238 747 2272 controversia
772 2239 938 2281 fuerant,
971 2241 1171 2285 composita
1206 2245 1459 2284 transactaque
1495 2243 1618 2276 erant,
1659 2247 1769 2270 exce-

310 2286 387 2330 ptis
414 2296 507 2329 quae
533 2285 579 2317 ad
608 2285 781 2319 suaniam
806 2284 1060 2331 pertinebant,
1086 2297 1178 2331 quae
1204 2288 1280 2320 sola
1305 2287 1344 2319 in
1369 2295 1544 2330 suspenso
1576 2282 1697 2316 adhuc
1729 2287 1769 2317 et

313 2332 453 2364 incerta
478 2331 686 2366 manebant.
735 2334 866 2378 ltaque
891 2333 1013 2366 Petrus
1039 2333 1144 2366 Zicho
1180 2333 1290 2367 dixit:
1330 2332 1480 2370 „Multis
1505 2329 1677 2363 laudIbus
1711 2329 1770 2362 vir

313 2378 380 2410 ille
406 2377 534 2423 dignus
561 2384 633 2419 est,
669 2379 733 2424 qui
769 2379 932 2424 perfecte
971 2379 1077 2413 utilia
1112 2379 1258 2420 suadet,
1293 2377 1494 2423 eademque
1528 2376 1690 2422 perfecte
1720 2374 1770 2410 ad

315 2425 455 2457 exitum
481 2423 658 2468 perducit.
707 2426 872 2467 Etenim,
906 2428 936 2460 si
970 2427 1061 2471 quid
1086 2427 1124 2460 in
1149 2425 1205 2459 his
1241 2426 1365 2465 deest,
1402 2424 1649 2466 imbecillitati
1682 2423 1770 2468 opi-

313 2482 384 2504 nor
411 2470 541 2504 iudicii
570 2473 668 2512 eius,
695 2471 758 2517 qui
786 2473 972 2518 negotium
994 2473 1173 2518 suscepit,
1205 2471 1434 2509 attribuitur,
1494 2470 1577 2503 Non
1603 2469 1769 2503 immeri-

318 2522 359 2551 to
379 2528 499 2562 neque
523 2522 658 2551 temere
684 2517 774 2551 haec
800 2530 819 2551 a
845 2530 902 2552 me
918 2513 1084 2553 ‘habetur
1112 2520 1248 2560 oratio,
1286 2530 1380 2564 quae
1413 2517 1459 2551 ad
1492 2522 1529 2550 te
1554 2516 1712 2557 directa,
1745 2527 1768 2550 o

320 2563 452 2604 Ziche,
491 2563 637 2597 tandem
666 2564 896 2609 in‘magnam
922 2568 1159 2600 Romanorum
1192 2571 1230 2600 et
1263 2567 1448 2599 Persarum
1482 2564 1680 2597 utilitatem
1715 2567 1771 2596 est

321 2609 576 2644 redundatura.
625 2611 751 2643 Dicam
781 2622 844 2657 ego
879 2613 990 2658 paulo
1016 2614 1184 2658 apertius.
1235 2612 1371 2646 Suania
1403 2611 1553 2644 ditionis
1588 2610 1772 2643 Romano-—

322 2668 401 2690 rum
427 2656 517 2698 suit,
543 2662 579 2690 et
606 2656 734 2690 Suanis
761 2659 913 2692 Romani
938 2661 1171 2705 imperarunt,
1220 2658 1303 2703 Quo
1334 2664 1497 2704 tempore
1531 2661 1651 2689 autem
1677 2657 1771 2689 Tza-

321 2703 429 2737 theus
456 2715 581 2737 eorum
609 2703 681 2737 dux
706 2710 800 2743 erat,
829 2706 975 2739 Ditatus
1008 2707 1175 2752 quidam,
1208 2708 1408 2745 Romanus,
1443 2709 1610 2750 praeerat
1641 2702 1771 2735 Roma-

322 2751 381 2785 nis
405 2750 608 2792 militibus,
649 2751 713 2796 qui
744 2751 823 2785 illic
858 2752 896 2785 in
929 2753 1120 2798 praesidiis
1155 2753 1326 2798 agebant:
1364 2758 1442 2786 tum
1481 2760 1628 2797 quoque
1662 2748 1771 2782 multi
