<?xml version="1.0" encoding="UTF-8"?>
<!DOCTYPE html PUBLIC "-//W3C//DTD XHTML 1.0 Transitional//EN"
    "http://www.w3.org/TR/xhtml1/DTD/xhtml1-transitional.dtd">
<html xmlns="http://www.w3.org/1999/xhtml" xml:lang="en" lang="en">
 <head>
  <title>
</title>
<meta http-equiv="Content-Type" content="text/html;charset=utf-8" />
  <meta name='ocr-system' content='tesseract 3.04.00' />
  <meta name='ocr-capabilities' content='ocr_page ocr_carea ocr_par ocr_line ocrx_word'/>
</head>
<body>
  <div class='ocr_page' id='page_1' title='image "./corpusscriptorum10niebuoft/corpusscriptorum10niebuoft_0087.png"; bbox 0 0 1924 3164; ppageno 0'>
   <div class='ocr_carea' id='block_1_1' title="bbox 529 164 1608 226">
    <p class='ocr_par' dir='ltr' id='par_1_1' title="bbox 529 164 1608 226">
     <span class='ocr_line' id='line_1_1' title="bbox 529 164 1608 226; baseline -0.005 0"><span class='ocrx_word' id='word_1_1' title='bbox 529 186 599 225; x_wconf 83' lang='lat' dir='ltr'><em>DE</em></span> <span class='ocrx_word' id='word_1_2' title='bbox 635 185 804 226; x_wconf 80' lang='lat' dir='ltr'><strong>REBUS</strong></span> <span class='ocrx_word' id='word_1_3' title='bbox 843 176 1220 225; x_wconf 76' lang='lat' dir='ltr'><strong>MACEDONICJS.</strong></span> <span class='ocrx_word' id='word_1_4' title='bbox 1535 164 1608 221; x_wconf 82' lang='lat'><em>33</em></span> 
     </span>
    </p>
   </div>
   <div class='ocr_carea' id='block_1_2' title="bbox 0 281 1769 2116">
    <p class='ocr_par' dir='ltr' id='par_1_2' title="bbox 125 281 1609 794">
     <span class='ocr_line' id='line_1_2' title="bbox 153 281 1608 343; baseline -0.001 -13"><span class='ocrx_word' id='word_1_5' title='bbox 153 286 198 330; x_wconf 76' lang='grc' dir='ltr'><em>αἱ</em></span> <span class='ocrx_word' id='word_1_6' title='bbox 241 287 286 330; x_wconf 78' lang='grc' dir='ltr'><em>δὲ</em></span> <span class='ocrx_word' id='word_1_7' title='bbox 327 285 459 338; x_wconf 80' lang='grc' dir='ltr'><em>ὄξεΐαι</em></span> <span class='ocrx_word' id='word_1_8' title='bbox 499 285 575 327; x_wconf 79' lang='grc' dir='ltr'>καί</span> <span class='ocrx_word' id='word_1_9' title='bbox 608 281 903 339; x_wconf 75' lang='grc' dir='ltr'><em>ἇπερίσκεπτοι</em></span> <span class='ocrx_word' id='word_1_10' title='bbox 947 282 1204 340; x_wconf 74' lang='grc' dir='ltr'><em>ἕγχειρῆσεις</em></span> <span class='ocrx_word' id='word_1_11' title='bbox 1230 285 1406 339; x_wconf 83' lang='grc' dir='ltr'><em>ταχείας</em></span> <span class='ocrx_word' id='word_1_12' title='bbox 1432 287 1507 328; x_wconf 82' lang='grc' dir='ltr'>καί</span> <span class='ocrx_word' id='word_1_13' title='bbox 1530 284 1608 343; x_wconf 72' lang='grc' dir='ltr'><em>τοῖς</em></span> 
     </span>
     <span class='ocr_line' id='line_1_3' title="bbox 148 346 1609 406; baseline -0.001 -11"><span class='ocrx_word' id='word_1_14' title='bbox 148 352 425 406; x_wconf 76' lang='grc' dir='ltr'><em>μεταμελείας</em></span> <span class='ocrx_word' id='word_1_15' title='bbox 451 347 649 406; x_wconf 77' lang='grc' dir='ltr'><em>ἤνεγκαν.</em></span> <span class='ocrx_word' id='word_1_16' title='bbox 714 346 744 404; x_wconf 76' lang='grc' dir='ltr'>ἥ</span> <span class='ocrx_word' id='word_1_17' title='bbox 779 366 824 392; x_wconf 87' lang='grc' dir='ltr'><em>τε</em></span> <span class='ocrx_word' id='word_1_18' title='bbox 850 351 936 393; x_wconf 74' lang='grc' dir='ltr'><em>τῶν</em></span> <span class='ocrx_word' id='word_1_19' title='bbox 963 349 1095 405; x_wconf 86' lang='grc' dir='ltr'><em>λόγων</em></span> <span class='ocrx_word' id='word_1_20' title='bbox 1139 349 1286 405; x_wconf 77' lang='grc' dir='ltr'><em>ἰσχὺς,</em></span> <span class='ocrx_word' id='word_1_21' title='bbox 1322 351 1504 404; x_wconf 81' lang='grc' dir='ltr'><em>ἐλπίδων</em></span> <span class='ocrx_word' id='word_1_22' title='bbox 1527 353 1609 404; x_wconf 82' lang='grc' dir='ltr'><em>μὲν</em></span> 
     </span>
     <span class='ocr_line' id='line_1_4' title="bbox 151 402 1608 475; baseline -0.002 -15"><span class='ocrx_word' id='word_1_23' title='bbox 151 420 225 460; x_wconf 83' lang='grc' dir='ltr'><strong><em>καί</em></strong></span> <span class='ocrx_word' id='word_1_24' title='bbox 249 419 484 471; x_wconf 72' lang='grc' dir='ltr'>ἐπιθυμιῶν</span> <span class='ocrx_word' id='word_1_25' title='bbox 522 418 762 475; x_wconf 71' lang='grc' dir='ltr'><em>νικηθεῖσα,</em></span> <span class='ocrx_word' id='word_1_26' title='bbox 810 416 854 463; x_wconf 74' lang='grc' dir='ltr'><em>ἐς</em></span> <span class='ocrx_word' id='word_1_27' title='bbox 893 417 973 468; x_wconf 83' lang='grc' dir='ltr'><em>μὲν</em></span> <span class='ocrx_word' id='word_1_28' title='bbox 1009 414 1084 471; x_wconf 75' lang='grc' dir='ltr'><em>τήν</em></span> <span class='ocrx_word' id='word_1_29' title='bbox 1111 416 1354 472; x_wconf 76' lang='grc' dir='ltr'><em>παραυτίκα</em></span> <span class='ocrx_word' id='word_1_30' title='bbox 1390 414 1525 457; x_wconf 69' lang='grc' dir='ltr'><em>πειθώ</em></span> <span class='ocrx_word' id='word_1_31' title='bbox 1556 402 1608 457; x_wconf 62' lang='grc' dir='ltr'><em>εὖ</em></span> 
     </span>
     <span class='ocr_line' id='line_1_5' title="bbox 151 478 1608 539; baseline -0.002 -13"><span class='ocrx_word' id='word_1_32' title='bbox 151 486 399 538; x_wconf 78' lang='grc' dir='ltr'><em>συγκεῖσθαι</em></span> <span class='ocrx_word' id='word_1_33' title='bbox 427 481 591 535; x_wconf 76' lang='grc' dir='ltr'><em>ἔδοξεν,</em></span> <span class='ocrx_word' id='word_1_34' title='bbox 621 479 727 539; x_wconf 78' lang='grc' dir='ltr'><em>ἔργῳ</em></span> <span class='ocrx_word' id='word_1_35' title='bbox 758 481 804 522; x_wconf 77' lang='grc' dir='ltr'><em>δὲ</em></span> <span class='ocrx_word' id='word_1_36' title='bbox 833 480 885 521; x_wconf 76' lang='grc' dir='ltr'><em>οὕ</em></span> <span class='ocrx_word' id='word_1_37' title='bbox 913 478 1186 536; x_wconf 76' lang='grc' dir='ltr'><strong><em>συνήνεγκεν.</em></strong></span> <span class='ocrx_word' id='word_1_38' title='bbox 1241 479 1435 536; x_wconf 72' lang='grc' dir='ltr'><em>ὀρέγεται</em></span> <span class='ocrx_word' id='word_1_39' title='bbox 1472 482 1519 523; x_wconf 82' lang='grc' dir='ltr'><em>δὲ</em></span> <span class='ocrx_word' id='word_1_40' title='bbox 1547 482 1608 523; x_wconf 82' lang='grc' dir='ltr'><em>εἷ-</em></span> 
     </span>
     <span class='ocr_line' id='line_1_6' title="bbox 125 541 1606 606; baseline -0.001 -16"><span class='ocrx_word' id='word_1_41' title='bbox 125 549 257 606; x_wconf 83' lang='grc' dir='ltr'><em>5ρήνη</em></span> <span class='ocrx_word' id='word_1_42' title='bbox 287 551 365 602; x_wconf 82' lang='grc' dir='ltr'><em>μὲν</em></span> <span class='ocrx_word' id='word_1_43' title='bbox 390 550 466 591; x_wconf 79' lang='grc' dir='ltr'><em>τοῦ</em></span> <span class='ocrx_word' id='word_1_44' title='bbox 493 543 545 588; x_wconf 69' lang='grc' dir='ltr'><em>εὖ</em></span> <span class='ocrx_word' id='word_1_45' title='bbox 574 548 752 601; x_wconf 78' lang='grc' dir='ltr'><em>γνῶναι,</em></span> <span class='ocrx_word' id='word_1_46' title='bbox 800 543 983 599; x_wconf 82' lang='grc' dir='ltr'><em>πόλεμος</em></span> <span class='ocrx_word' id='word_1_47' title='bbox 1012 547 1059 588; x_wconf 77' lang='grc' dir='ltr'><em>δὲ</em></span> <span class='ocrx_word' id='word_1_48' title='bbox 1082 546 1292 599; x_wconf 82' lang='grc' dir='ltr'><em>μάλιστα·</em></span> <span class='ocrx_word' id='word_1_49' title='bbox 1358 541 1438 589; x_wconf 72' lang='grc' dir='ltr'><em>κᾶν</em></span> <span class='ocrx_word' id='word_1_50' title='bbox 1494 545 1606 604; x_wconf 76' lang='grc' dir='ltr'><em>τύχῃ</em></span> 
     </span>
     <span class='ocr_line' id='line_1_7' title="bbox 150 607 1603 669; baseline -0.001 -13"><span class='ocrx_word' id='word_1_51' title='bbox 150 618 230 668; x_wconf 83' lang='grc' dir='ltr'><em>μὲν</em></span> <span class='ocrx_word' id='word_1_52' title='bbox 256 616 334 657; x_wconf 82' lang='grc' dir='ltr'><em>τοῦ</em></span> <span class='ocrx_word' id='word_1_53' title='bbox 359 613 658 669; x_wconf 83' lang='grc' dir='ltr'><em>προσήκοντος,</em></span> <span class='ocrx_word' id='word_1_54' title='bbox 697 613 902 666; x_wconf 76' lang='grc' dir='ltr'><em>ἐλάχιστα</em></span> <span class='ocrx_word' id='word_1_55' title='bbox 929 607 959 668; x_wconf 75' lang='grc' dir='ltr'><em>ἢ</em></span> <span class='ocrx_word' id='word_1_56' title='bbox 988 611 1114 654; x_wconf 75' lang='grc' dir='ltr'><em>οὐδὲν</em></span> <span class='ocrx_word' id='word_1_57' title='bbox 1143 610 1196 654; x_wconf 74' lang='grc' dir='ltr'><em>ἂν</em></span> <span class='ocrx_word' id='word_1_58' title='bbox 1221 611 1478 667; x_wconf 76' lang='grc' dir='ltr'><em>σφάλλοιτο,</em></span> <span class='ocrx_word' id='word_1_59' title='bbox 1507 614 1603 654; x_wconf 80' lang='grc' dir='ltr'><em>δια-</em></span> 
     </span>
     <span class='ocr_line' id='line_1_8' title="bbox 147 672 1602 737; baseline -0.001 -15"><span class='ocrx_word' id='word_1_60' title='bbox 147 678 324 736; x_wconf 76' lang='grc' dir='ltr'><em>μαρτών</em></span> <span class='ocrx_word' id='word_1_61' title='bbox 353 680 399 721; x_wconf 77' lang='grc' dir='ltr'><em>δὲ</em></span> <span class='ocrx_word' id='word_1_62' title='bbox 426 679 605 736; x_wconf 78' lang='grc' dir='ltr'><em>πλείστῳ</em></span> <span class='ocrx_word' id='word_1_63' title='bbox 646 676 720 720; x_wconf 79' lang='grc' dir='ltr'><em>καί</em></span> <span class='ocrx_word' id='word_1_64' title='bbox 756 678 884 720; x_wconf 72' lang='grc' dir='ltr'><em>παντί</em></span> <span class='ocrx_word' id='word_1_65' title='bbox 905 677 1036 735; x_wconf 69' lang='grc' dir='ltr'><em>χρῷτ’</em></span> <span class='ocrx_word' id='word_1_66' title='bbox 1065 672 1119 719; x_wconf 73' lang='grc' dir='ltr'><em>ἂν</em></span> <span class='ocrx_word' id='word_1_67' title='bbox 1145 678 1204 735; x_wconf 70' lang='grc' dir='ltr'><em>τῷ</em></span> <span class='ocrx_word' id='word_1_68' title='bbox 1233 679 1415 737; x_wconf 66' lang='grc' dir='ltr'><em>ἑναντύρ.</em></span> <span class='ocrx_word' id='word_1_69' title='bbox 1442 696 1602 735; x_wconf 85' lang='grc' dir='ltr'><em>παραι-</em></span> 
     </span>
     <span class='ocr_line' id='line_1_9' title="bbox 146 746 517 794; baseline -0.005 -7"><span class='ocrx_word' id='word_1_70' title='bbox 146 746 206 787; x_wconf 77' lang='grc' dir='ltr'><em>νῶ</em></span> <span class='ocrx_word' id='word_1_71' title='bbox 235 747 282 787; x_wconf 82' lang='grc' dir='ltr'><em>δὲ</em></span> <span class='ocrx_word' id='word_1_72' title='bbox 308 750 395 794; x_wconf 81' lang='grc' dir='ltr'><em>τοῖς</em></span> <span class='ocrx_word' id='word_1_73' title='bbox 421 775 434 786; x_wconf 89' lang='grc'><strong>.</strong></span> <span class='ocrx_word' id='word_1_74' title='bbox 463 774 475 785; x_wconf 88' lang='grc'><strong>.</strong></span> <span class='ocrx_word' id='word_1_75' title='bbox 504 774 517 786; x_wconf 90' lang='grc'><strong>.</strong></span> 
     </span>
    </p>

    <p class='ocr_par' dir='ltr' id='par_1_3' title="bbox 257 809 1769 865">
     <span class='ocr_line' id='line_1_10' title="bbox 257 809 1769 865; baseline -0.001 -13"><span class='ocrx_word' id='word_1_76' title='bbox 257 809 314 853; x_wconf 73' lang='grc' dir='ltr'><em>θ’.</em></span> <span class='ocrx_word' id='word_1_77' title='bbox 367 809 614 863; x_wconf 88' lang='grc' dir='ltr'><em>Ἐλπίσαμεν</em></span> <span class='ocrx_word' id='word_1_78' title='bbox 653 838 666 851; x_wconf 87' lang='grc'><strong>.</strong></span> <span class='ocrx_word' id='word_1_79' title='bbox 696 839 707 850; x_wconf 91' lang='grc'><strong>.</strong></span> <span class='ocrx_word' id='word_1_80' title='bbox 747 825 806 865; x_wconf 87' lang='grc' dir='ltr'><em>μη</em></span> <span class='ocrx_word' id='word_1_81' title='bbox 852 839 863 850; x_wconf 92' lang='grc'><strong>.</strong></span> <span class='ocrx_word' id='word_1_82' title='bbox 890 839 904 851; x_wconf 87' lang='grc'><strong>.</strong></span> <span class='ocrx_word' id='word_1_83' title='bbox 942 810 1015 852; x_wconf 82' lang='grc' dir='ltr'><em>ἒπί</em></span> <span class='ocrx_word' id='word_1_84' title='bbox 1037 809 1240 863; x_wconf 78' lang='grc' dir='ltr'><em>μεγάλαις</em></span> <span class='ocrx_word' id='word_1_85' title='bbox 1273 839 1285 852; x_wconf 90' lang='grc'><strong>.</strong></span> <span class='ocrx_word' id='word_1_86' title='bbox 1314 839 1326 852; x_wconf 89' lang='grc'><strong>.</strong></span> <span class='ocrx_word' id='word_1_87' title='bbox 1356 841 1369 853; x_wconf 91' lang='grc'><strong>.</strong></span> <span class='ocrx_word' id='word_1_88' title='bbox 1405 811 1769 860; x_wconf 46' lang='lat' dir='ltr'><em>stammas-codam</em></span> 
     </span>
    </p>

    <p class='ocr_par' dir='ltr' id='par_1_4' title="bbox 98 873 526 933">
     <span class='ocr_line' id='line_1_11' title="bbox 98 873 526 933; baseline -0.007 -14"><span class='ocrx_word' id='word_1_89' title='bbox 98 876 300 933; x_wconf 82' lang='grc' dir='ltr'><em>ιοφιλιάς</em></span> <span class='ocrx_word' id='word_1_90' title='bbox 327 873 526 925; x_wconf 77' lang='grc' dir='ltr'><em>διδόντες.</em></span> 
     </span>
    </p>

    <p class='ocr_par' dir='ltr' id='par_1_5' title="bbox 144 937 1722 1196">
     <span class='ocr_line' id='line_1_12' title="bbox 257 937 1722 998; baseline 0.002 -16"><span class='ocrx_word' id='word_1_91' title='bbox 257 939 298 984; x_wconf 85' lang='grc' dir='ltr'><em>ι’.</em></span> <span class='ocrx_word' id='word_1_92' title='bbox 345 939 437 984; x_wconf 62' lang='grc' dir='ltr'><em>’Ότι</em></span> <span class='ocrx_word' id='word_1_93' title='bbox 462 943 508 983; x_wconf 78' lang='grc' dir='ltr'><em>ἐν</em></span> <span class='ocrx_word' id='word_1_94' title='bbox 535 946 622 991; x_wconf 79' lang='grc' dir='ltr'><em>τοῖς</em></span> <span class='ocrx_word' id='word_1_95' title='bbox 665 971 677 982; x_wconf 91' lang='grc'><strong>.</strong></span> <span class='ocrx_word' id='word_1_96' title='bbox 708 971 720 983; x_wconf 88' lang='grc'><strong>.</strong></span> <span class='ocrx_word' id='word_1_97' title='bbox 756 940 954 994; x_wconf 81' lang='grc' dir='ltr'><em>πολέμοις</em></span> <span class='ocrx_word' id='word_1_98' title='bbox 996 939 1044 982; x_wconf 85' lang='grc' dir='ltr'><em>τὸ</em></span> <span class='ocrx_word' id='word_1_99' title='bbox 1073 941 1152 993; x_wconf 86' lang='grc' dir='ltr'><em>μὲν</em></span> <span class='ocrx_word' id='word_1_100' title='bbox 1187 939 1371 996; x_wconf 78' lang='grc' dir='ltr'><em>χρηστόν</em></span> <span class='ocrx_word' id='word_1_101' title='bbox 1413 937 1722 998; x_wconf 67' lang='grc' dir='ltr'><em>ἑτέρων,ῐὶ.3α3</em></span> 
     </span>
     <span class='ocr_line' id='line_1_13' title="bbox 145 1001 1601 1062; baseline -0.001 -12"><span class='ocrx_word' id='word_1_102' title='bbox 145 1007 193 1051; x_wconf 84' lang='grc' dir='ltr'><em>τὸ</em></span> <span class='ocrx_word' id='word_1_103' title='bbox 222 1009 270 1049; x_wconf 77' lang='grc' dir='ltr'><em>δὲ</em></span> <span class='ocrx_word' id='word_1_104' title='bbox 318 1008 522 1062; x_wconf 74' lang='grc' dir='ltr'><em>δυσχερὲς</em></span> <span class='ocrx_word' id='word_1_105' title='bbox 559 1006 669 1048; x_wconf 77' lang='grc' dir='ltr'><em>ἴδιον</em></span> <span class='ocrx_word' id='word_1_106' title='bbox 698 1037 710 1048; x_wconf 91' lang='grc'><strong>.</strong></span> <span class='ocrx_word' id='word_1_107' title='bbox 739 1036 751 1048; x_wconf 91' lang='grc'><strong>.</strong></span> <span class='ocrx_word' id='word_1_108' title='bbox 782 1003 1089 1048; x_wconf 74' lang='grc' dir='ltr'><em>ὃιακινδυνεύοι</em></span> <span class='ocrx_word' id='word_1_109' title='bbox 1117 1040 1128 1052; x_wconf 89' lang='grc'><strong>.</strong></span> <span class='ocrx_word' id='word_1_110' title='bbox 1156 1037 1168 1047; x_wconf 94' lang='grc'><strong>.</strong></span> <span class='ocrx_word' id='word_1_111' title='bbox 1198 1008 1370 1061; x_wconf 87' lang='grc' dir='ltr'><em>γίνεται.</em></span> <span class='ocrx_word' id='word_1_112' title='bbox 1428 1001 1601 1061; x_wconf 68' lang='grc' dir='ltr'><em>ἄμεινον</em></span> 
     </span>
     <span class='ocr_line' id='line_1_14' title="bbox 146 1069 1601 1129; baseline -0.001 -14"><span class='ocrx_word' id='word_1_113' title='bbox 146 1073 196 1129; x_wconf 68' lang='grc' dir='ltr'><em>δὴ</em></span> <span class='ocrx_word' id='word_1_114' title='bbox 239 1103 250 1114; x_wconf 91' lang='grc'><strong>.</strong></span> <span class='ocrx_word' id='word_1_115' title='bbox 285 1103 300 1114; x_wconf 73' lang='grc'><strong>.</strong></span> <span class='ocrx_word' id='word_1_116' title='bbox 342 1069 743 1128; x_wconf 76' lang='grc' dir='ltr'><em>ὖπερφρονὴσαντας</em></span> <span class='ocrx_word' id='word_1_117' title='bbox 782 1073 1035 1122; x_wconf 69' lang='grc' dir='ltr'><em>ἐκδέξασθαι</em></span> <span class='ocrx_word' id='word_1_118' title='bbox 1073 1102 1086 1113; x_wconf 91' lang='grc'><strong>.</strong></span> <span class='ocrx_word' id='word_1_119' title='bbox 1125 1102 1137 1113; x_wconf 91' lang='grc'><strong>.</strong></span> <span class='ocrx_word' id='word_1_120' title='bbox 1177 1078 1339 1127; x_wconf 81' lang='grc' dir='ltr'><em>πεῖραν.</em></span> <span class='ocrx_word' id='word_1_121' title='bbox 1396 1075 1436 1115; x_wconf 86' lang='grc' dir='ltr'><em>εἰ</em></span> <span class='ocrx_word' id='word_1_122' title='bbox 1461 1075 1510 1115; x_wconf 82' lang='grc' dir='ltr'><em>δέ</em></span> <span class='ocrx_word' id='word_1_123' title='bbox 1535 1089 1601 1123; x_wconf 86' lang='grc' dir='ltr'><em>τις</em></span> 
     </span>
     <span class='ocr_line' id='line_1_15' title="bbox 144 1132 1599 1196; baseline -0.001 -15"><span class='ocrx_word' id='word_1_124' title='bbox 144 1137 300 1194; x_wconf 74' lang='grc' dir='ltr'><em>θράσει</em></span> <span class='ocrx_word' id='word_1_125' title='bbox 326 1134 526 1196; x_wconf 73' lang='grc' dir='ltr'><em>ἀλογίστῳ</em></span> <span class='ocrx_word' id='word_1_126' title='bbox 556 1168 569 1180; x_wconf 92' lang='grc'><strong>.</strong></span> <span class='ocrx_word' id='word_1_127' title='bbox 598 1169 611 1180; x_wconf 88' lang='grc'><strong>.</strong></span> <span class='ocrx_word' id='word_1_128' title='bbox 638 1132 710 1181; x_wconf 71' lang='grc' dir='ltr'><em>ναι</em></span> <span class='ocrx_word' id='word_1_129' title='bbox 737 1135 842 1194; x_wconf 77' lang='grc' dir='ltr'><em>πρὸς</em></span> <span class='ocrx_word' id='word_1_130' title='bbox 865 1134 1047 1190; x_wconf 87' lang='grc' dir='ltr'><em>πόλεμον</em></span> <span class='ocrx_word' id='word_1_131' title='bbox 1074 1137 1258 1193; x_wconf 76' lang='grc' dir='ltr'><em>ἡγεῖται,</em></span> <span class='ocrx_word' id='word_1_132' title='bbox 1301 1137 1341 1178; x_wconf 85' lang='grc' dir='ltr'><em>εἶ</em></span> <span class='ocrx_word' id='word_1_133' title='bbox 1365 1135 1442 1193; x_wconf 77' lang='grc' dir='ltr'><em>τήν</em></span> <span class='ocrx_word' id='word_1_134' title='bbox 1474 1139 1599 1180; x_wconf 84' lang='grc' dir='ltr'><em>Ἀλε-</em></span> 
     </span>
    </p>

    <p class='ocr_par' dir='ltr' id='par_1_6' title="bbox 97 1201 1598 1511">
     <span class='ocr_line' id='line_1_16' title="bbox 97 1201 1598 1262; baseline -0.003 -16"><span class='ocrx_word' id='word_1_135' title='bbox 97 1203 322 1259; x_wconf 74' lang='grc' dir='ltr'><em>ιόξάνδρου</em></span> <span class='ocrx_word' id='word_1_136' title='bbox 350 1235 363 1246; x_wconf 92' lang='grc'>.</span> <span class='ocrx_word' id='word_1_137' title='bbox 402 1234 414 1245; x_wconf 91' lang='grc'><em>.</em></span> <span class='ocrx_word' id='word_1_138' title='bbox 443 1202 583 1262; x_wconf 79' lang='grc' dir='ltr'><em>φορὰν</em></span> <span class='ocrx_word' id='word_1_139' title='bbox 617 1234 630 1245; x_wconf 91' lang='grc'><strong>.</strong></span> <span class='ocrx_word' id='word_1_140' title='bbox 670 1235 682 1245; x_wconf 89' lang='grc'><strong>.</strong></span> <span class='ocrx_word' id='word_1_141' title='bbox 721 1203 953 1256; x_wconf 69' lang='grc' dir='ltr'><em>σκεψάσθω</em></span> <span class='ocrx_word' id='word_1_142' title='bbox 980 1201 1029 1244; x_wconf 81' lang='grc' dir='ltr'><em>τὸ</em></span> <span class='ocrx_word' id='word_1_143' title='bbox 1070 1234 1082 1244; x_wconf 94' lang='grc'><strong>.</strong></span> <span class='ocrx_word' id='word_1_144' title='bbox 1125 1233 1138 1244; x_wconf 92' lang='grc'>.</span> <span class='ocrx_word' id='word_1_145' title='bbox 1175 1208 1326 1257; x_wconf 76' lang='grc' dir='ltr'><em>πεῖραν</em></span> <span class='ocrx_word' id='word_1_146' title='bbox 1371 1204 1556 1259; x_wconf 76' lang='grc' dir='ltr'><em>φοβερόν</em></span> <span class='ocrx_word' id='word_1_147' title='bbox 1583 1234 1598 1246; x_wconf 87' lang='grc'><strong>.</strong></span> 
     </span>
     <span class='ocr_line' id='line_1_17' title="bbox 146 1266 1597 1326; baseline -0.003 -13"><span class='ocrx_word' id='word_1_148' title='bbox 146 1270 218 1313; x_wconf 79' lang='grc' dir='ltr'><em>καί</em></span> <span class='ocrx_word' id='word_1_149' title='bbox 241 1268 319 1326; x_wconf 73' lang='grc' dir='ltr'><em>τὴν</em></span> <span class='ocrx_word' id='word_1_150' title='bbox 348 1301 361 1312; x_wconf 94' lang='grc'><strong>.</strong></span> <span class='ocrx_word' id='word_1_151' title='bbox 395 1300 407 1312; x_wconf 91' lang='grc'><em>.</em></span> <span class='ocrx_word' id='word_1_152' title='bbox 435 1267 748 1326; x_wconf 75' lang='grc' dir='ltr'><em>παρασκευάζει</em></span> <span class='ocrx_word' id='word_1_153' title='bbox 775 1299 785 1311; x_wconf 94' lang='grc'><strong>.</strong></span> <span class='ocrx_word' id='word_1_154' title='bbox 815 1299 828 1310; x_wconf 86' lang='grc'><strong>.</strong></span> <span class='ocrx_word' id='word_1_155' title='bbox 858 1269 977 1309; x_wconf 80' lang='grc' dir='ltr'><em>δοκεῖ</em></span> <span class='ocrx_word' id='word_1_156' title='bbox 1015 1266 1088 1309; x_wconf 80' lang='grc' dir='ltr'>καί</span> <span class='ocrx_word' id='word_1_157' title='bbox 1114 1267 1136 1308; x_wconf 80' lang='grc' dir='ltr'>ὁ</span> <span class='ocrx_word' id='word_1_158' title='bbox 1167 1270 1236 1309; x_wconf 86' lang='grc' dir='ltr'><em>ε’πι</em></span> <span class='ocrx_word' id='word_1_159' title='bbox 1266 1298 1277 1308; x_wconf 92' lang='grc'><strong>.</strong></span> <span class='ocrx_word' id='word_1_160' title='bbox 1314 1298 1326 1308; x_wconf 92' lang='grc'><strong>.</strong></span> <span class='ocrx_word' id='word_1_161' title='bbox 1365 1283 1414 1309; x_wconf 91' lang='grc' dir='ltr'><em>το</em></span> <span class='ocrx_word' id='word_1_162' title='bbox 1443 1270 1597 1324; x_wconf 76' lang='grc' dir='ltr'><em>διαφε-</em></span> 
     </span>
     <span class='ocr_line' id='line_1_18' title="bbox 145 1329 1596 1393; baseline -0.003 -15"><span class='ocrx_word' id='word_1_163' title='bbox 145 1336 308 1393; x_wconf 89' lang='grc' dir='ltr'><em>ρόντως</em></span> <span class='ocrx_word' id='word_1_164' title='bbox 333 1369 344 1379; x_wconf 92' lang='grc'><em>.</em></span> <span class='ocrx_word' id='word_1_165' title='bbox 372 1365 384 1378; x_wconf 89' lang='grc'><strong>.</strong></span> <span class='ocrx_word' id='word_1_166' title='bbox 414 1334 630 1384; x_wconf 77' lang='grc' dir='ltr'><em>κινδύνους</em></span> <span class='ocrx_word' id='word_1_167' title='bbox 657 1329 856 1387; x_wconf 76' lang='grc' dir='ltr'><em>εὔτολμος</em></span> <span class='ocrx_word' id='word_1_168' title='bbox 901 1364 914 1374; x_wconf 91' lang='grc'><strong>.</strong></span> <span class='ocrx_word' id='word_1_169' title='bbox 942 1364 954 1375; x_wconf 92' lang='grc'><strong>.</strong></span> <span class='ocrx_word' id='word_1_170' title='bbox 981 1350 1024 1375; x_wconf 90' lang='grc' dir='ltr'><em>τι</em></span> <span class='ocrx_word' id='word_1_171' title='bbox 1061 1335 1286 1390; x_wconf 74' lang='grc' dir='ltr'><em>προμηθὲς,</em></span> <span class='ocrx_word' id='word_1_172' title='bbox 1305 1335 1518 1386; x_wconf 82' lang='grc' dir='ltr'><em>μαλακίαν</em></span> <span class='ocrx_word' id='word_1_173' title='bbox 1545 1334 1596 1390; x_wconf 83' lang='grc' dir='ltr'><em>ἦ-</em></span> 
     </span>
     <span class='ocr_line' id='line_1_19' title="bbox 143 1395 1596 1457; baseline 0 -15"><span class='ocrx_word' id='word_1_174' title='bbox 143 1403 288 1457; x_wconf 77' lang='grc' dir='ltr'><em>γοῧντο</em></span> <span class='ocrx_word' id='word_1_175' title='bbox 319 1414 330 1425; x_wconf 84' lang='grc'><em>·</em></span> <span class='ocrx_word' id='word_1_176' title='bbox 357 1399 406 1443; x_wconf 85' lang='grc' dir='ltr'><em>τὸ</em></span> <span class='ocrx_word' id='word_1_177' title='bbox 438 1402 484 1443; x_wconf 80' lang='grc' dir='ltr'><em>δὲ</em></span> <span class='ocrx_word' id='word_1_178' title='bbox 511 1432 524 1443; x_wconf 82' lang='grc'><strong>.</strong></span> <span class='ocrx_word' id='word_1_179' title='bbox 553 1432 565 1450; x_wconf 71' lang='lat'>‚</span> <span class='ocrx_word' id='word_1_180' title='bbox 593 1395 707 1450; x_wconf 70' lang='grc' dir='ltr'><em>ὄντος</em></span> <span class='ocrx_word' id='word_1_181' title='bbox 742 1399 817 1441; x_wconf 80' lang='grc' dir='ltr'><em>καί</em></span> <span class='ocrx_word' id='word_1_182' title='bbox 855 1400 880 1455; x_wconf 85' lang='grc' dir='ltr'><em>ἥ</em></span> <span class='ocrx_word' id='word_1_183' title='bbox 910 1398 1012 1451; x_wconf 82' lang='grc' dir='ltr'><em>ὃόξα</em></span> <span class='ocrx_word' id='word_1_184' title='bbox 1041 1429 1053 1442; x_wconf 87' lang='grc'><strong>.</strong></span> <span class='ocrx_word' id='word_1_185' title='bbox 1083 1430 1096 1441; x_wconf 89' lang='grc'><strong>.</strong></span> <span class='ocrx_word' id='word_1_186' title='bbox 1122 1397 1226 1455; x_wconf 85' lang='grc' dir='ltr'><em>πρὸς</em></span> <span class='ocrx_word' id='word_1_187' title='bbox 1252 1397 1312 1455; x_wconf 66' lang='grc' dir='ltr'><em>μὴ</em></span> <span class='ocrx_word' id='word_1_188' title='bbox 1340 1398 1596 1454; x_wconf 84' lang='grc' dir='ltr'><em>βουλόμενον</em></span> 
     </span>
     <span class='ocr_line' id='line_1_20' title="bbox 143 1461 1592 1511; baseline -0.002 0"><span class='ocrx_word' id='word_1_189' title='bbox 143 1470 190 1511; x_wconf 79' lang='grc' dir='ltr'><em>ἐκ</em></span> <span class='ocrx_word' id='word_1_190' title='bbox 217 1499 230 1510; x_wconf 88' lang='grc'><strong>.</strong></span> <span class='ocrx_word' id='word_1_191' title='bbox 256 1498 270 1511; x_wconf 88' lang='grc'><strong>.</strong></span> <span class='ocrx_word' id='word_1_192' title='bbox 298 1466 371 1510; x_wconf 81' lang='grc' dir='ltr'>καί</span> <span class='ocrx_word' id='word_1_193' title='bbox 395 1466 469 1510; x_wconf 81' lang='grc' dir='ltr'><em>τὸν</em></span> <span class='ocrx_word' id='word_1_194' title='bbox 495 1469 570 1510; x_wconf 80' lang='grc' dir='ltr'><em>τοῦ</em></span> <span class='ocrx_word' id='word_1_195' title='bbox 599 1467 815 1508; x_wconf 75' lang='grc' dir='ltr'><em>ἕπικινὸυν</em></span> <span class='ocrx_word' id='word_1_196' title='bbox 845 1497 856 1507; x_wconf 91' lang='grc'><strong>.</strong></span> <span class='ocrx_word' id='word_1_197' title='bbox 874 1496 897 1507; x_wconf 17' lang='grc' dir='ltr'><em>Ἴ.</em></span> <span class='ocrx_word' id='word_1_198' title='bbox 925 1467 999 1507; x_wconf 84' lang='grc' dir='ltr'>καί</span> <span class='ocrx_word' id='word_1_199' title='bbox 1032 1467 1079 1507; x_wconf 83' lang='grc' dir='ltr'><em>ἐκ</em></span> <span class='ocrx_word' id='word_1_200' title='bbox 1115 1465 1194 1507; x_wconf 83' lang='grc' dir='ltr'><em>τοῦ</em></span> <span class='ocrx_word' id='word_1_201' title='bbox 1221 1467 1268 1507; x_wconf 78' lang='grc' dir='ltr'><em>δὲ</em></span> <span class='ocrx_word' id='word_1_202' title='bbox 1295 1497 1308 1507; x_wconf 89' lang='grc'><strong>.</strong></span> <span class='ocrx_word' id='word_1_203' title='bbox 1338 1497 1350 1508; x_wconf 91' lang='grc'><strong>.</strong></span> <span class='ocrx_word' id='word_1_204' title='bbox 1381 1464 1491 1508; x_wconf 77' lang='grc' dir='ltr'><em>διότι</em></span> <span class='ocrx_word' id='word_1_205' title='bbox 1519 1461 1592 1508; x_wconf 74' lang='grc' dir='ltr'><em>οὗ-</em></span> 
     </span>
    </p>

    <p class='ocr_par' dir='ltr' id='par_1_7' title="bbox 90 1531 1597 1723">
     <span class='ocr_line' id='line_1_21' title="bbox 90 1531 1594 1592; baseline -0.003 -14"><span class='ocrx_word' id='word_1_206' title='bbox 90 1550 213 1584; x_wconf 65' lang='grc' dir='ltr'><em>αοτος</em></span> <span class='ocrx_word' id='word_1_207' title='bbox 241 1564 254 1576; x_wconf 93' lang='grc'><strong>.</strong></span> <span class='ocrx_word' id='word_1_208' title='bbox 283 1564 295 1576; x_wconf 86' lang='grc'><strong>.</strong></span> <span class='ocrx_word' id='word_1_209' title='bbox 337 1531 455 1592; x_wconf 76' lang='grc' dir='ltr'><em>ῥώμῃ</em></span> <span class='ocrx_word' id='word_1_210' title='bbox 493 1531 568 1575; x_wconf 78' lang='grc' dir='ltr'><em>καὶ</em></span> <span class='ocrx_word' id='word_1_211' title='bbox 600 1532 847 1589; x_wconf 80' lang='grc' dir='ltr'><em>παρασκευῇ</em></span> <span class='ocrx_word' id='word_1_212' title='bbox 886 1562 897 1574; x_wconf 90' lang='grc'><strong>.</strong></span> <span class='ocrx_word' id='word_1_213' title='bbox 934 1563 946 1573; x_wconf 92' lang='grc'><em>.</em></span> <span class='ocrx_word' id='word_1_214' title='bbox 984 1533 1059 1587; x_wconf 81' lang='grc' dir='ltr'><em>τῆς</em></span> <span class='ocrx_word' id='word_1_215' title='bbox 1097 1531 1238 1573; x_wconf 74' lang='grc' dir='ltr'><em>αὐτῶν</em></span> <span class='ocrx_word' id='word_1_216' title='bbox 1273 1531 1594 1587; x_wconf 73' lang='grc' dir='ltr'><em>ἐλευθερώσεως</em></span> 
     </span>
     <span class='ocr_line' id='line_1_22' title="bbox 142 1595 1597 1655; baseline -0.001 -13"><span class='ocrx_word' id='word_1_217' title='bbox 142 1601 317 1654; x_wconf 74' lang='grc' dir='ltr'><em>μείζονα</em></span> <span class='ocrx_word' id='word_1_218' title='bbox 344 1595 610 1655; x_wconf 74' lang='grc' dir='ltr'><em>ἀνθρωπίνης</em></span> <span class='ocrx_word' id='word_1_219' title='bbox 637 1600 805 1648; x_wconf 73' lang='grc' dir='ltr'><em>ἐλπίδος</em></span> <span class='ocrx_word' id='word_1_220' title='bbox 826 1596 1092 1650; x_wconf 72' lang='grc' dir='ltr'><em>ἐννοήσαντες</em></span> <span class='ocrx_word' id='word_1_221' title='bbox 1122 1599 1279 1652; x_wconf 80' lang='grc' dir='ltr'><em>πρᾶξαι</em></span> <span class='ocrx_word' id='word_1_222' title='bbox 1300 1597 1597 1653; x_wconf 79' lang='grc' dir='ltr'><em>ἐπεχείρησαν.</em></span> 
     </span>
     <span class='ocr_line' id='line_1_23' title="bbox 145 1659 1594 1723; baseline -0.001 -15"><span class='ocrx_word' id='word_1_223' title='bbox 145 1666 278 1723; x_wconf 74' lang='grc' dir='ltr'><em>ἀρετῇ</em></span> <span class='ocrx_word' id='word_1_224' title='bbox 303 1662 384 1721; x_wconf 75' lang='grc' dir='ltr'><em>γάρ</em></span> <span class='ocrx_word' id='word_1_225' title='bbox 415 1663 488 1707; x_wconf 82' lang='grc' dir='ltr'><strong><em>καί</em></strong></span> <span class='ocrx_word' id='word_1_226' title='bbox 513 1667 760 1721; x_wconf 82' lang='grc' dir='ltr'><em>παρασκευῇ</em></span> <span class='ocrx_word' id='word_1_227' title='bbox 797 1666 870 1720; x_wconf 75' lang='grc' dir='ltr'><em>τῆς</em></span> <span class='ocrx_word' id='word_1_228' title='bbox 901 1663 1166 1706; x_wconf 74' lang='grc' dir='ltr'><em>Μακεδόνων</em></span> <span class='ocrx_word' id='word_1_229' title='bbox 1209 1660 1426 1716; x_wconf 76' lang='grc' dir='ltr'><em>δυνάμεως</em></span> <span class='ocrx_word' id='word_1_230' title='bbox 1455 1659 1594 1717; x_wconf 82' lang='grc' dir='ltr'><em>ἆναμ-</em></span> 
     </span>
    </p>

    <p class='ocr_par' dir='ltr' id='par_1_8' title="bbox 0 1725 1593 1981">
     <span class='ocr_line' id='line_1_24' title="bbox 0 1725 1590 1792; baseline -0.001 -20"><span class='ocrx_word' id='word_1_231' title='bbox 0 1741 2 1792; x_wconf 44' lang='grc' dir='ltr'>ᾗ</span> <span class='ocrx_word' id='word_1_232' title='bbox 143 1730 326 1787; x_wconf 75' lang='grc' dir='ltr'><em>φιλόγως</em></span> <span class='ocrx_word' id='word_1_233' title='bbox 352 1728 512 1780; x_wconf 79' lang='grc' dir='ltr'><em>πάντας</em></span> <span class='ocrx_word' id='word_1_234' title='bbox 550 1727 801 1786; x_wconf 71' lang='grc' dir='ltr'><em>ἀνθρώπους</em></span> <span class='ocrx_word' id='word_1_235' title='bbox 845 1725 1218 1784; x_wconf 79' lang='grc' dir='ltr'><em>ὑπερβαλλούσης,</em></span> <span class='ocrx_word' id='word_1_236' title='bbox 1271 1728 1310 1770; x_wconf 84' lang='grc' dir='ltr'><em>οἱ</em></span> <span class='ocrx_word' id='word_1_237' title='bbox 1338 1729 1399 1782; x_wconf 81' lang='grc' dir='ltr'><em>δὲ,</em></span> <span class='ocrx_word' id='word_1_238' title='bbox 1439 1728 1590 1784; x_wconf 84' lang='grc' dir='ltr'><em>καίπερ</em></span> 
     </span>
     <span class='ocr_line' id='line_1_25' title="bbox 0 1791 1593 1853; baseline -0.002 -14"><span class='ocrx_word' id='word_1_239' title='bbox 0 1797 2 1827; x_wconf 50' lang='lat'>³</span> <span class='ocrx_word' id='word_1_240' title='bbox 143 1794 360 1853; x_wconf 73' lang='grc' dir='ltr'><em>ἆρ’ῥωστίᾳ</em></span> <span class='ocrx_word' id='word_1_241' title='bbox 388 1797 438 1852; x_wconf 78' lang='grc' dir='ltr'><em>τῇ</em></span> <span class='ocrx_word' id='word_1_242' title='bbox 483 1794 613 1851; x_wconf 79' lang='grc' dir='ltr'><em>οἰκείᾳ</em></span> <span class='ocrx_word' id='word_1_243' title='bbox 656 1791 758 1836; x_wconf 79' lang='grc' dir='ltr'><em>οὖδὲ</em></span> <span class='ocrx_word' id='word_1_244' title='bbox 797 1796 881 1837; x_wconf 77' lang='grc' dir='ltr'><em>τῶν</em></span> <span class='ocrx_word' id='word_1_245' title='bbox 907 1794 1117 1847; x_wconf 87' lang='grc' dir='ltr'><em>πολεμίων</em></span> <span class='ocrx_word' id='word_1_246' title='bbox 1143 1801 1232 1843; x_wconf 84' lang='grc' dir='ltr'><em>τοῖς</em></span> <span class='ocrx_word' id='word_1_247' title='bbox 1259 1794 1498 1849; x_wconf 85' lang='grc' dir='ltr'><em>προσοίκοις</em></span> <span class='ocrx_word' id='word_1_248' title='bbox 1541 1791 1593 1836; x_wconf 81' lang='grc' dir='ltr'><em>ἆ-</em></span> 
     </span>
     <span class='ocr_line' id='line_1_26' title="bbox 88 1858 1592 1917; baseline -0.001 -14"><span class='ocrx_word' id='word_1_249' title='bbox 88 1862 338 1916; x_wconf 72' lang='grc' dir='ltr'><em>25ξιόμαχοι</em></span> <span class='ocrx_word' id='word_1_250' title='bbox 364 1858 654 1914; x_wconf 83' lang='grc' dir='ltr'><em>νομιζόμενοι,</em></span> <span class='ocrx_word' id='word_1_251' title='bbox 702 1861 920 1916; x_wconf 66' lang='grc' dir='ltr'><em>προθυμίᾳ</em></span> <span class='ocrx_word' id='word_1_252' title='bbox 956 1862 1006 1916; x_wconf 82' lang='grc' dir='ltr'><em>τῇ</em></span> <span class='ocrx_word' id='word_1_253' title='bbox 1034 1860 1218 1917; x_wconf 72' lang='grc' dir='ltr'><em>σφετέρα</em></span> <span class='ocrx_word' id='word_1_254' title='bbox 1258 1859 1332 1900; x_wconf 88' lang='grc' dir='ltr'><em>καί</em></span> <span class='ocrx_word' id='word_1_255' title='bbox 1371 1860 1489 1916; x_wconf 74' lang='grc' dir='ltr'><em>πόθῳ</em></span> <span class='ocrx_word' id='word_1_256' title='bbox 1517 1861 1592 1915; x_wconf 67' lang='grc' dir='ltr'><em>τῆς</em></span> 
     </span>
     <span class='ocr_line' id='line_1_27' title="bbox 141 1921 1593 1981; baseline -0.004 -11"><span class='ocrx_word' id='word_1_257' title='bbox 141 1930 324 1976; x_wconf 78' lang='grc' dir='ltr'><em>παλαιᾶς</em></span> <span class='ocrx_word' id='word_1_258' title='bbox 351 1923 579 1981; x_wconf 70' lang='grc' dir='ltr'><em>εὐπραξίας</em></span> <span class='ocrx_word' id='word_1_259' title='bbox 608 1927 652 1974; x_wconf 81' lang='grc' dir='ltr'><em>ἐς</em></span> <span class='ocrx_word' id='word_1_260' title='bbox 678 1923 726 1967; x_wconf 84' lang='grc' dir='ltr'><em>τὸ</em></span> <span class='ocrx_word' id='word_1_261' title='bbox 756 1921 807 1966; x_wconf 83' lang='grc' dir='ltr'><em>ἆν</em></span> <span class='ocrx_word' id='word_1_262' title='bbox 837 1930 924 1978; x_wconf 81' lang='grc' dir='ltr'><em>τοῖς</em></span> <span class='ocrx_word' id='word_1_263' title='bbox 953 1921 1180 1966; x_wconf 77' lang='grc' dir='ltr'><em>Μακεδόσι</em></span> <span class='ocrx_word' id='word_1_264' title='bbox 1217 1921 1322 1965; x_wconf 82' lang='grc' dir='ltr'><em>κατὰ</em></span> <span class='ocrx_word' id='word_1_265' title='bbox 1349 1940 1593 1979; x_wconf 79' lang='grc' dir='ltr'><em>παρασκευ-</em></span> 
     </span>
    </p>

    <p class='ocr_par' dir='ltr' id='par_1_9' title="bbox 141 1985 1588 2050">
     <span class='ocr_line' id='line_1_28' title="bbox 141 1985 1588 2050; baseline -0.003 -15"><span class='ocrx_word' id='word_1_266' title='bbox 141 1992 195 2050; x_wconf 81' lang='grc' dir='ltr'><em>ὴν</em></span> <span class='ocrx_word' id='word_1_267' title='bbox 223 1990 482 2048; x_wconf 70' lang='grc' dir='ltr'><em>ὡρμήθησαν</em></span> <span class='ocrx_word' id='word_1_268' title='bbox 506 2021 518 2032; x_wconf 87' lang='grc'><strong>.</strong></span> <span class='ocrx_word' id='word_1_269' title='bbox 545 2021 557 2032; x_wconf 89' lang='grc'><strong>.</strong></span> <span class='ocrx_word' id='word_1_270' title='bbox 584 1988 670 2045; x_wconf 82' lang='grc' dir='ltr'><em>χρὴ</em></span> <span class='ocrx_word' id='word_1_271' title='bbox 701 1991 748 2032; x_wconf 79' lang='grc' dir='ltr'><em>δὲ</em></span> <span class='ocrx_word' id='word_1_272' title='bbox 775 2020 787 2030; x_wconf 93' lang='grc'><strong>.</strong></span> <span class='ocrx_word' id='word_1_273' title='bbox 815 2019 828 2030; x_wconf 92' lang='grc'><strong>.</strong></span> <span class='ocrx_word' id='word_1_274' title='bbox 851 1990 930 2043; x_wconf 84' lang='grc' dir='ltr'><em>μὲν</em></span> <span class='ocrx_word' id='word_1_275' title='bbox 962 1986 1259 2044; x_wconf 66' lang='grc' dir='ltr'><em>προπαθόντας</em></span> <span class='ocrx_word' id='word_1_276' title='bbox 1300 1990 1375 2029; x_wconf 82' lang='grc' dir='ltr'>καί</span> <span class='ocrx_word' id='word_1_277' title='bbox 1412 1988 1470 2037; x_wconf 77' lang='grc' dir='ltr'><em>ὥς</em></span> <span class='ocrx_word' id='word_1_278' title='bbox 1505 1985 1588 2031; x_wconf 82' lang='grc' dir='ltr'><em>οἷπό</em></span> 
     </span>
    </p>

    <p class='ocr_par' dir='ltr' id='par_1_10' title="bbox 141 2051 1591 2116">
     <span class='ocr_line' id='line_1_29' title="bbox 141 2051 1591 2116; baseline -0.003 -16"><span class='ocrx_word' id='word_1_279' title='bbox 141 2061 216 2116; x_wconf 75' lang='grc' dir='ltr'><em>τῆς</em></span> <span class='ocrx_word' id='word_1_280' title='bbox 243 2057 391 2112; x_wconf 80' lang='grc' dir='ltr'><em>ὅμοιόυ</em></span> <span class='ocrx_word' id='word_1_281' title='bbox 420 2057 447 2099; x_wconf 77' lang='grc' dir='ltr'><strong>ἅ</strong></span> <span class='ocrx_word' id='word_1_282' title='bbox 485 2087 497 2098; x_wconf 88' lang='grc'><strong>.</strong></span> <span class='ocrx_word' id='word_1_283' title='bbox 528 2086 540 2098; x_wconf 92' lang='grc'><strong>.</strong></span> <span class='ocrx_word' id='word_1_284' title='bbox 567 2062 654 2105; x_wconf 84' lang='grc' dir='ltr'><em>τοῖς</em></span> <span class='ocrx_word' id='word_1_285' title='bbox 679 2087 691 2098; x_wconf 93' lang='grc'><strong>.</strong></span> <span class='ocrx_word' id='word_1_286' title='bbox 723 2086 735 2097; x_wconf 92' lang='grc'><strong>.</strong></span> <span class='ocrx_word' id='word_1_287' title='bbox 762 2053 890 2112; x_wconf 75' lang='grc' dir='ltr'><em>νήσας</em></span> <span class='ocrx_word' id='word_1_288' title='bbox 917 2052 989 2096; x_wconf 80' lang='grc' dir='ltr'>καί</span> <span class='ocrx_word' id='word_1_289' title='bbox 1015 2052 1174 2108; x_wconf 75' lang='grc' dir='ltr'><em>δωρεὰς</em></span> <span class='ocrx_word' id='word_1_290' title='bbox 1201 2055 1386 2103; x_wconf 81' lang='grc' dir='ltr'><em>ἐοικυίας</em></span> <span class='ocrx_word' id='word_1_291' title='bbox 1428 2051 1591 2097; x_wconf 75' lang='grc' dir='ltr'><em>ἀντιδι-</em></span> 
     </span>
    </p>
   </div>
   <div class='ocr_carea' id='block_1_3' title="bbox 233 2119 1590 2410">
    <p class='ocr_par' dir='ltr' id='par_1_11' title="bbox 233 2119 1590 2410">
     <span class='ocr_line' id='line_1_30' title="bbox 235 2119 1590 2175; baseline -0.003 -9"><span class='ocrx_word' id='word_1_292' title='bbox 235 2143 256 2166; x_wconf 80' lang='lat'>2</span> <span class='ocrx_word' id='word_1_293' title='bbox 291 2131 456 2175; x_wconf 79' lang='grc' dir='ltr'><em>ἔνεγκαν</em></span> <span class='ocrx_word' id='word_1_294' title='bbox 477 2128 533 2164; x_wconf 86' lang='lat' dir='ltr'><em>ed.</em></span> <span class='ocrx_word' id='word_1_295' title='bbox 582 2131 615 2165; x_wconf 81' lang='lat'><em>3.</em></span> <span class='ocrx_word' id='word_1_296' title='bbox 639 2125 708 2171; x_wconf 71' lang='grc' dir='ltr'><em>τὴν</em></span> <span class='ocrx_word' id='word_1_297' title='bbox 732 2128 791 2170; x_wconf 89' lang='grc' dir='ltr'><em>Β.,</em></span> <span class='ocrx_word' id='word_1_298' title='bbox 814 2119 854 2161; x_wconf 82' lang='grc' dir='ltr'><em>τό</em></span> <span class='ocrx_word' id='word_1_299' title='bbox 878 2125 932 2159; x_wconf 87' lang='lat' dir='ltr'><em>ed.</em></span> <span class='ocrx_word' id='word_1_300' title='bbox 1006 2125 1037 2159; x_wconf 88' lang='lat'><em>5.</em></span> <span class='ocrx_word' id='word_1_301' title='bbox 1067 2122 1141 2160; x_wconf 72' lang='grc' dir='ltr'><em>κᾶν</em></span> <span class='ocrx_word' id='word_1_302' title='bbox 1162 2124 1219 2166; x_wconf 88' lang='grc' dir='ltr'><em>Ν.,</em></span> <span class='ocrx_word' id='word_1_303' title='bbox 1238 2127 1302 2159; x_wconf 76' lang='grc' dir='ltr'><em>καὶ</em></span> <span class='ocrx_word' id='word_1_304' title='bbox 1325 2126 1381 2159; x_wconf 88' lang='lat' dir='ltr'><em>ed.</em></span> <span class='ocrx_word' id='word_1_305' title='bbox 1434 2139 1485 2162; x_wconf 77' lang='grc' dir='ltr'><em>ιι.</em></span> <span class='ocrx_word' id='word_1_306' title='bbox 1509 2132 1590 2165; x_wconf 81' lang='grc' dir='ltr'><em>τοῖς</em></span> 
     </span>
     <span class='ocr_line' id='line_1_31' title="bbox 235 2171 1587 2226; baseline -0.002 -16"><span class='ocrx_word' id='word_1_307' title='bbox 235 2175 457 2226; x_wconf 72' lang='grc' dir='ltr'><em>Ιπλείστοις]</em></span> <span class='ocrx_word' id='word_1_308' title='bbox 494 2176 677 2222; x_wconf 79' lang='grc' dir='ltr'><em>πολέμοις</em></span> <span class='ocrx_word' id='word_1_309' title='bbox 708 2176 744 2208; x_wconf 89' lang='grc' dir='ltr'><em>Β.</em></span> <span class='ocrx_word' id='word_1_310' title='bbox 835 2185 885 2208; x_wconf 83' lang='lat'><em>12.</em></span> <span class='ocrx_word' id='word_1_311' title='bbox 922 2171 1024 2205; x_wconf 79' lang='grc' dir='ltr'><em>ἴδιον</em></span> <span class='ocrx_word' id='word_1_312' title='bbox 1056 2171 1155 2219; x_wconf 75' lang='grc' dir='ltr'><em>[τῶν]</em></span> <span class='ocrx_word' id='word_1_313' title='bbox 1190 2171 1587 2222; x_wconf 64' lang='grc' dir='ltr'><em>διακινδυνευόνῂων]</em></span> 
     </span>
     <span class='ocr_line' id='line_1_32' title="bbox 233 2212 1590 2270; baseline -0.001 -14"><span class='ocrx_word' id='word_1_314' title='bbox 233 2236 269 2270; x_wconf 79' lang='lat' dir='ltr'><em>y.</em></span> <span class='ocrx_word' id='word_1_315' title='bbox 294 2224 332 2257; x_wconf 84' lang='lat' dir='ltr'><em>B.</em></span> <span class='ocrx_word' id='word_1_316' title='bbox 409 2224 459 2269; x_wconf 79' lang='grc'><em>14.</em></span> <span class='ocrx_word' id='word_1_317' title='bbox 487 2247 495 2255; x_wconf 93' lang='grc'><strong>.</strong></span> <span class='ocrx_word' id='word_1_318' title='bbox 521 2247 530 2255; x_wconf 91' lang='grc'><strong>.</strong></span> <span class='ocrx_word' id='word_1_319' title='bbox 555 2223 632 2270; x_wconf 76' lang='grc' dir='ltr'><em>ναι]</em></span> <span class='ocrx_word' id='word_1_320' title='bbox 660 2224 758 2256; x_wconf 80' lang='grc' dir='ltr'><em>ἰέναι</em></span> <span class='ocrx_word' id='word_1_321' title='bbox 782 2222 821 2255; x_wconf 89' lang='grc' dir='ltr'><em>Β.</em></span> <span class='ocrx_word' id='word_1_322' title='bbox 889 2218 936 2266; x_wconf 81' lang='grc' dir='ltr'><em>εἰ]</em></span> <span class='ocrx_word' id='word_1_323' title='bbox 967 2220 1020 2255; x_wconf 80' lang='grc' dir='ltr'><em>εἰς</em></span> <span class='ocrx_word' id='word_1_324' title='bbox 1043 2219 1080 2251; x_wconf 89' lang='grc' dir='ltr'><em>Β.</em></span> <span class='ocrx_word' id='word_1_325' title='bbox 1133 2219 1183 2253; x_wconf 88' lang='grc' dir='ltr'><em>ι5.</em></span> <span class='ocrx_word' id='word_1_326' title='bbox 1209 2212 1350 2267; x_wconf 72' lang='grc' dir='ltr'><em>φορὰν]</em></span> <span class='ocrx_word' id='word_1_327' title='bbox 1379 2215 1590 2267; x_wconf 66' lang='grc' dir='ltr'><em>συμφορὰν</em></span> 
     </span>
     <span class='ocr_line' id='line_1_33' title="bbox 235 2264 1590 2316; baseline -0.002 -12"><span class='ocrx_word' id='word_1_328' title='bbox 235 2271 273 2303; x_wconf 91' lang='grc' dir='ltr'><em>Β.</em></span> <span class='ocrx_word' id='word_1_329' title='bbox 390 2281 445 2304; x_wconf 80' lang='lat'><em>20.</em></span> <span class='ocrx_word' id='word_1_330' title='bbox 476 2268 602 2316; x_wconf 71' lang='lat' dir='ltr'><strong><em>[27an]</em></strong></span> <span class='ocrx_word' id='word_1_331' title='bbox 643 2272 707 2311; x_wconf 74' lang='grc' dir='ltr'><em>τῆς</em></span> <span class='ocrx_word' id='word_1_332' title='bbox 731 2268 774 2302; x_wconf 90' lang='lat' dir='ltr'><em>N.</em></span> <span class='ocrx_word' id='word_1_333' title='bbox 862 2268 916 2311; x_wconf 77' lang='lat'><em>24.</em></span> <span class='ocrx_word' id='word_1_334' title='bbox 937 2264 1130 2311; x_wconf 73' lang='grc' dir='ltr'><em>ἄρ’ρωστίᾳ</em></span> <span class='ocrx_word' id='word_1_335' title='bbox 1152 2267 1195 2311; x_wconf 78' lang='grc' dir='ltr'><em>τῇ</em></span> <span class='ocrx_word' id='word_1_336' title='bbox 1220 2267 1340 2310; x_wconf 76' lang='grc' dir='ltr'><em>οἰκείᾳ</em></span> <span class='ocrx_word' id='word_1_337' title='bbox 1364 2272 1402 2301; x_wconf 87' lang='lat' dir='ltr'><em>et</em></span> <span class='ocrx_word' id='word_1_338' title='bbox 1423 2267 1518 2301; x_wconf 83' lang='lat' dir='ltr'>infra</span> <span class='ocrx_word' id='word_1_339' title='bbox 1546 2268 1590 2301; x_wconf 70' lang='grc' dir='ltr'><em>οἷ·</em></span> 
     </span>
     <span class='ocr_line' id='line_1_34' title="bbox 236 2311 1588 2363; baseline -0.001 -14"><span class='ocrx_word' id='word_1_340' title='bbox 236 2316 416 2363; x_wconf 83' lang='grc' dir='ltr'><em>ξιόμαχοι</em></span> <span class='ocrx_word' id='word_1_341' title='bbox 448 2315 526 2349; x_wconf 87' lang='lat' dir='ltr'><strong>cod.</strong></span> <span class='ocrx_word' id='word_1_342' title='bbox 562 2316 691 2350; x_wconf 85' lang='lat' dir='ltr'><strong>iterum</strong></span> <span class='ocrx_word' id='word_1_343' title='bbox 718 2316 922 2358; x_wconf 81' lang='lat' dir='ltr'><strong>inspectus,</strong></span> <span class='ocrx_word' id='word_1_344' title='bbox 947 2311 1075 2357; x_wconf 74' lang='grc' dir='ltr'><em>α’ργιός</em></span> <span class='ocrx_word' id='word_1_345' title='bbox 1098 2321 1178 2345; x_wconf 80' lang='grc' dir='ltr'><em>τισι</em></span> <span class='ocrx_word' id='word_1_346' title='bbox 1201 2314 1242 2359; x_wconf 74' lang='grc' dir='ltr'><em>τῇ</em></span> <span class='ocrx_word' id='word_1_347' title='bbox 1257 2314 1404 2349; x_wconf 73' lang='grc' dir='ltr'><em>οἰκεῖον</em></span> <span class='ocrx_word' id='word_1_348' title='bbox 1427 2319 1464 2348; x_wconf 81' lang='lat' dir='ltr'><em>et</em></span> <span class='ocrx_word' id='word_1_349' title='bbox 1478 2313 1588 2354; x_wconf 78' lang='grc' dir='ltr'><em>ἄξιον</em></span> 
     </span>
     <span class='ocr_line' id='line_1_35' title="bbox 235 2357 1141 2410; baseline -0.007 -14"><span class='ocrx_word' id='word_1_350' title='bbox 235 2363 327 2410; x_wconf 75' lang='grc' dir='ltr'><em>ἄχρι</em></span> <span class='ocrx_word' id='word_1_351' title='bbox 353 2364 408 2398; x_wconf 86' lang='lat' dir='ltr'><em>ed.</em></span> <span class='ocrx_word' id='word_1_352' title='bbox 479 2362 597 2397; x_wconf 46' lang='lat'><em>26422‘</em></span> <span class='ocrx_word' id='word_1_353' title='bbox 621 2361 714 2409; x_wconf 83' lang='grc' dir='ltr'><em>τοῖς]</em></span> <span class='ocrx_word' id='word_1_354' title='bbox 738 2360 966 2404; x_wconf 61' lang='grc' dir='ltr'><em>ἀντιστῆναι</em></span> <span class='ocrx_word' id='word_1_355' title='bbox 989 2359 1082 2394; x_wconf 86' lang='lat' dir='ltr'>coni.</span> <span class='ocrx_word' id='word_1_356' title='bbox 1098 2357 1141 2392; x_wconf 81' lang='lat' dir='ltr'><em>N.</em></span> 
     </span>
    </p>
   </div>
   <div class='ocr_carea' id='block_1_4' title="bbox 144 2449 1597 2730">
    <p class='ocr_par' dir='ltr' id='par_1_12' title="bbox 144 2449 1597 2730">
     <span class='ocr_line' id='line_1_36' title="bbox 144 2449 1587 2496; baseline -0.003 -9"><span class='ocrx_word' id='word_1_357' title='bbox 144 2456 196 2488; x_wconf 76' lang='lat' dir='ltr'><em>sit</em></span> <span class='ocrx_word' id='word_1_358' title='bbox 222 2454 325 2494; x_wconf 81' lang='lat' dir='ltr'><strong>utile,</strong></span> <span class='ocrx_word' id='word_1_359' title='bbox 351 2451 603 2487; x_wconf 75' lang='lat' dir='ltr'>ratiocinando</span> <span class='ocrx_word' id='word_1_360' title='bbox 628 2450 833 2496; x_wconf 84' lang='lat' dir='ltr'>cognoscit,</span> <span class='ocrx_word' id='word_1_361' title='bbox 866 2449 1084 2483; x_wconf 80' lang='lat' dir='ltr'><strong>contrarium</strong></span> <span class='ocrx_word' id='word_1_362' title='bbox 1111 2452 1231 2483; x_wconf 77' lang='lat' dir='ltr'><strong>autem</strong></span> <span class='ocrx_word' id='word_1_363' title='bbox 1258 2449 1460 2493; x_wconf 83' lang='lat' dir='ltr'><strong>praevisum</strong></span> <span class='ocrx_word' id='word_1_364' title='bbox 1486 2450 1587 2482; x_wconf 81' lang='lat' dir='ltr'>vitat.</span> 
     </span>
     <span class='ocr_line' id='line_1_37' title="bbox 147 2495 1588 2545; baseline -0.005 -10"><span class='ocrx_word' id='word_1_365' title='bbox 147 2499 344 2535; x_wconf 85' lang='lat' dir='ltr'><strong>Subitanea</strong></span> <span class='ocrx_word' id='word_1_366' title='bbox 366 2506 475 2545; x_wconf 84' lang='lat' dir='ltr'><strong>atque</strong></span> <span class='ocrx_word' id='word_1_367' title='bbox 501 2498 767 2532; x_wconf 75' lang='lat' dir='ltr'>inconsiderata</span> <span class='ocrx_word' id='word_1_368' title='bbox 789 2499 933 2541; x_wconf 82' lang='lat' dir='ltr'>incepta</span> <span class='ocrx_word' id='word_1_369' title='bbox 943 2496 1092 2529; x_wconf 83' lang='lat' dir='ltr'>celerem</span> <span class='ocrx_word' id='word_1_370' title='bbox 1101 2495 1366 2540; x_wconf 69' lang='lat' dir='ltr'>poenitentiam</span> <span class='ocrx_word' id='word_1_371' title='bbox 1380 2502 1588 2540; x_wconf 86' lang='lat' dir='ltr'>provocant.</span> 
     </span>
     <span class='ocr_line' id='line_1_38' title="bbox 144 2541 1587 2589; baseline -0.004 -8"><span class='ocrx_word' id='word_1_372' title='bbox 144 2548 210 2581; x_wconf 89' lang='lat' dir='ltr'><em>Elo</em></span> <span class='ocrx_word' id='word_1_373' title='bbox 241 2548 395 2580; x_wconf 80' lang='lat' dir='ltr'><em>uentiae.</em></span> <span class='ocrx_word' id='word_1_374' title='bbox 410 2547 485 2586; x_wconf 82' lang='lat' dir='ltr'>vis,</span> <span class='ocrx_word' id='word_1_375' title='bbox 510 2546 540 2578; x_wconf 86' lang='lat' dir='ltr'><em>si</em></span> <span class='ocrx_word' id='word_1_376' title='bbox 566 2545 643 2589; x_wconf 80' lang='lat' dir='ltr'>spei</span> <span class='ocrx_word' id='word_1_377' title='bbox 669 2544 778 2578; x_wconf 84' lang='lat' dir='ltr'><em>alicui</em></span> <span class='ocrx_word' id='word_1_378' title='bbox 803 2543 860 2577; x_wconf 67' lang='lat' dir='ltr'><em>uel</em></span> <span class='ocrx_word' id='word_1_379' title='bbox 886 2541 1078 2588; x_wconf 81' lang='lat' dir='ltr'><strong>cupiditati</strong></span> <span class='ocrx_word' id='word_1_380' title='bbox 1103 2545 1150 2576; x_wconf 80' lang='lat' dir='ltr'><em>sit</em></span> <span class='ocrx_word' id='word_1_381' title='bbox 1175 2541 1353 2582; x_wconf 81' lang='lat' dir='ltr'>obnoxia,</span> <span class='ocrx_word' id='word_1_382' title='bbox 1390 2553 1410 2574; x_wconf 85' lang='lat' dir='ltr'>e</span> <span class='ocrx_word' id='word_1_383' title='bbox 1433 2543 1587 2586; x_wconf 84' lang='lat' dir='ltr'>vestigio</span> 
     </span>
     <span class='ocr_line' id='line_1_39' title="bbox 146 2588 1586 2639; baseline -0.003 -13"><span class='ocrx_word' id='word_1_384' title='bbox 146 2595 209 2639; x_wconf 84' lang='lat' dir='ltr'><em>qui</em></span> <span class='ocrx_word' id='word_1_385' title='bbox 239 2604 296 2625; x_wconf 88' lang='lat' dir='ltr'><em>em</em></span> <span class='ocrx_word' id='word_1_386' title='bbox 332 2592 545 2638; x_wconf 78' lang='lat' dir='ltr'><strong>persuadere</strong></span> <span class='ocrx_word' id='word_1_387' title='bbox 582 2591 749 2632; x_wconf 79' lang='lat' dir='ltr'><em>videtur,</em></span> <span class='ocrx_word' id='word_1_388' title='bbox 782 2602 820 2623; x_wconf 86' lang='lat' dir='ltr'><em>re</em></span> <span class='ocrx_word' id='word_1_389' title='bbox 853 2599 938 2622; x_wconf 82' lang='lat' dir='ltr'>vero</span> <span class='ocrx_word' id='word_1_390' title='bbox 970 2589 1048 2634; x_wconf 86' lang='lat' dir='ltr'>ipsa</span> <span class='ocrx_word' id='word_1_391' title='bbox 1080 2599 1155 2622; x_wconf 87' lang='lat' dir='ltr'><em>non</em></span> <span class='ocrx_word' id='word_1_392' title='bbox 1186 2588 1343 2632; x_wconf 75' lang='lat' dir='ltr'><strong>prodest.</strong></span> <span class='ocrx_word' id='word_1_393' title='bbox 1393 2589 1461 2621; x_wconf 82' lang='lat' dir='ltr'><em>Pax</em></span> <span class='ocrx_word' id='word_1_394' title='bbox 1488 2588 1586 2622; x_wconf 90' lang='lat' dir='ltr'><strong>bono</strong></span> 
     </span>
     <span class='ocr_line' id='line_1_40' title="bbox 146 2635 1583 2685; baseline -0.004 -11"><span class='ocrx_word' id='word_1_395' title='bbox 146 2639 300 2674; x_wconf 78' lang='lat' dir='ltr'>consilio</span> <span class='ocrx_word' id='word_1_396' title='bbox 324 2644 423 2685; x_wconf 79' lang='lat' dir='ltr'><strong>eget,</strong></span> <span class='ocrx_word' id='word_1_397' title='bbox 447 2639 563 2672; x_wconf 83' lang='lat' dir='ltr'><strong>multo</strong></span> <span class='ocrx_word' id='word_1_398' title='bbox 586 2648 671 2671; x_wconf 84' lang='lat' dir='ltr'>vero</span> <span class='ocrx_word' id='word_1_399' title='bbox 696 2637 805 2682; x_wconf 81' lang='lat' dir='ltr'>magis</span> <span class='ocrx_word' id='word_1_400' title='bbox 831 2636 989 2668; x_wconf 83' lang='lat' dir='ltr'><strong>bellum:</strong></span> <span class='ocrx_word' id='word_1_401' title='bbox 1025 2635 1064 2668; x_wconf 85' lang='lat' dir='ltr'><em>in</em></span> <span class='ocrx_word' id='word_1_402' title='bbox 1088 2646 1162 2680; x_wconf 87' lang='lat' dir='ltr'><em>quo</em></span> <span class='ocrx_word' id='word_1_403' title='bbox 1189 2635 1220 2667; x_wconf 83' lang='lat' dir='ltr'><em>si</em></span> <span class='ocrx_word' id='word_1_404' title='bbox 1245 2635 1327 2680; x_wconf 87' lang='lat' dir='ltr'><em>quis</em></span> <span class='ocrx_word' id='word_1_405' title='bbox 1350 2645 1474 2668; x_wconf 82' lang='lat' dir='ltr'><strong>verum</strong></span> <span class='ocrx_word' id='word_1_406' title='bbox 1497 2646 1583 2679; x_wconf 82' lang='lat' dir='ltr'>pro-</span> 
     </span>
     <span class='ocr_line' id='line_1_41' title="bbox 145 2681 1597 2730; baseline -0.004 -11"><span class='ocrx_word' id='word_1_407' title='bbox 145 2686 300 2728; x_wconf 83' lang='lat' dir='ltr'>viderit,</span> <span class='ocrx_word' id='word_1_408' title='bbox 324 2685 504 2720; x_wconf 79' lang='lat' dir='ltr'>rarissime</span> <span class='ocrx_word' id='word_1_409' title='bbox 527 2690 590 2718; x_wconf 83' lang='lat' dir='ltr'><em>aut</em></span> <span class='ocrx_word' id='word_1_410' title='bbox 621 2695 816 2730; x_wconf 85' lang='lat' dir='ltr'><strong>numquam</strong></span> <span class='ocrx_word' id='word_1_411' title='bbox 841 2681 1014 2715; x_wconf 79' lang='lat' dir='ltr'>offendit:</span> <span class='ocrx_word' id='word_1_412' title='bbox 1047 2683 1113 2727; x_wconf 85' lang='lat' dir='ltr'><em>qui</em></span> <span class='ocrx_word' id='word_1_413' title='bbox 1136 2691 1239 2714; x_wconf 81' lang='lat' dir='ltr'><strong>secus</strong></span> <span class='ocrx_word' id='word_1_414' title='bbox 1262 2681 1368 2722; x_wconf 83' lang='lat' dir='ltr'>facit,</span> <span class='ocrx_word' id='word_1_415' title='bbox 1402 2681 1597 2716; x_wconf 79' lang='lat' dir='ltr'>contraria-</span> 
     </span>
    </p>
   </div>
   <div class='ocr_carea' id='block_1_5' title="bbox 142 2731 1303 2780">
    <p class='ocr_par' dir='ltr' id='par_1_13' title="bbox 142 2731 1303 2780">
     <span class='ocr_line' id='line_1_42' title="bbox 142 2731 1303 2780; baseline -0.004 -13"><span class='ocrx_word' id='word_1_416' title='bbox 142 2733 359 2780; x_wconf 82' lang='lat' dir='ltr'><strong>plerumque</strong></span> <span class='ocrx_word' id='word_1_417' title='bbox 385 2738 480 2766; x_wconf 74' lang='lat' dir='ltr'><strong>sorte</strong></span> <span class='ocrx_word' id='word_1_418' title='bbox 501 2732 628 2766; x_wconf 79' lang='lat' dir='ltr'><em>utitur.</em></span> <span class='ocrx_word' id='word_1_419' title='bbox 679 2731 812 2764; x_wconf 63' lang='lat' dir='ltr'>Hortor</span> <span class='ocrx_word' id='word_1_420' title='bbox 834 2734 955 2763; x_wconf 73' lang='lat' dir='ltr'><strong>autem</strong></span> <span class='ocrx_word' id='word_1_421' title='bbox 1002 2751 1303 2766; x_wconf 85' lang='grc'><strong>......</strong></span> 
     </span>
    </p>
   </div>
   <div class='ocr_carea' id='block_1_6' title="bbox 185 2798 1319 2848">
    <p class='ocr_par' dir='ltr' id='par_1_14' title="bbox 185 2798 1319 2848">
     <span class='ocr_line' id='line_1_43' title="bbox 185 2798 1319 2848; baseline -0.005 -12"><span class='ocrx_word' id='word_1_422' title='bbox 185 2802 370 2848; x_wconf 75' lang='lat' dir='ltr'><em>Dexippus</em></span> <span class='ocrx_word' id='word_1_423' title='bbox 384 2827 398 2842; x_wconf 93' lang='lat'><em>,</em></span> <span class='ocrx_word' id='word_1_424' title='bbox 423 2801 618 2847; x_wconf 73' lang='lat' dir='ltr'><em>Eunapius</em></span> <span class='ocrx_word' id='word_1_425' title='bbox 633 2808 698 2836; x_wconf 79' lang='lat' dir='ltr'><em>etc.</em></span> <span class='ocrx_word' id='word_1_426' title='bbox 1299 2798 1319 2830; x_wconf 85' lang='lat'><strong>3</strong></span> 
     </span>
    </p>
   </div>
  </div>
 </body>
</html>
