1924 3164
637 161 670 199 E
707 159 882 201 Pmscl
923 160 1196 203 HlsToRlA.
1533 163 1636 216 199

189 258 245 308 ὥς
272 259 420 300 τούτου
447 259 579 315 χάριν
607 261 865 315 πευσόμενος
890 265 967 304 τοῦ
1002 262 1243 318 Ὀνηγησίου
1282 267 1371 312 τοῖς
1393 262 1681 318 περιβόλοιςλ.
1699 269 1820 314 6448

187 327 500 380 προσκαρτερῶ,
531 325 603 368 καὶ
627 327 988 383 ἀντερωτήσαντος
1016 331 1055 370 εἰ
1082 326 1222 377 αὐτοῖς
1249 327 1273 370 ὅ
1296 328 1496 382 Ἀπήλας
1523 325 1625 385 ἥμε-
1637 316 1770 398 Ῑέἓὲὲά
1785 363 1824 407 4¹

186 388 263 444 ρόν
289 407 330 432 τι
368 390 443 432 καί
462 394 596 447 πρᾶον
622 391 721 447 περὶ
734 394 756 418 *
784 396 1009 449 πρεσβείας
1037 395 1300 450 ἁπεκρίνατο,
1330 392 1471 449 ἔλεγον
1495 396 1632 449 μηδα-
1773 387 1780 394 ’

184 458 276 508 μῶς
307 459 647 511 μετατρέπεσθαι
673 459 747 513 τῆς
773 460 952 515 γνώμης,
982 460 1090 501 α’λλὰ
1120 458 1302 514 πόλεμον
1329 463 1631 515 καταγγέλλειν,

130 527 134 530 ⁴
158 523 225 567 5εἰ
250 518 309 576 μή
334 537 380 575 γε
409 519 523 580 αύτῷ
550 522 751 576 Σιλβανός
778 520 804 579 ἢ
833 523 884 566 τὰ
914 523 1141 578 ἐκπώματα
1179 529 1409 583 πεμφθείη.
1437 527 1633 568 α’ποθαυ-

182 586 400 639 μαζόντων
442 589 489 630 δὲ
526 587 757 644 ἧμῶν“τῆς
796 586 996 640 ἀπονοίας
1022 589 1094 633 τὸν
1121 589 1364 648 βάρβαρον,
1404 589 1631 647 ὑπολαβών

183 652 207 693 ὁ
231 652 778 710 “Ρωμύλος,’πρεσβευτής
817 655 922 712 οἰνήρ
968 658 1041 698 καί
1077 660 1240 699 πολλῶν
1272 655 1530 713 πραγμάτων
1555 656 1632 712 ἔμ-

182 734 325 774 πειρος
342 750 354 771 ,
385 717 497 774 ἔλεγε
524 718 599 773 τήν
628 717 763 762 αὐτοῦ
788 723 989 777 μεγίστην
1017 721 1151 778 τύχην
1179 723 1251 764 καί
1276 722 1352 778 τήν
1380 725 1425 764 ἐκ
1453 725 1528 779 τῆς
1554 724 1656 765 τύ-Β

177 800 260 838 χης
306 783 487 837 δύναμιν
533 787 714 841 ἐξαίρειν
754 786 920 842 αὐτὸν,
966 784 1073 830 ὥστε
1101 787 1159 844 μή
1190 786 1420 843 ἀνέχεσθαι
1461 791 1632 832 δικαίων

132 847 336 903 ιολόγων,
381 851 422 892 εἰ
454 849 511 906 μή
546 849 811 907 πρὸςαῦτοῦ
839 855 987 910 νομίσῃ
1017 852 1232 911 ὖπὰρχειν
1260 851 1434 904 αύτούς.
1492 854 1635 896 οὐδενὶ

177 914 258 969 γάρ
298 915 379 956 τῶν
418 913 582 958 πώποτε
622 919 695 972 τῆς
733 920 947 973 Σκυθικῆς
987 914 1016 974 ἢ
1040 918 1114 961 καὶ
1139 917 1283 975 ἑτέρας
1312 918 1529 975 α’ρξάντων
1556 921 1632 974 γῆς

176 981 365 1022 τοσαῦτα
389 982 433 1023 ἐν
456 980 582 1039 ὅλίγῳ
605 986 977 1039 καταπεπρᾶχθαι,
1002 980 1110 1026 ὥστε
1130 986 1203 1026 καί
1219 987 1302 1026 τῶν
1330 987 1374 1027 ἐν
1402 987 1461 1042 τῷ
1484 986 1631 1027 Ὠκεα-

179 1047 237 1103 νῷ
265 1046 400 1100 νήσων
425 1041 597 1101 ἄρχειν,
619 1050 692 1090 καί
717 1047 822 1104 πρὸς
849 1047 963 1107 πιέσῃ
994 1051 1046 1106 τῇ
1071 1052 1260 1107 άκυθικῇ
1288 1051 1363 1092 καί
1383 1050 1630 1103 ζΡωμαίους

176 1110 288 1165 ἔχειν
327 1113 371 1159 ἐς
409 1110 544 1167 φόρου
584 1113 825 1169 ἀπαγωγήν.
881 1115 1099 1170 ἐφιέμενον
1126 1116 1174 1156 δὲ
1201 1114 1305 1172 πρὸς
1331 1122 1418 1166 τοῖς
1445 1118 1631 1171 παροῦσι

127 1176 373 1219 ιόπλειόνων
419 1177 493 1220 καί
530 1177 603 1221 ἐπὶ
639 1182 787 1232 μεῖζον
817 1174 996 1231 αὔξοντα
1023 1179 1100 1235 τήν
1127 1179 1264 1235 ἀρχήν
1281 1214 1294 1234 ‚
1339 1181 1413 1222 καί
1438 1183 1482 1229 ἐς
1509 1181 1630 1236 ,Πέρ-

174 1259 253 1291 σας
281 1243 453 1285 οἰπιέναι
479 1241 724 1297 βούλεσθαι.
750 1246 833 1286 τῶν
861 1247 907 1287 δὲ
924 1247 981 1287 .έν
1007 1243 1109 1300 ἡμῖν
1135 1261 1248 1294 τινος
1267 1248 1508 1300 πυθομένου
1538 1249 1630 1288 ποί-

174 1325 227 1350 αν
256 1307 356 1350 ὁδὸν
383 1309 556 1365 τραπείς
582 1311 626 1358 ἐς
652 1311 831 1365 Πέρσας
857 1312 997 1352 ἐλθεῖν
1027 1309 1275 1365 δυνήσεται,
1304 1309 1441 1365 ἔλεγεν
1470 1311 1492 1352 ὃ
1517 1311 1630 1353 ‘Pm-
1662 1318 1666 1322 '

171 1373 318 1426 μύλος,
345 1372 406 1429 μή
426 1377 563 1431 πολλῷ
591 1373 842 1430 διαστήματι
870 1375 948 1431 τήν
965 1376 1134 1431 Μήδων
1162 1373 1393 1433 οἷφεοτάναι
1422 1393 1494 1431 της
1511 1380 1659 1418 >lxv-C

173 1442 323 1495 θικῆς,
353 1437 451 1482 οὐδὲ
486 1434 670 1490 Οῧννους
697 1438 896 1497 ἀπείρους
921 1444 994 1496 τῆς
1023 1441 1126 1483 ὁδοῦ
1153 1441 1307 1498 ταύτης
1334 1438 1467 1496 εἶναι,
1519 1441 1626 1484 α’λλοὶ

119 1506 306 1548 αοπάλαι
343 1507 386 1555 ές
424 1505 558 1561 αὖτήν
599 1507 914 1562 ἐμβεβληκέναι,
955 1510 1085 1560 λιμοῦ
1124 1523 1168 1550 τε
1196 1506 1271 1562 τήν
1297 1506 1445 1563 χώραν
1471 1510 1629 1563 κρατή-·

170 1587 329 1626 σαντος,
348 1575 432 1615 ,καί
452 1572 681 1626 ζΡωμαίων
711 1572 782 1615 διὰ
811 1573 882 1616 τόν
911 1571 1005 1615 τότε
1033 1570 1330 1627 συνιστάμενον
1358 1572 1540 1626 πόλεμον
1566 1575 1626 1628 μή

263 1659 295 1707 η’.
322 1674 356 1707 ει
383 1674 464 1707 add.
498 1675 549 1716 Β.,
575 1674 740 1722 πότερον
764 1675 846 1709 add.
875 1677 919 1711 H.
1028 1677 1059 1710 3.
1092 1687 1129 1709 u
1153 1675 1218 1715 N„
1246 1685 1285 1710 ιε
1309 1675 1404 1720 vulg.
1483 1686 1533 1708 ιο.
1559 1673 1627 1706 αι]-

261 1722 332 1753 τοῦ
355 1722 412 1762 N„
436 1715 555 1755 αὐτὸν
580 1723 678 1766 vulg.
708 1721 838 1757 οὐδενὶ
863 1724 931 1764 Ν.,
970 1720 1076 1756 οὔπω
1101 1722 1196 1768 vulg.
1296 1734 1348 1756 ια.
1378 1720 1626 1766 καταπεπρᾶ-

263 1769 362 1811 χθαι
386 1769 446 1808 Β.,
482 1768 729 1815 κατεπράχθη
753 1769 851 1815 vulg.

173 1836 323 1880 inquam
339 1860 348 1875 ,
375 1839 416 1868 ut
435 1836 544 1868 sciam
570 1847 614 1869 ex
635 1836 830 1881 Onegesio‚
855 1838 952 1869 intra
976 1837 1045 1869 ista
1068 1842 1171 1881 septa
1199 1837 1404 1880 opperior.“
1452 1837 1545 1870 Tum
1561 1847 1626 1880 ego

173 1881 256 1914 illos
295 1882 452 1914 vicissim
490 1882 742 1925 percunctari,
771 1894 817 1915 an
853 1883 1006 1928 aliquod
1029 1884 1118 1916 mite
1153 1893 1366 1926 responsum
1403 1882 1449 1915 ad
1488 1892 1552 1922 ea,
1580 1883 1625 1915 de

172 1927 306 1972 quibus
328 1929 440 1972 legati
461 1933 656 1969 venerant,
690 1928 735 1961 ab
759 1927 875 1962 Attila
903 1929 1084 1962 tulissent.
1133 1930 1374 1973 Nequaquam
1398 1928 1501 1961 aiunt
1518 1928 1625 1962 illum

171 1973 340 2007 deducia
358 1976 558 2015 sententia,
583 1975 648 2009 sed
681 1973 822 2008 bellum
853 1975 983 2007 minari
1030 1980 1067 2008 et
1099 1974 1336 2015 denuntiare,
1364 1976 1403 2008 ni
1446 1975 1622 2017 Sylvanus

172 2026 236 2055 aut
260 2021 390 2065 pocula
408 2021 600 2059 dedantur,
647 2020 720 2055 Nos
740 2033 824 2055 vero
859 2033 939 2054 cum
965 2021 1114 2054 barbari
1136 2023 1351 2055 miraremur
1369 2022 1480 2054 animi
1502 2021 1623 2066 impo-

170 2069 347 2108 tentiam,
372 2068 558 2109 Romulus,
580 2067 634 2101 vir
655 2068 778 2101 multis
797 2067 1176 2102 honorificentissimis
1204 2067 1450 2113 legationibus
1475 2068 1622 2101 functus

171 2120 208 2148 et
225 2115 341 2148 multo
369 2126 488 2148 rerum
515 2127 582 2148 usu
606 2115 792 2158 praeditus
807 2140 816 2155 ,
835 2115 887 2147 ait
903 2139 912 2153 ‚
931 2115 1088 2148 secunda
1121 2114 1267 2147 fortuna
1292 2120 1329 2147 et
1352 2114 1516 2159 potentia
1535 2113 1623 2147 inde

171 2161 323 2194 collecta
340 2161 432 2195 adeo
455 2162 561 2195 illum
593 2162 736 2201 efferri,
774 2166 814 2193 ut
837 2161 941 2194 iustis
974 2160 1202 2194 sermonibus
1233 2161 1376 2193 nullum
1397 2159 1495 2206 apud
1512 2172 1549 2194 se
1563 2161 1622 2194 lo-

171 2219 252 2240 cum
272 2208 515 2254 relinqueret,
542 2208 614 2241 nisi
652 2218 713 2241 eos
740 2219 785 2240 ex
812 2218 850 2240 re
879 2218 943 2240 sua
969 2218 1046 2241 esse
1078 2212 1251 2241 censeret.
1301 2207 1416 2241 Nemo
1457 2217 1620 2284 ιιιιεὲυοη]

171 2264 317 2294 eorum,
340 2255 405 2300 qui
437 2255 476 2287 in
507 2253 679 2298 Scythia,
718 2255 777 2287 vel
805 2254 896 2287 alibi
923 2259 1139 2299 regnarunt,
1173 2258 1292 2287 tantas
1321 2265 1376 2287 res
1413 2257 1488 2287 tam
1545 2255 1622 2288 revi

170 2305 332 2345 tempore
351 2301 469 2345 gessit.
521 2301 651 2334 Totius
682 2300 850 2345 Scythiae
881 2299 1106 2335 dominatum
1137 2300 1209 2333 sihi
1232 2300 1474 2345 comparavit,
1513 2306 1549 2334 et
1576 2300 1623 2333 ad

171 2347 308 2381 Oceani
331 2348 467 2381 insulas
485 2358 602 2393 usque
637 2348 828 2392 imperium
866 2359 970 2380 suum
1002 2346 1188 2387 extendit,
1213 2351 1255 2380 ut
1275 2348 1386 2380 etiam
1404 2357 1424 2379 a
1447 2348 1620 2381 Romanis

170 2394 308 2427 tributa
331 2394 460 2440 exigat.
508 2394 583 2428 Nec
610 2393 668 2427 his
685 2399 898 2435 contentus,
923 2394 970 2428 ad
994 2394 1101 2440 longe
1122 2393 1259 2428 maiora
1288 2394 1450 2427 animum
1471 2393 1620 2435 adiecit,

171 2445 209 2473 et
230 2441 338 2474 latius
365 2441 510 2486 imperii
537 2441 593 2474 sui
616 2442 705 2474 fines
741 2440 960 2486 protendere
1004 2445 1042 2474 et
1070 2439 1193 2474 Persas
1218 2440 1318 2474 bello
1345 2439 1490 2486 aggredi
1521 2441 1622 2485 cogi-

170 2491 234 2520 tat.
283 2487 361 2521 Uno
383 2498 427 2520 ex
452 2487 559 2521 nobis
593 2493 810 2534 quaerente,
844 2498 916 2533 qua
942 2486 1001 2520 via
1029 2498 1048 2520 e
1080 2486 1226 2530 Scythia
1256 2487 1295 2519 in
1324 2487 1447 2520 Persas
1468 2487 1619 2520 tendere

169 2537 317 2577 posset,
348 2535 519 2568 Romulus
545 2534 661 2575 dixit,
689 2546 763 2567 non
794 2534 902 2577 longo
933 2534 1093 2567 locorum
1125 2534 1318 2567 intervallo
1354 2533 1479 2566 Medos
1510 2532 1619 2566 dissi-

111 2576 115 2581 *
169 2585 226 2612 tos
253 2590 330 2612 esse
355 2591 375 2613 a
394 2580 548 2624 Scythis,
573 2592 693 2627 neque
720 2581 870 2613 Hunnos
893 2579 988 2613 hanc
1012 2580 1107 2613 viam
1130 2581 1293 2620 nescire,
1318 2580 1381 2613 sed
1404 2580 1505 2620 olim,
1527 2579 1619 2612 fame

168 2638 234 2670 per
260 2636 382 2659 eorum
411 2628 595 2672 regionem
621 2632 823 2673 grassante,
849 2638 929 2660 cum
955 2627 1104 2660 Romani
1136 2633 1286 2672 propter
1319 2625 1483 2667 bellum,
1520 2625 1621 2671 quod

169 2677 257 2705 tunc
290 2673 462 2717 temporis
498 2674 692 2720 gerebant,
724 2674 873 2706 minime
910 2684 990 2706 cum
1016 2673 1090 2714 iliis
1113 2674 1256 2718 proelio
1282 2672 1534 2713 decertarent,
1553 2672 1620 2706 hac

168 2720 363 2764 irrupisse,
388 2725 425 2754 et
445 2720 490 2755 ad
513 2721 639 2755 Medos
667 2732 781 2768 usque
806 2719 970 2754 Bazicum
999 2725 1036 2755 et
1059 2721 1245 2756 Cursicum
1261 2745 1271 2762 ,
1293 2719 1400 2755 duces
1434 2719 1595 2765 ipsorum
1613 2744 1625 2761 ,
