1924 3164
343 138 475 214 457ιὶ
719 157 961 199 ῬΗιιιΡΡι
999 157 1185 199 ιΑΒΒΕι
1222 158 1407 202 NOTAE
1464 204 1466 206 ,

354 277 443 303 usus
474 263 623 302 interiit
647 260 932 301 Valentiniano
950 271 1032 301 octo
1052 261 1151 316 (lege
1179 264 1347 303 duorum
1362 294 1374 315 ‚
1417 272 1487 305 aut
1521 266 1574 306 ad
1602 280 1806 310 summum

353 319 489 370 trium)
499 331 692 356 annorum
696 317 798 372 filio
825 318 1023 356 derelicto.
1056 318 1253 357 Omnium
1274 321 1570 360 accuratissime
1582 323 1802 376 Theopha-

354 387 426 412 nes
444 375 485 411 in
506 373 641 411 codice
660 372 897 426 MS.,quem
924 386 1043 424 penes
1074 387 1147 412 nos
1176 374 1389 425 habemus,
1416 376 1492 414 nisi
1522 379 1631 429 quod
1647 379 1806 432 iugula-

353 435 442 466 tum
464 429 611 480 fingat,
657 442 778 480 quem
813 428 932 467 ceteri
964 427 1178 481 pleuritlde
1208 430 1444 469 exstinctum
1471 431 1614 471 volunt
1631 448 1643 472 ε
1669 428 1804 489 τούτῳ

353 483 411 536 τῷ
445 479 530 522 ἔτει
574 476 867 529 Κωνστάντιος
908 480 930 521 ὃ
976 478 1113 534 πατὴρ
1160 483 1512 524 Ουάλεντινιανυῦ
1562 486 1807 538 ἐβασίλευσε

354 533 434 589 πρὸ
466 536 508 585 ἓξ
539 535 664 575 εἰδῶν
693 537 983 590 Φεβρουαρίου
1006 535 1081 576 καὶ
1104 534 1270 592 ἐσφάγη
1304 535 1385 592 πρὸ
1419 537 1455 578 δ’
1472 541 1598 580 νονῶν
1619 542 1807 591 Σεπτεμ-

353 591 492 643 βρίου.
550 590 667 638 Certe
691 591 742 631 ab
766 599 909 631 octavo
926 593 1138 631 Februarii
1166 594 1231 632 die
1264 594 1315 633 ad
1348 595 1567 634 secundum
1598 597 1706 635 diem
1733 597 1806 635 Se-

356 647 549 699 ptembris
577 661 659 685 non
689 648 831 700 integri
851 655 1001 700 septem
1018 647 1168 687 fluxere
1183 663 1362 700 menses⁷
1392 652 1527 703 sicque
1559 665 1630 690 sua
1651 653 1806 691 somnio

357 700 398 742 et
436 702 720 741 historicorum
755 703 1021 741 testificationi
1057 705 1205 742 veritas
1242 712 1397 743 constat
1420 735 1430 752 ‚
1477 713 1523 744 ut
1562 720 1721 746 necesse
1757 706 1809 746 sit

358 756 442 795 salli
469 757 680 810 plerosque
712 772 850 797 omnes
886 757 1178 811 chronologos,
1216 760 1285 812 qui
1313 774 1405 798 cum
1430 761 1582 800 Tirone
1607 761 1808 815 Prospero

358 812 517 852 duobus
549 813 663 852 annis
692 812 888 863 Iulianis,
918 815 990 852 etsi
1024 827 1106 851 non
1140 815 1332 867 integris,
1368 816 1646 857 Constantium
1681 817 1809 870 impe-

357 880 466 906 rasse
493 876 676 907 asserunt
691 898 702 919 ‚
729 875 800 906 aut
827 882 909 907 uno
933 868 1074 907 saltem
1095 883 1202 908 anno
1228 877 1398 908 mortem
1415 872 1499 910 eius
1528 879 1807 924 praevertunt,

357 935 491 975 neque
516 923 623 962 diem
639 953 651 974 ‚
690 937 772 976 quo
789 924 1012 962 diademate
1047 931 1212 963 ornatus
1234 953 1245 974 ‚
1271 932 1341 964 aut
1368 939 1449 979 quo
1481 928 1566 965 vita
1600 926 1721 966 simul
1741 941 1810 966 re·-

356 991 517 1031 gnoquc
543 986 684 1018 exutus
715 985 800 1028 est,
829 978 912 1017 ulla
938 979 1094 1017 ratione
1121 979 1346 1030 designant.

217 1029 252 1062 Ρ·
285 1038 350 1062 ¹00
477 1034 580 1086 Pag.
599 1048 660 1073 12.
681 1034 726 1072 B.
749 1032 867 1087 [ftfilb
899 1033 989 1087 21.]
1019 1034 1086 1072 De
1129 1035 1346 1073 Constantii
1362 1034 1471 1089 Imp.
1498 1036 1682 1076 electione
1708 1051 1811 1077 nun-.-

357 1090 431 1129 tius
451 1091 628 1128 mittitur.
683 1088 977 1141 Philostorgius
1015 1103 1096 1127 non
1127 1091 1315 1128 nuntium
1355 1090 1548 1130 duntaxat
1578 1091 1630 1131 ad
1672 1092 1809 1132 Theo-

358 1144 516 1182 dosium
544 1144 933 1197 Constantinopolim
957 1143 1008 1182 ab
1034 1145 1216 1183 Honorio
1244 1145 1557 1198 Constantioque
1579 1146 1809 1200 ablegatum

357 1199 511 1249 refert,
544 1199 613 1238 sed
644 1214 690 1238 ex
718 1207 877 1252 recepto
923 1213 1036 1238 more
1064 1200 1201 1239 missas
1237 1200 1356 1239 simul
1392 1202 1533 1242 asserit
1572 1201 1685 1240 electi
1721 1202 1838 1241 Au-'

358 1255 465 1307 gusti
489 1256 702 1308 imagines,
727 1269 825 1308 quas
851 1254 1006 1293 labrata
1035 1255 1120 1293 sive
1153 1255 1307 1301 laurata
1329 1256 1448 1294 fuisse
1476 1255 1693 1309 appellatas
1716 1256 1809 1310 plu-

358 1309 471 1358 ribus
496 1310 682 1362 exemplis
715 1311 847 1348 firmat
876 1309 1045 1348 Ioannes
1071 1311 1272 1349 Meursius
1302 1311 1344 1349 in
1371 1310 1572 1352 Glossario
1607 1312 1810 1351 mixobar-

357 1364 491 1410 baro„
534 1366 692 1415 Quibus
719 1366 867 1404 addere
898 1379 1107 1417 possumus
1148 1366 1252 1404 inter
1284 1373 1415 1404 cetera
1439 1367 1668 1407 chronicon
1709 1365 1811 1406 Ale-

360 1420 602 1459 xandrinum
624 1421 674 1458 de
696 1420 938 1459 Anthemio:
970 1416 1044 1457 καί
1070 1417 1261 1471 εἰσῆλθεν
1293 1416 1346 1458 τά
1375 1418 1565 1472 λαβράτα
1605 1418 1740 1459 αὐτοῦ
1767 1420 1814 1460 ἐν

360 1471 806 1515 Κωυσταντινουπόλει
847 1470 917 1513 διὰ
957 1474 1179 1526 Φερεντιόυ
1225 1471 1413 1526 ἐπάρχου
1456 1469 1627 1521 πόλεως.
1688 1476 1814 1526 Quod.

359 1542 458 1577 vero
503 1529 755 1568 Occidentem
785 1543 857 1582 pro
891 1528 1052 1567 Oriente
1076 1528 1161 1571 hoc,
1189 1543 1349 1581 quoque
1369 1529 1459 1568 loco
1485 1536 1636 1570 temere
1663 1531 1812 1570 subro-

361 1592 499 1637 gatum
524 1585 636 1627 vides
652 1614 663 1635 ‚
694 1584 833 1637 culpae
858 1585 990 1636 potius
1018 1583 1173 1622 librarii
1203 1586 1476 1637 properantis,
1517 1599 1638 1638 quam
1665 1586 1813 1625 eruditi

361 1639 595 1692 Interpretis
620 1640 856 1692 μνηιιονικῷ
885 1636 1161 1690 ἁμαρτήματι
1188 1639 1366 1677 tribuere
1386 1638 1517 1689 soleo,
1549 1641 1814 1692 quemadmo-

359 1693 458 1735 dum
476 1697 518 1733 in
542 1695 646 1734 notis
661 1694 866 1732 Theodori
882 1694 1045 1731 Douzae
1069 1693 1120 1731 ad
1139 1692 1395 1745 Acropolitae
1414 1694 1658 1747 Logothetae
1680 1695 1813 1735 Chro-

359 1750 480 1788 nicon
506 1748 996 1801 Constantinopolitanum
1014 1777 1025 1797 ‚
1050 1748 1092 1785 in
1122 1749 1466 1788 emendationibus
1499 1750 1533 1787 F
1536 1750 1694 1790 riderici
1720 1752 1815 1793 Mo,-

359 1804 522 1848 relliad
553 1804 704 1842 librum
730 1803 902 1842 alterum
934 1803 984 1841 de
1011 1802 1255 1842 thematibus
1287 1804 1540 1843 Constantini
1577 1802 1814 1861 Porph'yro-

361 1861 485 1912 geniti
519 1859 684 1912 aliisque
705 1873 787 1897 non
811 1857 933 1897 semel
957 1872 1021 1896 me
1047 1858 1281 1898 observasse
1307 1860 1487 1897 memini.

471 1914 563 1967 Pag
599 1929 657 1953 ¹2.
674 1915 727 1952 D.
752 1913 869 1967 [465³
904 1912 968 1966 9.]
1004 1913 1044 1951 T
1040 1913 1264 1952 hender-iem
1293 1914 1339 1953 V
1333 1915 1456 1953 attiae
1489 1916 1654 1968 suscepit
1687 1915 1816 1969 impe-

361 1971 480 2008 rium.
541 1970 646 2007 Hinc
676 1984 769 2022 ergo
802 1968 1010 2007 confutare
1048 1969 1174 2020 possis
1214 1983 1280 2008 eos
1300 1999 1311 2020 ‚
1341 1971 1411 2022 qui
1448 1967 1606 2007 Valliae
1641 1983 1813 2022 regnum

360 2024 677 2077 Vesogothicum
715 2024 766 2062 ad
807 2024 869 2062 15.
906 2023 1089 2075 pluresve
1126 2037 1251 2062 annos
1286 2031 1528 2077 prorogant,
1567 2037 1647 2076 qua
1678 2024 1728 2062 de
1765 2038 1814 2064 re

362 2079 556 2118 adversus
597 2079 840 2119 Iornandem
874 2077 1050 2131 aliosque
1090 2078 1382 2130 disputavimus
1414 2092 1486 2117 suo
1514 2078 1619 2117 loco.
1676 2078 1817 2118 Theo-

361 2134 524 2172 doricus
551 2133 674 2187 vulgo
695 2134 863 2179 dicitur,
895 2133 1031 2171 addito
1053 2134 1217 2172 Maioris
1243 2136 1327 2173 sive
1353 2134 1527 2172 Senioris
1547 2134 1812 2185 cognomine,

362 2196 409 2227 ut
437 2204 459 2227 a
481 2190 644 2228 Iuniore
676 2188 930 2232 Theodorico
961 2188 1132 2226 discerni
1167 2188 1324 2227 facilius
1365 2188 1515 2241 possit,
1558 2189 1645 2240 qui,
1687 2188 1812 2228 fratre

362 2244 664 2282 Thorismundo
683 2244 909 2293 interfecto,
932 2256 1099 2295 regnum
1115 2243 1439 2296 Vesogothorum
1467 2244 1694 2296 occupavit,
1723 2244 1814 2296 pari

363 2298 510 2338 scelere
529 2299 581 2337 ab
611 2299 761 2338 Eurico
791 2298 915 2337 fratre
937 2305 1076 2350 postea
1108 2306 1338 2352 peremptus
1365 2311 1471 2337 anno
1495 2297 1698 2336 Dominici
1726 2298 1814 2337 Na-

362 2352 454 2393 talis
478 2352 574 2407 469.
751 2384 754 2390 .

476 2407 580 2460 Pag.
606 2422 666 2446 12.
684 2410 740 2448 D.
765 2406 877 2461 [465,
906 2406 987 2460 ι4.]
1031 2407 1242 2446 [st-aniam.
1291 2406 1394 2446 Mihi
1422 2407 1592 2446 dubium
1634 2421 1720 2446 non
1752 2414 1812 2447 est

366 2462 570 2507 aberrasse
591 2463 854 2516 lnterpretem
868 2492 880 2511 ‚
912 2464 981 2515 qui
1012 2462 1060 2500 ad
1092 2464 1310 2501 infaustum
1335 2462 1412 2500 hoc
1443 2462 1697 2515 insolensque
1725 2476 1813 2501 me-.

365 2525 506 2558 teoron
525 2517 647 2556 refert
664 2547 674 2565 ‚
699 2517 810 2570 quod
833 2518 998 2570 Hispani
1032 2525 1178 2556 nautae
1207 2531 1280 2555 san
1306 2517 1452 2565 Telmo,
1490 2525 1685 2556 nostrates
1703 2516 1812 2556 Galli

363 2573 491 2623 Iefiu
513 2573 617 2610 saint
636 2572 677 2610 E
678 2573 776 2620 lme,
808 2587 858 2611 ou
883 2574 1008 2611 sainte
1038 2572 1191 2611 Helene
1222 2578 1471 2624 nuncupant.
1530 2572 1672 2625 Neque
1703 2572 1830 2611 enim·

367 2627 508 2666 Castor
535 2625 775 2677 et-Pollux,
799 2634 870 2666 aut
903 2629 1036 2679 ipsum
1061 2626 1239 2665 Helenae
1259 2625 1366 2665 sidus
1391 2627 1496 2665 inter
1522 2627 1704 2680 prodigia
1733 2639 1812 2667 nu·-

367 2688 595 2731 merantur,
627 2695 720 2721 eum
751 2695 835 2721 non
865 2695 958 2721 raro
989 2689 1206 2735 appareant
1219 2710 1230 2729 ,
1260 2694 1389 2734 neque
1431 2688 1544 2721 tanta
1570 2681 1649 2720 illis
1683 2682 1812 2720 inesse

368 2739 430 2779 vis
461 2735 696 2791 perhibetur
738 2749 762 2776 a
793 2735 967 2790 physicis
980 2766 994 2788 ,
1033 2743 1081 2775 ut
1119 2735 1244 2782 malos
1269 2749 1342 2775 suo
1368 2736 1547 2789 pondere
1584 2736 1811 2790 deprimant
