1924 3164
656 187 690 227 E
727 182 902 227 musei
951 178 1224 225 msa-oum.
1516 176 1535 211 1
1548 157 1622 232 89

168 288 292 344 ὕψος-
309 284 783 346 ἆᾳάντωκ-βαρβᾶρωυμ
794 284 1144 342 ἀπογευσάμενος,
1159 284 1221 326 δὲ.
1234 279 1308 325 καὶ
1316 282 1403 357 ὶτῆς
1427 293 1626 336 προσενει-
1637 289 1725 324 Ag.
1742 290 1813 336 443

175 358 352 412 χθείσης
382 357 498 413 αιῖτῷ
526 353 690 404 κύλικος
721 354 766 403 ἒς
792 351 842 395 τοὶ
870 354 1066 407 βασίλεια
1093 347 1277 406 ἐχώρει,
1313 363 1413 412 οντα
1439 347 1522 388 τῶν
1547 338 1759 420 ati-{5:20}
1772 384 1814 429 4¹

176 427 262 465 λων
288 421 501 479 ὑπέρτερα
529 420 602 463 καὶ
627 421 674 462 ἐν
699 419 854 476 ὑψηλῷ
881 419 1124 470 διακειζαενα
1148 416 1307 473 χωρίῳ.
1346 410 1467 468 ἡμεῖς
1498 412 1546 453 δὲ
1577 411 1623 452 ἐν
1761 410 1772 417 ”

174 494 261 538 τοῖς
282 489 525 544 Ὀνηγησίου
545 520 558 540 ,
587 487 747 529 ἐκείνου
776 481 1199 540 παρακελευσαμένου
1218 512 1232 536 ,
1260 478 1623 535 ἑγκατεμειναμεν·

139 552 481 609 ’δὲπανεληλύθει
519 551 599 608 γὰρ
629 548 710 593 συν
746 551 802 607 τῷ
838 548 1019 604 Ἀττήλα
1055 547 1191 590 παιδί.
1215 585 1217 587 ,
1242 545 1316 589 καὶ
1352 547 1624 603 ἠριστοποιη-
1673 567 1678 570 -

175 618 359 673 σάμεθα,
381 618 685 672 δεξιωσαμένης
703 614 815 670 ἡμᾶς
841 617 915 670 τῆς
942 624 987 656 τε
1013 615 1192 670 γαμετῆς
1217 612 1292 655 καὶ
1313 614 1398 667 τῶν
1422 610 1527 655 κατὰ
1554 614 1624 667 γέ-ί

175 700 244 734 νος
274 685 390 741 αὕτῷ
437 681 744 741 διαφερόντων·
787 679 914 730 αὐτὸς
955 678 1035 735 γιὶρ
1078 679 1137 738 τῷ
1173 675 1355 736 Ἀττήλα
1390 676 1499 732 μετὰ
1546 676 1631 733 τὴν-

166 747 380 793 ,ἔποίνοδον
416 747 504 792 τότε
541 750 707 805 πρῶτον
745 749 789 796 ἐς
827 739 930 800 ἷίψιν
958 744 1123 798 ἐλθών,
1152 746 1226 786 καί
1252 746 1367 803 αὐτῷ
1393 743 1447 786 τὰ
1473 746 1546 788 ἐπὶ
1568 746 1621 802 τῇ
1632 755 1667 789 Ρ.
1680 757 1727 801 59

174 816 335 872 πράξει,
354 816 425 871 ἐφ’
442 812 494 871 ἢν
522 813 711 866 ἔσταλτο,
733 813 1014 867 ἀπαγγέλλων,
1035 814 1108 853 καί
1132 809 1177 853 τὸ
1205 809 1341 860 πάθος
1367 809 1414 852 τὸ
1445 811 1504 868 τῷ
1522 808 1624 853 Ἀτ-

113 881 280 938 Ἰοτήλα
317 879 442 923 παιδὶ
478 880 745 934 συνενεχθὲν,
776 876 870 935 (τήν
905 877 988 935 γὰρ
1032 875 1171 928 δεξιὰν
1194 882 1323 932 χεῖρα
1349 875 1624 930 ἐξολισθήσας

162 950 383 1000 κατέαξεν,
406 948 426 1005 )
456 949 796 1000 συνευωχεῖσθαι
825 942 927 999 ἡμῖν
957 939 1034 986 οὔκ
1060 939 1136 999 ἦγε
1164 938 1334 997 σχολήν.
1359 941 1468 996 μετὰ
1498 943 1544 984 δὲ
1572 940 1621 983 τὸ

174 1015 338 1055 δεῖπνον
358 1010 629 1060 ἀπολιπόντες
656 1009 707 1053 τὰ
734 1013 809 1053 τοῦ
830 1007 1074 1065 Ὀνηγησιόυ
1105 1008 1314 1063 οἰκήματα
1343 1009 1624 1063 πλησίον-τῶν

168 1078 352 1133 Ἀττήλα
380 1075 778 1133 κατεσκηνώσαμεν,
820 1072 849 1131 ἢ
874 1074 988 1132 παρὰ
1017 1073 1092 1118 τὸν
1121 1070 1329 1130 ’Λττὴλαν
1355 1075 1520 1116 ἐπιέναι
1547 1072 1621 1115 τόν

175 1147 435 1198 Μαξιμῖνον,
465 1139 593 1198 ἤγουν
619 1143 693 1184 καί
719 1148 805 1191 τοῖς
829 1137 972 1191 ἄλλοις
998 1146 1084 1190 τοῖς
1111 1140 1218 1196 ἄμφ’
1247 1139 1376 1182 αὐτὸν
1403 1140 1455 1188 ἐς
1473 1138 1622 1193 λόγους

125 1209 284 1252 ιόἰέναι
324 1209 560 1266 ὄφείλοντα,
588 1207 648 1264 μή
684 1209 823 1265 πολλῷ
850 1209 1114 1263 κεχωρίσθαι
1150 1203 1418 1260 διαστήματι.
1474 1205 1623 1259 διαγα-

169 1272 327 1330 γόντων
356 1277 403 1318 δὲ
432 1275 552 1330 ἡμῶν
579 1274 737 1329 ἐκείνην
763 1271 840 1328 τήν
866 1273 992 1315 νύκτα
1023 1274 1068 1314 ἐν
1088 1265 1202 1330 ᾧπερ
1227 1270 1515 1323 κατελύσαμεν
1531 1286 1623 1324 χω·-

171 1342 273 1398 ρίῳ,
311 1341 631 1397 ὑποφαινούσης
670 1337 832 1395 ἡμέρας
869 1336 892 1379 ὅ
934 1340 1179 1391 Μαξιμῖνος
1217 1338 1379 1379 στέλλει
1404 1351 1460 1388 με
1500 1334 1616 1389 παρὰ

169 1405 244 1448 τὸν
278 1402 517 1461 Ὀνηγήσιον
555 1403 607 1448 τοὶ
638 1406 756 1461 δῶρα
797 1404 1015 1456 δώσοντα,
1045 1400 1073 1445 ἅ
1099 1418 1143 1445 τε
1172 1398 1300 1450 αὖτὸς
1327 1402 1485 1454 ἔδιδον,
1515 1398 1544 1442 ἅ
1570 1408 1656 1442 τεΒ

170 1469 371 1526 βασιλεῦς
400 1470 673 1524 α’πεστάλκει,
704 1468 779 1512 καὶ
804 1466 916 1519 ὅπως
942 1470 1074 1524 γνοιή,
1105 1469 1145 1511 εἰ
1171 1464 1368 1522 βούλεται
1393 1466 1520 1524 αὐτῷ,
1549 1465 1623 1508 καί

109 1535 314 1590 αοὸπότε,
344 1538 388 1586 ἐς
415 1535 564 1591 λόγους
595 1538 748 1580 ἐλθεῖν.
802 1535 1143 1590 παραγενόμενος
1185 1536 1232 1577 δὲ
1272 1529 1362 1586 ἅμα
1389 1538 1475 1581 τοῖς
1502 1533 1620 1585 κομί-

170 1605 314 1655 ζουσιν
353 1601 462 1646 αὐτοὶ
500 1600 730 1658 ὑπηρέταις
768 1603 1139 1658 προσεκαρτέρουν,
1169 1597 1234 1642 ἔτι
1269 1601 1352 1643 τῶν
1381 1599 1526 1654 θυρῶν
1554 1614 1622 1640 κε-

266 1723 317 1756 13.
346 1717 381 1767 ἢ]
420 1718 515 1754 ὥστε
539 1721 634 1755 coni.
652 1722 706 1762 Β.,
746 1711 768 1768 ᾗ
791 1721 883 1755 coni.
909 1719 952 1754 N.
1071 1718 1233 1753 εἰσιέναι
1266 1718 1309 1752 Ν.
1408 1719 1458 1753 15.
1485 1716 1621 1763 διαγα-

259 1767 408 1813 γόντων
430 1769 489 1808 B„
517 1767 732 1812 διαγόντων
757 1768 851 1811 vulg.
962 1778 1014 1812 ¹9-
1051 1768 1086 1799 εἰ
1113 1768 1165 1808 Β.,
1189 1767 1228 1800 οἳ
1251 1766 1346 1811 vulg.
1446 1764 1621 1810 βούλεται

265 1814 355 1855 Val.‚
381 1814 577 1857 βουλευταὶ
596 1815 689 1858 vulg.
805 1826 860 1849 αι.
886 1813 987 1858 αὐτῷ
1012 1812 1106 1858 vulg.

167 1909 245 1939 tatu
277 1910 400 1945 erant,
435 1914 645 1949 suspensam
675 1904 835 1938 tabulam
873 1903 966 1949 (erat
1001 1908 1121 1937 autem
1141 1903 1324 1949 argentea)
1346 1902 1611 1937 attollentibus.

166 1952 311 1986 Deinde
342 1951 528 1996 degustato
560 1952 669 1984 calice
692 1976 702 1992 ,
726 1952 790 1996 qui
819 1951 876 1983 illi
906 1950 1027 1983 fuerat
1051 1950 1217 1990 oblatus,
1242 1951 1282 1983 in
1306 1949 1438 1994 regiam
1457 1960 1494 1983 se
1513 1961 1614 1983 rece-

166 2000 234 2044 pit.
283 1999 367 2033 Erat
388 2003 507 2031 autem
524 1998 589 2031 illa
618 1998 770 2044 reliquis
792 1998 1020 2041 conspectior
1045 2001 1083 2029 et
1111 1997 1151 2029 in
1173 1996 1296 2030 altiori
1322 1997 1402 2029 loco
1424 1997 1502 2029 sita.
1537 1996 1611 2028 Nos

167 2057 252 2079 vero
283 2045 322 2078 in
347 2043 498 2079 aedibus
525 2044 696 2089 Onegesii
727 2043 795 2089 (sic
824 2044 889 2076 ille
918 2046 1171 2087 praeceperat;
1210 2043 1369 2076 redierat
1400 2044 1495 2076 enim
1528 2054 1611 2076 cum

167 2092 303 2126 Attilae
324 2091 399 2125 filio
413 2093 439 2136 ς)
469 2092 716 2124 remansimus.
766 2090 845 2123 Illic
871 2100 1020 2122 coenam
1045 2089 1287 2133 sumpsimus,
1316 2089 1521 2134 excipiente
1543 2101 1610 2123 nos

169 2139 248 2171 eius
283 2150 395 2172 uxore
438 2138 606 2172 comitata
641 2132 927 2175 illustrioribus,
969 2137 1032 2182 qui
1067 2145 1148 2168 eum
1175 2145 1304 2180 genere
1337 2135 1609 2180 contingebant.

167 2185 228 2218 Illi
258 2185 355 2218 enim
388 2185 550 2218 animum
577 2184 765 2218 nobiscum
795 2183 960 2216 convivio
993 2181 1195 2216 exhilarare
1227 2193 1292 2227 per
1317 2183 1432 2215 otium
1459 2182 1610 2216 minime

170 2231 297 2274 licuit3
322 2232 409 2276 quia
436 2242 530 2277 quae
587 2235 746 2277 gesserat
792 2229 831 2263 in
853 2229 1023 2274 negotio,
1058 2228 1105 2260 ad
1125 2229 1222 2274 quod
1244 2229 1373 2262 missus
1397 2230 1538 2271 fuerat,
1572 2234 1611 2262 et

168 2277 358 2312 adversum
378 2303 388 2318 ‚
423 2279 487 2323 qui
525 2277 600 2312 filio
640 2277 775 2310 Attilae
809 2277 1030 2321 contigerat,
1063 2286 1182 2308 casum
1203 2274 1387 2320 (dextram
1420 2277 1518 2310 enim
1541 2274 1608 2309 de-

168 2325 290 2369 lapsus
323 2323 510 2369 'fi-egerat)
553 2324 848 2362 renuntiantium,
886 2328 960 2355 tum
994 2321 1150 2367 primum
1182 2333 1203 2355 a
1235 2320 1355 2356 reditu
1397 2322 1437 2356 in
1469 2323 1607 2356 Attilae

169 2376 402 2415 conspectum
421 2375 578 2404 venerat.
627 2371 709 2403 Post
731 2380 894 2410 coenam,
921 2367 1071 2402 aedibus
1086 2368 1256 2413 Onegesii
1281 2369 1436 2408 relictis,
1454 2369 1607 2414 propius

167 2417 303 2451 Attilae
330 2417 438 2450 aedes
465 2418 623 2452 tentoria
646 2418 850 2461 posuimus,
884 2421 926 2449 ut
944 2415 1185 2455 Maximinus,
1211 2425 1320 2460 quem
1338 2415 1489 2449 Attilam
1514 2426 1607 2450 con-

167 2466 312 2504 venire,
337 2469 374 2496 et
401 2475 481 2496 cum
501 2463 579 2505 his,
606 2465 670 2511 qui
694 2464 727 2496 ei
752 2475 772 2496 a
795 2461 956 2496 consiliis
977 2468 1098 2503 erant,
1130 2462 1314 2507 colloquia
1345 2462 1464 2496 facere
1494 2474 1606 2507 opor-

168 2509 295 2548 tebat,
317 2510 466 2544 minime
491 2511 599 2556 longo
631 2511 675 2543 ab
703 2510 815 2543 Attila
845 2509 996 2549 distaret
1013 2509 1214 2543 intervallo.
1262 2509 1344 2542 Illic
1371 2509 1504 2553 igitur,
1530 2521 1603 2555 quo

167 2558 323 2602 primum
354 2555 583 2599 devertimus,
605 2562 746 2591 noctem
768 2556 1016 2601 transegimus.
1065 2555 1161 2589 Luce
1188 2559 1265 2589 orta
1288 2557 1390 2590 misit
1409 2568 1466 2589 me
1480 2556 1605 2588 Maxi-

168 2604 288 2635 minus
312 2601 358 2636 ad
377 2603 619 2648 Onegesium‚
644 2609 686 2636 ut
710 2604 767 2636 illi
806 2609 882 2636 tum
916 2613 1008 2648 quae
1034 2602 1113 2647 ipse
1140 2601 1268 2639 dabat.
1301 2608 1380 2636 tum
1407 2603 1452 2636 ab
1483 2604 1604 2646 Impe-

169 2656 288 2684 ratore
304 2649 410 2682 missa
426 2661 575 2684 munera
597 2650 774 2684 traderem
789 2674 798 2688 ,
824 2654 860 2681 et
882 2654 922 2681 ut
940 2649 1018 2695 ipse
1039 2654 1291 2694 cognosceret,
1330 2661 1376 2682 an
1400 2650 1457 2683 illi
1482 2659 1604 2682 secum

170 2702 210 2733 set
233 2707 303 2741 quo
333 2700 492 2740 tempore
523 2698 744 2743 colloquium
768 2696 860 2728 inire
890 2695 1043 2729 luberet.
1090 2696 1232 2730 Perrexi
1257 2696 1367 2741 igitur
1390 2696 1436 2729 ad
1460 2695 1603 2739 Onege-

169 2743 264 2777 sium
285 2753 366 2776 cum
384 2742 548 2786 famulis,
571 2744 636 2791 qui
658 2744 753 2779 dona
775 2740 990 2788 portabant:
1015 2753 1128 2788 quum
1151 2742 1282 2777 ianuae
1299 2743 1443 2778 clausae
1461 2747 1602 2785 esseut,
