1924 3164
631 174 665 212 E
702 170 910 214 MALCHI
952 171 1223 213 ms'romA.
1495 171 1598 229 271

170 272 353 330 χρηστός
381 271 656 330 φαινόμενος,
714 271 770 322 ὥς
797 274 844 314 δὲ
871 275 916 315 ἐν
953 272 1240 330 Χριστιανούς
1263 272 1424 324 πάντας
1451 276 1608 334 ἐχούσῃ

167 338 306 392 πόλει,
346 338 393 381 τὸ
416 337 649 395 ἾΠληνικὸν
686 339 824 381 adro&
849 341 921 394 τῆς
949 338 1172 395 θρησκείας
1209 341 1285 382 οὔκ
1309 338 1407 395 ἔχον
1433 338 1609 397 ύπόκρι-

167 421 264 458 σιν,
294 403 402 447 ἄλλά
441 403 548 459 μετὰ
587 399 830 460 παρ’ῥησιάς
865 402 1085 461 προδήλως
1128 402 1422 460 δεικνύμενον,
1450 408 1510 456 εἰς
1534 406 1610 462 τήν

167 472 244 512 τοῦ
278 469 353 513 καί
387 471 509 527 ἕτερα
548 472 622 526 τῆς
661 466 844 526 ιῖῥρήτου
888 472 1046 527 σοφίας.
1081 471 1237 514 εἰδέναι
1274 470 1474 515 ὑπόνοιαν
1509 468 1610 528 ἦγε.

144 538 434 583 5συσταθέντα
476 538 523 579 δὲ
560 532 694 578 αύτὸν
721 534 744 577 ὅ
772 529 934 585 Ἴλλους
960 536 1097 592 ἡδέως
1125 539 1316 591 δέχεται.
1371 539 1447 580 καί
1469 555 1511 581 τι
1537 540 1613 581 καί

171 604 354 660 δημοσίᾳ
381 604 540 658 ποίημα
571 601 802 656 ἀναγνόντα
829 603 1033 658 λαμπρῶς
1061 618 1108 644 τε
1136 603 1328 658 ε’τίμησε,
1358 602 1432 645 καί
1457 602 1611 646 σύντα-

165 669 234 721 ’ξιν
263 666 505 725 ἐδωρήσατο
521 703 535 722 ,
579 667 658 722 τὴν
682 669 762 722 μὲν
789 664 921 717 αύτὸς
959 668 1074 726 ἰδίᾳ,
1103 667 1182 723 τὴν
1209 670 1256 711 δὲ
1287 669 1345 719 ὥς
1372 668 1610 730 διδασκάλῳ

168 735 243 776 καί
279 737 326 777 ἐκ
363 736 443 776 τοῦ
479 735 709 790 δημοσίου.
781 735 855 777 καί
896 732 1149 784 ἀπελθόντος
1189 736 1236 777 δὲ
1264 736 1401 778 αύτοῦ
1439 736 1499 785 εἷς
1531 734 1610 791 τήν

166 801 403 856 Ἰσαυρίαν,
441 797 482 842 οἷ
506 798 801 854 βασκαίνοντες
826 796 944 858 αύτῷ
970 803 1193 850 συνθέντες
1220 800 1447 856 διαβολὴν,
1473 799 1549 857 τήν
1565 818 1612 844 τε

118 869 214 912 ιοὲκ
254 868 329 923 τῆς
365 868 614 923 θρησκείας,
657 865 731 909 καὶ
773 863 838 909 ὅτι
873 866 1126 922 μαγγανεύει
1163 866 1238 908 καὶ
1275 865 1525 921 μαντεύοιτο
1553 870 1613 925 τῷ

154 927 274 991 Ἴλλῳ
302 931 406 975 κατὰ
434 935 514 974 τοῦ
539 934 768 987 βασιλέως,
787 935 985 975 πείθουσι
1011 932 1084 976 τὸν
1112 932 1291 988 Ζήνωνα
1318 935 1393 975 καί
1417 933 1494 990 τὴν
1520 938 1612 989 Βη-

164 1000 287 1054 ρίναν
313 996 408 1041 τότε
433 1000 614 1053 μέγιστα
652 1000 887 1054 δυναμένην
913 1001 988 1054 τῆς
1014 997 1171 1049 πόλεως
1195 1000 1433 1054 ἐκπέμψαι.
1491 1002 1565 1042 καί
1584 1000 1610 1042 ὅ

163 1067 242 1118 μὲν
269 1066 313 1114 ἐς
338 1067 573 1120 Πέργαμον
600 1064 876 1122 ἔρχεται-τῆς
907 1067 1108 1116 Μυσίας·
1154 1058 1316 1115 Ἰλλους
1345 1066 1392 1109 δὲ
1420 1064 1612 1120 πυθόμε-

163 1145 246 1183 νος,
274 1129 376 1173 κατὰ
397 1129 472 1186 τήν
498 1132 633 1174 αύτοῢ
650 1129 868 1188 πρόφασιν
886 1129 1121 1188 ἐληλάσθαι
1148 1130 1222 1175 τόν
1251 1127 1410 1188 ἄνδρα,
1437 1134 1611 1186 πέμψας

118 1196 454 1251 ιόἅναλαμβάνει
498 1194 630 1240 αύτόν
667 1199 710 1247 ἐς
733 1198 974 1254 Ἰσαυρίαν.
1044 1198 1118 1240 καὶ
1143 1197 1386 1253 σύμβουλόν
1408 1213 1456 1240 τε
1483 1194 1610 1240 mirina

170 1263 243 1304 καί
269 1261 462 1311 σύνοικον
496 1269 697 1306 ποιεῖται·
752 1263 826 1319 καί
853 1260 924 1320 (ἦν
947 1264 1029 1320 γὰρ
1058 1266 1273 1320 πολιτικῆς
1299 1265 1507 1313 συνέσεως
1534 1262 1611 1317 ἔμ-

163 1332 313 1386 πλεως)
354 1327 406 1371 τοὶ
447 1331 522 1386 τῆς
563 1326 698 1386 ἀρχῆς
723 1325 882 1383 αὖτοῦ,
910 1329 1018 1388 πρὸς
1043 1328 1073 1371 ἃ
1098 1327 1159 1384 μὴ
1187 1327 1346 1384 σχολὴν
1371 1325 1469 1385 ἦγε,
1501 1327 1609 1371 ’διοι-

163 1401 251 1437 κεῖν
292 1396 540 1451 ἐπέτρεπεν,
578 1395 715 1439 ἐλθών
753 1412 799 1439 τε
840 1397 884 1445 ἐς
909 1396 1148 1447 Βυζάντιον
1173 1397 1499 1452 συμπαρέλαβεν
1529 1392 1608 1437 αὗ·-

159 1459 254 1502 τόν.
296 1462 369 1504 καί
394 1458 460 1503 ὅτε
487 1462 644 1516 ἐγένετο
673 1459 701 1518 ἧ
730 1463 989 1518 Μαρκιανοῦ
1014 1459 1240 1516 σύστασις,
1270 1462 1508 1518 ἀποροῦντα
1534 1459 1607 1504 τὸν

109 1521 313 1570 αοἼλλουν
352 1523 480 1577 αύτὸς
506 1528 799 1585 ἒπεθάρσυνε.
854 1526 930 1571 καί
952 1527 1152 1571 τοσοῦτόν
1177 1543 1224 1583 γε
1252 1526 1402 1582 εἰπών,
1430 1525 1494 1570 ὅτι
1521 1527 1607 1581 „roi

160 1595 239 1648 τῆς
265 1596 461 1649 προνοίας
486 1597 584 1648 μεθ’
612 1594 731 1650 ἡμῶν
758 1596 846 1637 ἐστι
872 1597 1104 1649 τεταγμένα
1116 1596 1153 1647 ,”
1179 1596 1390 1650 παρέσχεν
1416 1594 1607 1648 ὑποψίαν

158 1665 246 1709 τοῖς
284 1657 377 1702 τότε
417 1660 730 1715 ὑπακούσασιν,
779 1660 836 1711 ὥς
877 1659 923 1703 ἔκ
962 1675 1074 1710 τινος
1110 1656 1271 1715 ‹idriam›
1297 1662 1431 1703 ταῦτα
1458 1658 1607 1712 θεάζοι

255 1761 285 1795 5.
306 1758 428 1798 Ἶλλος
444 1761 583 1808 ubique
605 1762 699 1808 vulg.
806 1774 837 1808 7.
878 1760 1093 1808 ἐδωρήσατο
1119 1761 1248 1796 Suidas
1273 1772 1345 1797 επ.
1371 1760 1556 1801 σύνταξις.

163 1851 290 1885 batur:
327 1851 410 1892 sed,
436 1852 541 1885 utin
564 1850 674 1892 urbe,
709 1862 802 1897 quae
827 1851 963 1885 incolas
996 1851 1157 1885 habebat
1193 1861 1318 1885 omnes
1355 1850 1602 1893 Christianos,

161 1899 277 1943 ipsius
306 1899 443 1932 Graeca
471 1898 600 1943 religio
616 1924 626 1940 ,
649 1909 758 1944 quam
783 1897 848 1931 ille
874 1899 977 1931 nullo
1000 1898 1107 1932 modo
1128 1897 1401 1938 dissimulabat,
1426 1898 1491 1931 sed
1513 1909 1605 1943 quae

162 1945 393 1979 confidenter
425 1950 463 1978 et
498 1946 618 1990 palam
656 1945 927 1984 ostentabatur,
960 1946 1099 1986 effecit,
1131 1949 1172 1977 ut
1206 1944 1419 1989 opinionem
1462 1947 1608 1978 afferret

161 1991 394 2033 hominibus,
428 1992 546 2036 ipsum
572 1997 610 2026 et
633 1992 706 2025 alia
730 2002 859 2024 arcana
890 1991 1071 2036 sapientia
1106 1990 1312 2035 praeditum
1349 2000 1436 2024 esse.
1498 1991 1607 2023 Illum

162 2039 275 2084 igitur
298 2039 369 2072 sibi
396 2038 684 2072 commendatum
710 2039 796 2072 llius
821 2037 1028 2071 humaniter
1048 2037 1238 2082 suscepit.'
1267 2035 1368 2082 Quin
1385 2037 1494 2070 etiam
1511 2049 1606 2078 eum,

162 2097 244 2119 cum
282 2085 430 2130 publice
468 2085 652 2130 quoddam
687 2089 816 2131 poema
852 2084 1056 2126 recitasset,
1093 2082 1287 2130 splendide
1328 2088 1365 2118 et
1398 2082 1606 2118 honorifice

160 2133 347 2173 tractavit,
380 2137 418 2164 et
452 2131 675 2177 stipendium
701 2132 736 2165 ei
769 2130 890 2173 dedit,
923 2132 1055 2176 partim
1088 2131 1236 2177 quidem
1270 2129 1315 2164 de
1350 2141 1440 2171 suo,
1474 2132 1606 2174 partim

160 2189 245 2213 vero
272 2191 291 2213 e
315 2177 465 2223 publico
480 2205 490 2220 ‚
514 2185 555 2212 ut
580 2178 729 2212 doctori.
779 2179 870 2212 Cum
895 2183 1017 2212 autem
1040 2179 1119 2223 ipse
1153 2178 1193 2211 in
1223 2177 1398 2211 Isauriam
1431 2177 1604 2219 abiisset,

161 2225 243 2270 illi,
269 2227 332 2272 qui
365 2224 580 2261 invidebant
603 2226 837 2271 Pamprepio,
878 2224 1031 2258 conflata
1072 2225 1253 2258 calumnia
1289 2228 1369 2257 tum
1412 2235 1457 2257 ex
1489 2223 1603 2268 ipsius

162 2271 441 2317 superstitione,
467 2278 544 2306 tum
567 2274 677 2306 etiam
692 2298 701 2313 ,
727 2272 827 2318 quod
852 2271 1162 2305 incantationibus
1187 2275 1368 2312 uteretur,
1414 2275 1451 2304 et
1476 2266 1605 2306 adver-

162 2331 221 2352 sus
246 2321 503 2364 Imperatorem
526 2320 595 2353 Illo
619 2319 900 2360 vaticinaretur,
935 2319 1155 2363 persuadent
1185 2318 1320 2351 Zenoni
1354 2322 1391 2350 et
1421 2316 1603 2360 verinae,

162 2377 256 2410 quae
282 2371 370 2400 tunc
394 2367 590 2412 plurimum
618 2371 782 2411 poterat,
807 2372 849 2399 ut
875 2377 919 2399 ex
943 2364 1032 2400 urbe
1054 2364 1307 2411 expelleretur.
1356 2363 1603 2410 Quamobrem

161 2412 226 2446 ille
251 2412 398 2459 quidem
424 2415 639 2459 Pergamon,
663 2413 791 2447 urbem
813 2413 969 2456 Mysiae,
1003 2423 1041 2446 se
1072 2411 1220 2446 confert.
1275 2410 1364 2446 Illus
1389 2422 1496 2451 ver-0,
1520 2423 1603 2446 cum

161 2458 343 2502 audisset,
379 2462 563 2504 hominem
588 2471 652 2492 sua
680 2470 784 2493 causa
809 2459 953 2505 pulsum
981 2470 1083 2501 esse,
1117 2469 1198 2492 eum
1222 2467 1289 2502 per
1318 2456 1528 2492 tabellarios
1562 2461 1601 2493 in

161 2506 335 2539 Isauriam
358 2512 524 2541 vocatum
547 2506 706 2552 recepit,
745 2511 783 2541 et
813 2506 1059 2542 consiliarium
1093 2511 1131 2540 et
1161 2503 1459 2549 contubernalem
1491 2506 1600 2547 fecit,

161 2558 199 2586 et
222 2551 315 2598 (erat
339 2555 435 2588 enim
458 2556 514 2588 vir
549 2551 613 2588 'ille
637 2553 755 2587 civilis
781 2552 998 2597 prudentiae
1026 2554 1153 2598 plenus
1167 2551 1193 2597 ,)
1233 2562 1290 2584 eas
1325 2552 1382 2584 sui
1414 2552 1600 2597 principa-

158 2605 217 2633 tus
243 2611 319 2640 res,
350 2599 397 2633 ad
423 2612 512 2646 quas
540 2600 841 2635 administrandas
873 2600 988 2634 otium
1012 2601 1090 2645 ipse
1112 2610 1187 2633 non
1210 2597 1393 2637 habehat,
1427 2599 1599 2642 gerendas

161 2648 233 2689 ipsi
275 2646 529 2691 permittebat,
574 2653 611 2682 et
649 2648 860 2691 Byzantium
896 2647 1103 2692 profectus,
1146 2657 1228 2679 eum
1265 2655 1388 2678 secum
1436 2644 1598 2680 adduxit.

163 2692 253 2726 Cum
278 2698 399 2727 autem
423 2694 600 2728 Marciam*
628 2694 847 2739 conspiratio
875 2699 999 2728 exorta
1024 2698 1096 2735 est,
1133 2693 1243 2727 Illum
1267 2691 1494 2725 dubitantem
1519 2692 1598 2737 ipse

162 2740 396 2784 confirmavit,
421 2745 639 2789 tantumque
669 2742 813 2776 effatus:
841 2740 1096 2784 „Providentia
1118 2739 1309 2776 nobiscum
1335 2738 1454 2780 facit?
1478 2739 1599 2786 suspi-
