1924 3164
606 212 640 252 E
675 210 846 254 musci
884 209 1158 253 fflsromA.
1508 209 1526 244 ι
1542 189 1571 245 5
1587 210 1605 244 ι

162 303 326 367 ξιμίνου
361 311 441 369 γὰρ
482 314 692 368 εἰρηκέναι
730 312 803 355 τὸν
842 311 1055 368 Ἀττήλαν
1096 311 1423 366 α’παγγείλαντος
1459 310 1811 366 χρῆναιΑ·0·449

162 383 339 434 βασιλέα
375 381 563 435 πληροῦν
604 377 680 433 τὴν
722 376 980 433 ὖπόσχεσιν,
1028 377 1104 419 καὶ
1136 377 1196 435 τῷ
1221 378 1504 434 Κωνσταντίῳ
1541 357 1812 449 τήνῶῗιΐοῗιήα

162 451 340 500 γυναῖκα
373 442 549 498 διδόναι,
587 443 641 500 ἢν
670 445 868 497 ου’δαμῶς
895 442 1012 499 παρὰ
1045 442 1125 498 τὴν
1154 442 1312 485 ἐκείνου
1339 440 1496 496 βουλὴν
1525 440 1617 484 ἑτέ-
1663 451 1666 453 ’

163 527 223 568 ρῳ
256 512 588 566 κατεγγυηθῆναι
620 507 709 553 οἷόν
729 527 771 552 τε
800 503 872 564 ἦν.
928 506 955 565 ἢ
984 507 1065 565 γάρ
1106 507 1130 550 ὅ
1158 506 1371 563 τολμήσας
1390 506 1649 549 ε’κδεδώκειΟ

138 576 310 630 5δίκας,
355 574 384 632 ἢ
411 578 588 619 τοιαῦτα
618 573 669 618 τὰ
695 577 903 630 βασιλέως
932 574 1057 627 ἐστὶν,
1084 571 1192 616 ὥστε
1220 575 1329 629 μηδὲ
1356 575 1440 616 τῶν
1469 575 1620 630 σφετέ-

165 659 252 698 ρων
278 647 445 699 κρατεῖν
474 643 665 694 οἰκετῶν,
694 643 791 682 καθ’
817 635 876 682 ὧν
903 641 1180 694 συμμαχίαν,
1209 638 1294 693 εἴγε
1320 638 1537 693 βούλοιτο,
1578 641 1622 681 ἓ-

164 723 307 760 τοιμον
335 702 444 749 εἶναι
471 707 732 763 παρασχεῖν.
790 705 958 761 ἐδήχθη
985 721 1029 747 τε
1059 704 1080 747 ὅ
1114 705 1339 754 Θεοδόσιος
1365 702 1440 747 τὸν
1466 703 1621 758 θυμὸν,

164 774 239 814 καί
264 774 470 828 δημοσίαν
498 771 576 828 τὴν
602 775 676 828 τῆς
702 768 830 828 κόρης
866 772 1018 813 οὕσίαν
1046 777 1168 813 ποιεῖ’.

202 891 204 893 ‚
275 836 321 891 ζ’.
366 835 458 881 Ὅτι
486 836 543 888 ὥς
570 838 753 894 ἠγγέλθη
781 840 841 896 τῷ
874 836 1080 896 Ἀττήλᾳ,
1109 836 1185 879 τόν
1214 836 1465 894 Μαρκιανόν
1503 839 1548 886 ἒς
1575 839 1623 879 τά
1637 844 1676 877 Α.
1689 842 1805 888 (1.450

113 902 269 949 ιοκατά
283 903 361 959 τὴν
375 901 654 957 ἓωῬωμαϊκιὶ
670 905 1009 960 παρεληλυθέναι
1036 906 1236 957 βασίλεια
1265 902 1371 957 μετὰ
1402 902 1482 959 την
1513 890 1816 971 Θεο-ἎῙίιῙΞιΐὲΞῖω-ι

165 972 308 1012 δοσίου
338 968 557 1025 τελευτὴν,
586 970 767 1025 ἠγγέλθη
798 971 844 1012 δὲ
873 969 989 1027 αὐτῷ’
1015 971 1089 1011 καί
1113 967 1166 1010 τὰ
1200 970 1274 1025 τῆς
1293 969 1498 1024 ςΟνωρίας
1525 970 1622 1025 πέρι

164 1037 442 1090 γεγενημένα,
492 1033 596 1090 πρὸς
623 1037 703 1088 μὲν
728 1033 797 1077 τὸν
824 1036 1063 1091 κρατοῦντα
1100 1036 1187 1076 τῶν
1213 1033 1418 1091 ἑσπερίων
1440 1035 1626 1087 Ῥωμαί-

167 1117 226 1143 ων
265 1099 429 1143 ἒοτελλε
464 1099 565 1149 τούς
605 1103 924 1153 διαλεξομένους
958 1102 1091 1155 μηδὲν
1123 1100 1331 1157 “Ὀνωρίαν
1372 1104 1625 1155 πλημμελεῖ-

167 1170 297 1219 σθαι,
344 1163 398 1222 ἣν
423 1165 561 1224 ἑαυτῷ
586 1165 694 1222 πρὸς
719 1167 855 1222 γάμον
883 1163 1205 1221 κατενεγγύησε·
1261 1164 1516 1221 τιμωρήσειν
1543 1164 1668 1222 γὰρῖ)

119 1234 279 1291 ιόαὕτῇ
291 1267 304 1287 ,
335 1235 374 1275 εἰ
397 1231 457 1288 μὴ
485 1232 558 1274 καί
581 1231 636 1274 τοὶ
663 1235 738 1287 τῆς
763 1234 983 1287 βασιλείας
1010 1231 1202 1288 ἀπολάβῃ
1232 1235 1446 1286 σκῆπτρα.
1501 1230 1629 1285 ἔπεμ-

169 1315 222 1341 πε
251 1301 298 1340 δὲ
321 1297 394 1340 καὶ
421 1296 528 1352 πρὸς
554 1296 653 1347 τούς
679 1295 809 1355 ἑῴους
833 1297 1070 1350 Ῥωμαίους
1095 1297 1179 1338 τῶν
1205 1298 1452 1351 ταχθέντων
1481 1293 1628 1353 φόρων

168 1365 302 1410 ἕνεκα.
354 1362 578 1419 α’πράκτων
608 1364 654 1405 δὲ
682 1365 727 1414 ἐξ
754 1361 1011 1419 ἀμφοτέρων
1037 1363 1122 1404 τῶν
1148 1361 1285 1404 adron?
1311 1363 1629 1404 ἐπανελθόντων

169 1431 386 1484 πρέσβεων
413 1454 467 1462 ·-
497 1427 537 1471 οἱ
564 1431 643 1483 μὲν
668 1428 750 1486 γὰρ
779 1431 856 1484 τῆς
882 1425 1080 1484 ἑσπερίοις
1110 1428 1397 1484 ἀπεκρίναντο,
1420 1429 1629 1484 Ὁνωρίαν

171 1491 285 1552 mitrii
322 1497 366 1545 ἐς
394 1494 529 1550 γάμον
570 1497 711 1537 ἐλθεῖν
748 1493 856 1550 μήτε
895 1494 1136 1548 δύνασθαι,
1165 1486 1440 1550 ἐκδεδομένην
1478 1493 1630 1550 ἀνδρί·

119 1563 386 1617 ηοσκῆπτρον
413 1563 461 1602 δὲ
488 1562 598 1619 αότῇ
623 1560 682 1616 μὴ
714 1561 987 1617 ὀφείλεσθαι·
1016 1560 1067 1602 οὔ
1094 1558 1175 1617 γὰρ
1206 1562 1399 1616 θηλειῶν,
1429 1561 1520 1602 ἄλλ’
1548 1560 1629 1616 ἆρ’-

171 1622 306 1683 ῥένων
332 1627 360 1683 ἦ
386 1629 463 1682 τῆς
484 1628 722 1683 Ῥωμαϊκῆς
747 1626 966 1681 βασιλείας
995 1623 1132 1682 ἀρχή.
1191 1624 1231 1668 οἷ
1260 1628 1307 1669 δὲ
1333 1627 1407 1682 τῆς
1434 1628 1490 1669 ἕω
1517 1625 1627 1682 ἔφα-

171 1708 252 1735 σαν
280 1689 360 1747 οὖχ
386 1692 704 1749 ὑποστήσεσθαι
731 1692 810 1748 την
834 1695 911 1735 τοῦ
939 1691 1074 1749 φόρου
1105 1689 1355 1748 ἆπαγωγὴν,
1394 1691 1446 1748 ἢν
1474 1693 1496 1734 ὁ
1530 1694 1630 1735 Θεο-

266 1783 300 1824 4.
329 1778 390 1828 ἦν]
417 1781 518 1817 εἶναι
541 1783 635 1817 coni.
662 1783 702 1816 B.
871 1780 1091 1829 ἐκδεδιόκει]
1123 1781 1305 1817 ἐκδοῦναι
1328 1781 1442 1815 δώσει
1470 1782 1563 1815 coni.
1590 1783 1626 1814 B.

266 1840 299 1872 7·
328 1828 470 1872 ἐδήχθη
494 1830 594 1869 vat,
620 1827 773 1873 ἐδείχθη
796 1829 891 1861 vulo.
965 1841 1003 1862 τι
1028 1829 1085 1862 ed.
1115 1829 1191 1862 Par.
1279 1831 1313 1864 8.
1346 1829 1537 1875 δημοσίαν
1559 1839 1626 1873 mg.

269 1873 314 1907 H.
330 1900 341 1916 ‚
369 1874 559 1922 δημόσιον
580 1877 674 1920 vulg.
776 1877 827 1909 13.
853 1854 1145 1921 διαλεξαμένους
1168 1876 1263 1921 vulg.

174 1935 421 1981 Chrysaphius
453 1945 474 1968 a
506 1937 649 1970 Zenone
679 1935 727 1968 ad
757 1946 913 1980 poenam
947 1935 1217 1980 deposceretur.
1273 1936 1494 1970 Maximinus
1530 1938 1629 1972 enim

175 1983 471 2024 renuntiaverat,
496 1982 647 2016 Attilam
671 1982 817 2024 dicere,
843 1982 971 2015 decere
997 1983 1262 2027 Imperatorem
1287 1983 1473 2027 promissis
1500 1990 1596 2017 stare
1612 2011 1626 2025 ,

176 2035 216 2063 et
240 2029 454 2063 Constantio
479 2041 652 2069 uxorem,
686 2040 793 2076 quam
826 2028 1057 2072 promiserit,
1093 2027 1202 2068 dare,
1234 2027 1328 2063 hanc
1360 2029 1477 2070 enim,
1512 2031 1628 2064 invito

174 2078 399 2121 Imperatore
416 2102 426 2117 ,
450 2077 592 2110 nemini
617 2076 670 2109 fas
696 2075 810 2109 fuisse
836 2073 1075 2120 desponderi:
1101 2079 1164 2107 aut
1188 2074 1286 2107 enim
1310 2086 1393 2109 eum
1410 2101 1420 2117 ‚
1447 2077 1509 2122 qui
1538 2089 1628 2110 con-

177 2128 234 2156 tra
272 2134 380 2156 ausus
411 2123 560 2163 fuisset,
592 2134 728 2168 poenas
763 2117 931 2155 daturum
963 2121 1099 2160 fuisse,
1131 2126 1197 2154 aut
1227 2131 1270 2154 eo
1304 2123 1537 2167 Imperatoris
1571 2134 1629 2158 res

179 2169 352 2203 deductas
387 2180 486 2212 esse,
517 2176 559 2204 ut
591 2181 638 2203 ue
673 2179 792 2202 servos
827 2168 974 2214 quidem
1011 2178 1095 2200 suos
1130 2178 1294 2201 coercere
1319 2174 1466 2213 posset,
1502 2175 1630 2205 contra

179 2227 294 2261 quos,
320 2215 351 2248 si
377 2217 490 2250 vellet
507 2241 516 2257 ‚
549 2227 587 2250 se
612 2216 790 2249 auxilium
815 2215 909 2247 ferre
940 2214 1129 2258 paratum(
1171 2213 1243 2247 Sed
1279 2214 1510 2250 Theodosius
1554 2217 1629 2250 ira-

179 2263 348 2296 cundiam
367 2274 467 2296 suam
485 2264 605 2307 palam
625 2263 733 2302 fecit,
760 2273 839 2294 cum
860 2261 956 2293 bona
978 2260 1122 2304 puellae
1145 2261 1184 2293 in
1202 2259 1392 2305 publicum
1410 2262 1558 2308 redegit.

275 2321 306 2354 7.
356 2308 446 2342 Cum
469 2311 628 2355 primum
657 2309 792 2342 Attilae
814 2308 1025 2341 nuntiatum
1051 2313 1119 2348 est,
1149 2306 1370 2342 Mattianum
1398 2308 1481 2353 post
1502 2310 1628 2345 Theo-

182 2355 279 2389 dosii
308 2361 461 2390 mortem
498 2356 546 2390 ad
572 2357 766 2402 imperium
789 2354 1019 2400 pervenisse,
1060 2359 1098 2388 et
1134 2365 1228 2400 quae
1259 2354 1441 2389 Honoriae
1474 2357 1629 2391 accidis-

181 2407 286 2442 sent,
310 2401 358 2436 ad
381 2413 485 2443 eum,
512 2403 576 2449 qui
599 2403 639 2436 in
668 2402 866 2436 Occidente
894 2412 1013 2434 rerum
1043 2401 1274 2445 potiebatur,
1308 2401 1426 2443 misit,
1453 2405 1516 2450 qui
1538 2415 1627 2438 con-

181 2447 398 2490 tenderent,
423 2449 619 2483 Honoriam
641 2449 735 2482 nihil
757 2459 795 2482 se
819 2446 1007 2492 indignum
1027 2446 1236 2489 admisisse,
1266 2459 1373 2494 quam
1390 2450 1623 2484 matrimonio

183 2506 250 2528 suo
281 2495 520 2538 destinassem
555 2508 667 2542 seque
699 2495 757 2528 illi
787 2494 964 2528 auxilium
996 2494 1175 2535 laturum,
1203 2495 1276 2528 nisi
1304 2507 1443 2530 summa
1475 2509 1623 2542 quoque

184 2541 332 2586 imperii
365 2542 400 2575 ei
423 2543 638 2580 deferretur,
684 2542 788 2576 Misit
810 2547 847 2574 et
879 2539 925 2573 ad
956 2542 1131 2575 Romanos
1161 2539 1367 2576 Oriental'es
1401 2543 1625 2576 tributorum

185 2589 464 2622 constitutorum
495 2591 620 2636 gratia,
669 2590 742 2623 Sed
773 2600 811 2621 re
843 2587 978 2621 infecta
1003 2588 1114 2633 legati
1147 2589 1333 2634 utrimque
1372 2597 1457 2624 sunt
1482 2591 1627 2623 reversi.

184 2635 332 2668 Etenim
356 2636 420 2681 qui
444 2636 652 2670 Occidentis
687 2636 840 2681 imperio
873 2640 1058 2679 praeerat,
1089 2634 1297 2680 respondit,
1333 2635 1531 2669 Honoriam
1570 2636 1628 2670 illi

185 2681 324 2715 nubere
343 2691 418 2715 non
441 2693 568 2728 posse,
593 2682 781 2728 quodiam
808 2681 872 2714 alii
892 2681 1086 2726 nupsisset.
1130 2681 1258 2727 Neque
1282 2682 1472 2727 imperium
1498 2681 1627 2716 Hono-

186 2729 262 2762 riae
294 2725 431 2763 deberi.
478 2729 648 2763 Virorum
682 2731 797 2768 enim,
822 2739 897 2761 non
936 2728 1154 2770 mulierum,
1194 2729 1391 2774 Romanum
1433 2729 1627 2773 imperium

187 2785 274 2810 esse.
325 2773 401 2820 Qui
433 2774 473 2810 in
500 2777 650 2811 Oriente
686 2773 907 2822 imperabat,
933 2785 970 2808 se
1005 2775 1155 2810 minime
1183 2781 1298 2811 ratam
1325 2774 1461 2811 habere
1495 2774 1629 2810 tributi
