<?xml version="1.0" encoding="UTF-8"?>
<!DOCTYPE html PUBLIC "-//W3C//DTD XHTML 1.0 Transitional//EN"
    "http://www.w3.org/TR/xhtml1/DTD/xhtml1-transitional.dtd">
<html xmlns="http://www.w3.org/1999/xhtml" xml:lang="en" lang="en">
 <head>
  <title>
</title>
<meta http-equiv="Content-Type" content="text/html;charset=utf-8" />
  <meta name='ocr-system' content='tesseract 3.04.00' />
  <meta name='ocr-capabilities' content='ocr_page ocr_carea ocr_par ocr_line ocrx_word'/>
</head>
<body>
  <div class='ocr_page' id='page_1' title='image "./corpusscriptorum10niebuoft/corpusscriptorum10niebuoft_0576.png"; bbox 0 0 1924 3164; ppageno 0'>
   <div class='ocr_carea' id='block_1_1' title="bbox 308 165 1158 224">
    <p class='ocr_par' dir='ltr' id='par_1_1' title="bbox 308 165 1158 224">
     <span class='ocr_line' id='line_1_1' title="bbox 308 165 1158 224; baseline 0.005 -6"><span class='ocrx_word' id='word_1_1' title='bbox 308 165 344 219; x_wconf 76' lang='lat'><strong>5</strong></span> <span class='ocrx_word' id='word_1_2' title='bbox 350 185 376 218; x_wconf 84' lang='lat'><strong>2</strong></span> <span class='ocrx_word' id='word_1_3' title='bbox 387 175 426 218; x_wconf 76' lang='lat'><strong>21</strong></span> <span class='ocrx_word' id='word_1_4' title='bbox 883 178 1158 224; x_wconf 77' lang='lat' dir='ltr'><strong>PmsclANr</strong></span> 
     </span>
    </p>
   </div>
   <div class='ocr_carea' id='block_1_2' title="bbox 293 283 1478 1255">
    <p class='ocr_par' dir='ltr' id='par_1_2' title="bbox 293 283 1478 1255">
     <span class='ocr_line' id='line_1_2' title="bbox 303 283 1303 339; baseline 0.001 -16"><span class='ocrx_word' id='word_1_5' title='bbox 303 285 597 339; x_wconf 78' lang='lat' dir='ltr'><strong>Imperiumque</strong></span> <span class='ocrx_word' id='word_1_6' title='bbox 619 296 736 324; x_wconf 83' lang='lat' dir='ltr'><strong>suum</strong></span> <span class='ocrx_word' id='word_1_7' title='bbox 760 283 924 323; x_wconf 87' lang='lat' dir='ltr'><strong>vivendi</strong></span> <span class='ocrx_word' id='word_1_8' title='bbox 942 298 1090 336; x_wconf 87' lang='lat' dir='ltr'><strong>ponere</strong></span> <span class='ocrx_word' id='word_1_9' title='bbox 1114 284 1303 324; x_wconf 83' lang='lat' dir='ltr'><strong>fructum.</strong></span> 
     </span>
     <span class='ocr_line' id='line_1_3' title="bbox 300 349 1223 402; baseline -0.001 -13"><span class='ocrx_word' id='word_1_10' title='bbox 300 351 471 390; x_wconf 83' lang='lat' dir='ltr'>Insidias</span> <span class='ocrx_word' id='word_1_11' title='bbox 497 364 615 390; x_wconf 91' lang='lat' dir='ltr'><strong>nemo</strong></span> <span class='ocrx_word' id='word_1_12' title='bbox 641 349 747 388; x_wconf 89' lang='lat' dir='ltr'><strong>diras</strong></span> <span class='ocrx_word' id='word_1_13' title='bbox 774 351 995 402; x_wconf 88' lang='lat' dir='ltr'><strong>metuitque</strong></span> <span class='ocrx_word' id='word_1_14' title='bbox 1021 364 1223 390; x_wconf 87' lang='lat' dir='ltr'><strong>venenum</strong></span> 
     </span>
     <span class='ocr_line' id='line_1_4' title="bbox 299 413 1365 469; baseline 0 -15"><span class='ocrx_word' id='word_1_15' title='bbox 299 416 512 469; x_wconf 82' lang='lat' dir='ltr'><strong>Linguae,</strong></span> <span class='ocrx_word' id='word_1_16' title='bbox 542 429 622 468; x_wconf 90' lang='lat' dir='ltr'><strong>quo</strong></span> <span class='ocrx_word' id='word_1_17' title='bbox 654 413 774 453; x_wconf 85' lang='lat' dir='ltr'><strong>multi</strong></span> <span class='ocrx_word' id='word_1_18' title='bbox 804 414 1032 454; x_wconf 88' lang='lat' dir='ltr'><strong>ceciderunt</strong></span> <span class='ocrx_word' id='word_1_19' title='bbox 1059 416 1224 454; x_wconf 86' lang='lat' dir='ltr'><strong>crimine</strong></span> <span class='ocrx_word' id='word_1_20' title='bbox 1252 415 1365 462; x_wconf 64' lang='lat' dir='ltr'><strong>fictm</strong></span> 
     </span>
     <span class='ocr_line' id='line_1_5' title="bbox 295 479 1338 534; baseline -0.001 -14"><span class='ocrx_word' id='word_1_21' title='bbox 295 481 462 526; x_wconf 80' lang='lat' dir='ltr'><strong>Perdita</strong></span> <span class='ocrx_word' id='word_1_22' title='bbox 490 495 553 520; x_wconf 90' lang='lat' dir='ltr'><strong>res</strong></span> <span class='ocrx_word' id='word_1_23' title='bbox 579 479 716 534; x_wconf 90' lang='lat' dir='ltr'><strong>populi</strong></span> <span class='ocrx_word' id='word_1_24' title='bbox 746 480 874 519; x_wconf 82' lang='lat' dir='ltr'><strong>fuerat</strong></span> <span class='ocrx_word' id='word_1_25' title='bbox 900 481 976 520; x_wconf 88' lang='lat' dir='ltr'><strong>sub</strong></span> <span class='ocrx_word' id='word_1_26' title='bbox 1003 488 1182 534; x_wconf 87' lang='lat' dir='ltr'><strong>tempore</strong></span> <span class='ocrx_word' id='word_1_27' title='bbox 1209 481 1297 519; x_wconf 91' lang='lat' dir='ltr'><strong>diro</strong></span> <span class='ocrx_word' id='word_1_28' title='bbox 1317 495 1338 530; x_wconf 76' lang='lat'><strong>3—</strong></span> 
     </span>
     <span class='ocr_line' id='line_1_6' title="bbox 297 545 1342 600; baseline 0 -15"><span class='ocrx_word' id='word_1_29' title='bbox 297 546 484 585; x_wconf 83' lang='lat' dir='ltr'><strong>Restituit</strong></span> <span class='ocrx_word' id='word_1_30' title='bbox 509 553 642 584; x_wconf 89' lang='lat' dir='ltr'><strong>tamen</strong></span> <span class='ocrx_word' id='word_1_31' title='bbox 670 545 774 584; x_wconf 89' lang='lat' dir='ltr'><strong>hanc</strong></span> <span class='ocrx_word' id='word_1_32' title='bbox 802 545 952 587; x_wconf 87' lang='lat' dir='ltr'><strong>domini</strong></span> <span class='ocrx_word' id='word_1_33' title='bbox 980 547 1189 600; x_wconf 88' lang='lat' dir='ltr'><strong>prudentia</strong></span> <span class='ocrx_word' id='word_1_34' title='bbox 1217 548 1342 593; x_wconf 78' lang='lat' dir='ltr'><strong>mira,</strong></span> 
     </span>
     <span class='ocr_line' id='line_1_7' title="bbox 296 611 1391 665; baseline -0.002 -14"><span class='ocrx_word' id='word_1_35' title='bbox 296 611 509 651; x_wconf 75' lang='lat' dir='ltr'><strong>Perliciens</strong></span> <span class='ocrx_word' id='word_1_36' title='bbox 537 611 724 663; x_wconf 85' lang='lat' dir='ltr'><strong>firmum,</strong></span> <span class='ocrx_word' id='word_1_37' title='bbox 751 611 859 664; x_wconf 89' lang='lat' dir='ltr'><strong>quod</strong></span> <span class='ocrx_word' id='word_1_38' title='bbox 888 612 992 665; x_wconf 85' lang='lat' dir='ltr'>cepit</span> <span class='ocrx_word' id='word_1_39' title='bbox 1018 611 1149 651; x_wconf 87' lang='lat' dir='ltr'><strong>debile</strong></span> <span class='ocrx_word' id='word_1_40' title='bbox 1167 641 1180 663; x_wconf 89' lang='lat'><strong>,</strong></span> <span class='ocrx_word' id='word_1_41' title='bbox 1209 625 1391 665; x_wconf 84' lang='lat' dir='ltr'><strong>regnum.</strong></span> 
     </span>
     <span class='ocr_line' id='line_1_8' title="bbox 406 675 1450 724; baseline 0.001 -9"><span class='ocrx_word' id='word_1_42' title='bbox 406 675 539 715; x_wconf 87' lang='lat' dir='ltr'><strong>Multa</strong></span> <span class='ocrx_word' id='word_1_43' title='bbox 566 675 685 716; x_wconf 85' lang='lat' dir='ltr'><strong>simul</strong></span> <span class='ocrx_word' id='word_1_44' title='bbox 711 677 824 721; x_wconf 83' lang='lat' dir='ltr'><strong>vario</strong></span> <span class='ocrx_word' id='word_1_45' title='bbox 852 684 1096 716; x_wconf 83' lang='lat' dir='ltr'><strong>concurrunt</strong></span> <span class='ocrx_word' id='word_1_46' title='bbox 1119 677 1258 716; x_wconf 87' lang='lat' dir='ltr'>ordine</span> <span class='ocrx_word' id='word_1_47' title='bbox 1282 690 1418 716; x_wconf 91' lang='lat' dir='ltr'><strong>rerum</strong></span> <span class='ocrx_word' id='word_1_48' title='bbox 1439 704 1450 724; x_wconf 85' lang='lat'>‚</span> 
     </span>
     <span class='ocr_line' id='line_1_9' title="bbox 295 742 1322 796; baseline 0.001 -15"><span class='ocrx_word' id='word_1_49' title='bbox 295 743 563 796; x_wconf 88' lang='lat' dir='ltr'><strong>Diversosque</strong></span> <span class='ocrx_word' id='word_1_50' title='bbox 590 742 758 791; x_wconf 83' lang='lat' dir='ltr'><strong>trahunt</strong></span> <span class='ocrx_word' id='word_1_51' title='bbox 784 749 954 796; x_wconf 83' lang='lat' dir='ltr'><strong>angusto</strong></span> <span class='ocrx_word' id='word_1_52' title='bbox 983 750 1144 796; x_wconf 84' lang='lat' dir='ltr'><strong>pectore</strong></span> <span class='ocrx_word' id='word_1_53' title='bbox 1172 757 1322 782; x_wconf 84' lang='lat' dir='ltr'><strong>sensus.</strong></span> 
     </span>
     <span class='ocr_line' id='line_1_10' title="bbox 293 807 1369 862; baseline 0.001 -16"><span class='ocrx_word' id='word_1_54' title='bbox 293 808 355 847; x_wconf 90' lang='lat' dir='ltr'><strong>Ac</strong></span> <span class='ocrx_word' id='word_1_55' title='bbox 382 807 506 847; x_wconf 83' lang='lat' dir='ltr'><strong>veluti</strong></span> <span class='ocrx_word' id='word_1_56' title='bbox 533 807 701 862; x_wconf 86' lang='lat' dir='ltr'><strong>Delphis</strong></span> <span class='ocrx_word' id='word_1_57' title='bbox 728 808 912 847; x_wconf 89' lang='lat' dir='ltr'><strong>Phoebas</strong></span> <span class='ocrx_word' id='word_1_58' title='bbox 940 823 1032 847; x_wconf 89' lang='lat' dir='ltr'><strong>cum</strong></span> <span class='ocrx_word' id='word_1_59' title='bbox 1059 808 1223 847; x_wconf 90' lang='lat' dir='ltr'><strong>numine</strong></span> <span class='ocrx_word' id='word_1_60' title='bbox 1250 808 1369 862; x_wconf 90' lang='lat' dir='ltr'><strong>plena</strong></span> 
     </span>
     <span class='ocr_line' id='line_1_11' title="bbox 295 874 1478 927; baseline 0 -15"><span class='ocrx_word' id='word_1_61' title='bbox 295 875 444 912; x_wconf 86' lang='lat' dir='ltr'><strong>Omnia</strong></span> <span class='ocrx_word' id='word_1_62' title='bbox 471 887 574 927; x_wconf 86' lang='lat' dir='ltr'><strong>quae</strong></span> <span class='ocrx_word' id='word_1_63' title='bbox 602 874 786 926; x_wconf 84' lang='lat' dir='ltr'><strong>fuerant,</strong></span> <span class='ocrx_word' id='word_1_64' title='bbox 813 887 916 927; x_wconf 86' lang='lat' dir='ltr'><strong>quae</strong></span> <span class='ocrx_word' id='word_1_65' title='bbox 942 880 1063 924; x_wconf 81' lang='lat' dir='ltr'><strong>sunt,</strong></span> <span class='ocrx_word' id='word_1_66' title='bbox 1091 874 1317 927; x_wconf 79' lang='lat' dir='ltr'><strong>pariterque</strong></span> <span class='ocrx_word' id='word_1_67' title='bbox 1343 874 1478 913; x_wconf 85' lang='lat' dir='ltr'><strong>futura</strong></span> 
     </span>
     <span class='ocr_line' id='line_1_12' title="bbox 293 938 1354 993; baseline 0.001 -16"><span class='ocrx_word' id='word_1_68' title='bbox 293 940 493 992; x_wconf 85' lang='lat' dir='ltr'><strong>Conspicit</strong></span> <span class='ocrx_word' id='word_1_69' title='bbox 524 947 563 978; x_wconf 90' lang='lat' dir='ltr'><strong>et</strong></span> <span class='ocrx_word' id='word_1_70' title='bbox 589 940 752 992; x_wconf 90' lang='lat' dir='ltr'><strong>cupiens</strong></span> <span class='ocrx_word' id='word_1_71' title='bbox 779 938 1017 993; x_wconf 85' lang='lat' dir='ltr'><strong>prohibetur</strong></span> <span class='ocrx_word' id='word_1_72' title='bbox 1046 940 1216 993; x_wconf 85' lang='lat' dir='ltr'><strong>prodere</strong></span> <span class='ocrx_word' id='word_1_73' title='bbox 1242 938 1320 980; x_wconf 88' lang='lat' dir='ltr'><strong>luci</strong></span> <span class='ocrx_word' id='word_1_74' title='bbox 1343 953 1354 978; x_wconf 89' lang='lat'>:</span> 
     </span>
     <span class='ocr_line' id='line_1_13' title="bbox 293 1004 1439 1060; baseline 0.002 -18"><span class='ocrx_word' id='word_1_75' title='bbox 293 1006 359 1044; x_wconf 84' lang='lat' dir='ltr'><strong>Sic</strong></span> <span class='ocrx_word' id='word_1_76' title='bbox 384 1019 457 1058; x_wconf 86' lang='lat' dir='ltr'><strong>ego</strong></span> <span class='ocrx_word' id='word_1_77' title='bbox 489 1006 715 1059; x_wconf 86' lang='lat' dir='ltr'><strong>concipiens</strong></span> <span class='ocrx_word' id='word_1_78' title='bbox 743 1011 813 1052; x_wconf 79' lang='lat' dir='ltr'><strong>tua</strong></span> <span class='ocrx_word' id='word_1_79' title='bbox 831 1034 843 1057; x_wconf 88' lang='lat'><strong>,</strong></span> <span class='ocrx_word' id='word_1_80' title='bbox 868 1005 1084 1058; x_wconf 80' lang='lat' dir='ltr'><strong>Princeps,</strong></span> <span class='ocrx_word' id='word_1_81' title='bbox 1114 1004 1286 1060; x_wconf 89' lang='lat' dir='ltr'><strong>plurima</strong></span> <span class='ocrx_word' id='word_1_82' title='bbox 1311 1005 1413 1047; x_wconf 85' lang='lat' dir='ltr'><strong>facta</strong></span> <span class='ocrx_word' id='word_1_83' title='bbox 1428 1035 1439 1053; x_wconf 87' lang='lat'><strong>,</strong></span> 
     </span>
     <span class='ocr_line' id='line_1_14' title="bbox 294 1069 1300 1126; baseline 0.002 -18"><span class='ocrx_word' id='word_1_84' title='bbox 294 1071 410 1120; x_wconf 84' lang='lat' dir='ltr'><strong>Quae</strong></span> <span class='ocrx_word' id='word_1_85' title='bbox 439 1069 514 1110; x_wconf 84' lang='lat' dir='ltr'><strong>tibi</strong></span> <span class='ocrx_word' id='word_1_86' title='bbox 542 1070 741 1110; x_wconf 77' lang='lat' dir='ltr'><strong>debentur</strong></span> <span class='ocrx_word' id='word_1_87' title='bbox 760 1069 930 1111; x_wconf 85' lang='lat' dir='ltr'><strong>diversis</strong></span> <span class='ocrx_word' id='word_1_88' title='bbox 959 1070 1140 1126; x_wconf 87' lang='lat' dir='ltr'><strong>partibus</strong></span> <span class='ocrx_word' id='word_1_89' title='bbox 1166 1070 1300 1118; x_wconf 91' lang='lat' dir='ltr'><strong>orbis,</strong></span> 
     </span>
     <span class='ocr_line' id='line_1_15' title="bbox 293 1135 1292 1190; baseline 0.002 -17"><span class='ocrx_word' id='word_1_90' title='bbox 293 1135 387 1174; x_wconf 89' lang='lat' dir='ltr'><strong>Non</strong></span> <span class='ocrx_word' id='word_1_91' title='bbox 415 1150 578 1189; x_wconf 89' lang='lat' dir='ltr'><strong>possum</strong></span> <span class='ocrx_word' id='word_1_92' title='bbox 605 1135 740 1179; x_wconf 80' lang='lat' dir='ltr'><strong>verbis</strong></span> <span class='ocrx_word' id='word_1_93' title='bbox 769 1137 904 1177; x_wconf 88' lang='lat' dir='ltr'><strong>animo</strong></span> <span class='ocrx_word' id='word_1_94' title='bbox 931 1135 1112 1190; x_wconf 89' lang='lat' dir='ltr'><strong>proferre</strong></span> <span class='ocrx_word' id='word_1_95' title='bbox 1138 1143 1292 1190; x_wconf 85' lang='lat' dir='ltr'><strong>parata.</strong></span> 
     </span>
     <span class='ocr_line' id='line_1_16' title="bbox 295 1200 1226 1255; baseline 0.003 -16"><span class='ocrx_word' id='word_1_96' title='bbox 295 1201 494 1251; x_wconf 81' lang='lat' dir='ltr'><strong>Quocirca</strong></span> <span class='ocrx_word' id='word_1_97' title='bbox 523 1201 688 1242; x_wconf 87' lang='lat' dir='ltr'><strong>laudum</strong></span> <span class='ocrx_word' id='word_1_98' title='bbox 718 1200 851 1255; x_wconf 85' lang='lat' dir='ltr'><strong>relego</strong></span> <span class='ocrx_word' id='word_1_99' title='bbox 878 1202 1032 1255; x_wconf 84' lang='lat' dir='ltr'><strong>fastigia</strong></span> <span class='ocrx_word' id='word_1_100' title='bbox 1054 1216 1226 1242; x_wconf 86' lang='lat' dir='ltr'><strong>summa.</strong></span> 
     </span>
    </p>
   </div>
   <div class='ocr_carea' id='block_1_3' title="bbox 401 1266 1562 1320">
    <p class='ocr_par' dir='ltr' id='par_1_3' title="bbox 401 1266 1562 1320">
     <span class='ocr_line' id='line_1_17' title="bbox 401 1266 1562 1320; baseline -0.001 -15"><span class='ocrx_word' id='word_1_101' title='bbox 401 1267 519 1306; x_wconf 86' lang='lat' dir='ltr'><strong>Nunc</strong></span> <span class='ocrx_word' id='word_1_102' title='bbox 547 1267 756 1306; x_wconf 89' lang='lat' dir='ltr'><strong>hominum</strong></span> <span class='ocrx_word' id='word_1_103' title='bbox 784 1268 919 1320; x_wconf 86' lang='lat' dir='ltr'><strong>generi</strong></span> <span class='ocrx_word' id='word_1_104' title='bbox 948 1266 1160 1307; x_wconf 88' lang='lat' dir='ltr'><strong>laetissima</strong></span> <span class='ocrx_word' id='word_1_105' title='bbox 1187 1267 1342 1307; x_wconf 85' lang='lat' dir='ltr'><strong>saecula</strong></span> <span class='ocrx_word' id='word_1_106' title='bbox 1373 1272 1562 1314; x_wconf 80' lang='lat' dir='ltr'><strong>currunt,</strong></span> 
     </span>
    </p>
   </div>
   <div class='ocr_carea' id='block_1_4' title="bbox 287 1332 1439 2762">
    <p class='ocr_par' dir='ltr' id='par_1_4' title="bbox 287 1332 1439 1976">
     <span class='ocr_line' id='line_1_18' title="bbox 293 1332 1343 1386; baseline 0.002 -15"><span class='ocrx_word' id='word_1_107' title='bbox 293 1334 407 1384; x_wconf 86' lang='lat' dir='ltr'><strong>Quos</strong></span> <span class='ocrx_word' id='word_1_108' title='bbox 435 1333 572 1386; x_wconf 89' lang='lat' dir='ltr'><strong>inopes</strong></span> <span class='ocrx_word' id='word_1_109' title='bbox 599 1332 753 1373; x_wconf 86' lang='lat' dir='ltr'><strong>dudum</strong></span> <span class='ocrx_word' id='word_1_110' title='bbox 781 1333 981 1373; x_wconf 83' lang='lat' dir='ltr'><strong>faciebant</strong></span> <span class='ocrx_word' id='word_1_111' title='bbox 1008 1334 1113 1373; x_wconf 89' lang='lat' dir='ltr'><strong>iussa</strong></span> <span class='ocrx_word' id='word_1_112' title='bbox 1141 1334 1311 1373; x_wconf 82' lang='lat' dir='ltr'><strong>nefanda</strong></span> <span class='ocrx_word' id='word_1_113' title='bbox 1330 1362 1343 1384; x_wconf 88' lang='lat'>‚</span> 
     </span>
     <span class='ocr_line' id='line_1_19' title="bbox 292 1397 1315 1452; baseline 0.001 -15"><span class='ocrx_word' id='word_1_114' title='bbox 292 1400 407 1449; x_wconf 81' lang='lat' dir='ltr'><strong>Quae</strong></span> <span class='ocrx_word' id='word_1_115' title='bbox 434 1404 595 1452; x_wconf 90' lang='lat' dir='ltr'><strong>propter</strong></span> <span class='ocrx_word' id='word_1_116' title='bbox 620 1397 738 1438; x_wconf 76' lang='lat' dir='ltr'><strong>multi</strong></span> <span class='ocrx_word' id='word_1_117' title='bbox 763 1398 878 1438; x_wconf 83' lang='lat' dir='ltr'><strong>sedes</strong></span> <span class='ocrx_word' id='word_1_118' title='bbox 905 1398 1040 1452; x_wconf 81' lang='lat' dir='ltr'><strong>fugere</strong></span> <span class='ocrx_word' id='word_1_119' title='bbox 1069 1407 1281 1452; x_wconf 85' lang='lat' dir='ltr'><strong>parentum</strong></span> <span class='ocrx_word' id='word_1_120' title='bbox 1301 1429 1315 1451; x_wconf 84' lang='lat'><strong>,</strong></span> 
     </span>
     <span class='ocr_line' id='line_1_20' title="bbox 292 1463 1435 1516; baseline 0.002 -15"><span class='ocrx_word' id='word_1_121' title='bbox 292 1464 408 1513; x_wconf 86' lang='lat' dir='ltr'><strong>Quae</strong></span> <span class='ocrx_word' id='word_1_122' title='bbox 437 1470 550 1516; x_wconf 88' lang='lat' dir='ltr'><strong>pater</strong></span> <span class='ocrx_word' id='word_1_123' title='bbox 577 1470 617 1501; x_wconf 90' lang='lat' dir='ltr'><strong>et</strong></span> <span class='ocrx_word' id='word_1_124' title='bbox 645 1463 832 1505; x_wconf 84' lang='lat' dir='ltr'><strong>dominus</strong></span> <span class='ocrx_word' id='word_1_125' title='bbox 859 1470 989 1503; x_wconf 87' lang='lat' dir='ltr'><strong>terrae</strong></span> <span class='ocrx_word' id='word_1_126' title='bbox 1017 1464 1164 1504; x_wconf 86' lang='lat' dir='ltr'><strong>delevit</strong></span> <span class='ocrx_word' id='word_1_127' title='bbox 1195 1465 1236 1503; x_wconf 88' lang='lat' dir='ltr'><strong>in</strong></span> <span class='ocrx_word' id='word_1_128' title='bbox 1265 1479 1435 1516; x_wconf 86' lang='lat' dir='ltr'><strong>aevum,</strong></span> 
     </span>
     <span class='ocr_line' id='line_1_21' title="bbox 291 1527 1390 1583; baseline -0.002 -13"><span class='ocrx_word' id='word_1_129' title='bbox 291 1528 461 1581; x_wconf 86' lang='lat' dir='ltr'><strong>Argenti</strong></span> <span class='ocrx_word' id='word_1_130' title='bbox 488 1527 670 1567; x_wconf 85' lang='lat' dir='ltr'><strong>relevans</strong></span> <span class='ocrx_word' id='word_1_131' title='bbox 697 1534 818 1582; x_wconf 85' lang='lat' dir='ltr'><strong>atque</strong></span> <span class='ocrx_word' id='word_1_132' title='bbox 844 1529 931 1569; x_wconf 80' lang='lat' dir='ltr'><strong>auri</strong></span> <span class='ocrx_word' id='word_1_133' title='bbox 959 1528 1136 1582; x_wconf 89' lang='lat' dir='ltr'><strong>pondere</strong></span> <span class='ocrx_word' id='word_1_134' title='bbox 1163 1530 1390 1583; x_wconf 88' lang='lat' dir='ltr'><strong>mundum;</strong></span> 
     </span>
     <span class='ocr_line' id='line_1_22' title="bbox 290 1593 1372 1647; baseline 0.001 -13"><span class='ocrx_word' id='word_1_135' title='bbox 290 1594 575 1647; x_wconf 88' lang='lat' dir='ltr'><strong>Perpetuoque</strong></span> <span class='ocrx_word' id='word_1_136' title='bbox 600 1607 747 1647; x_wconf 79' lang='lat' dir='ltr'><strong>parans</strong></span> <span class='ocrx_word' id='word_1_137' title='bbox 771 1593 847 1633; x_wconf 86' lang='lat' dir='ltr'><strong>sibi</strong></span> <span class='ocrx_word' id='word_1_138' title='bbox 875 1596 1046 1634; x_wconf 86' lang='lat' dir='ltr'><strong>maxima</strong></span> <span class='ocrx_word' id='word_1_139' title='bbox 1073 1596 1248 1647; x_wconf 83' lang='lat' dir='ltr'><strong>praemia</strong></span> <span class='ocrx_word' id='word_1_140' title='bbox 1275 1596 1372 1635; x_wconf 83' lang='lat' dir='ltr'><strong>caeli</strong></span> 
     </span>
     <span class='ocr_line' id='line_1_23' title="bbox 290 1658 1317 1712; baseline 0.001 -14"><span class='ocrx_word' id='word_1_141' title='bbox 290 1659 462 1699; x_wconf 85' lang='lat' dir='ltr'><strong>Divitias</strong></span> <span class='ocrx_word' id='word_1_142' title='bbox 488 1660 654 1707; x_wconf 83' lang='lat' dir='ltr'><strong>temnit,</strong></span> <span class='ocrx_word' id='word_1_143' title='bbox 685 1671 766 1712; x_wconf 88' lang='lat' dir='ltr'><strong>quo</strong></span> <span class='ocrx_word' id='word_1_144' title='bbox 793 1658 955 1712; x_wconf 85' lang='lat' dir='ltr'><strong>prodest</strong></span> <span class='ocrx_word' id='word_1_145' title='bbox 982 1659 1170 1699; x_wconf 90' lang='lat' dir='ltr'><strong>omnibus</strong></span> <span class='ocrx_word' id='word_1_146' title='bbox 1196 1674 1317 1700; x_wconf 86' lang='lat' dir='ltr'><strong>unus.</strong></span> 
     </span>
     <span class='ocr_line' id='line_1_24' title="bbox 289 1723 1439 1778; baseline 0.004 -15"><span class='ocrx_word' id='word_1_147' title='bbox 289 1725 470 1778; x_wconf 85' lang='lat' dir='ltr'><strong>Namque</strong></span> <span class='ocrx_word' id='word_1_148' title='bbox 499 1723 635 1763; x_wconf 88' lang='lat' dir='ltr'><strong>cibum</strong></span> <span class='ocrx_word' id='word_1_149' title='bbox 662 1731 848 1777; x_wconf 87' lang='lat' dir='ltr'><strong>poterant</strong></span> <span class='ocrx_word' id='word_1_150' title='bbox 876 1725 946 1778; x_wconf 92' lang='lat' dir='ltr'><strong>qui</strong></span> <span class='ocrx_word' id='word_1_151' title='bbox 974 1727 1039 1764; x_wconf 84' lang='lat' dir='ltr'><strong>vix</strong></span> <span class='ocrx_word' id='word_1_152' title='bbox 1070 1725 1282 1778; x_wconf 85' lang='lat' dir='ltr'><strong>adquirere</strong></span> <span class='ocrx_word' id='word_1_153' title='bbox 1308 1729 1413 1768; x_wconf 83' lang='lat' dir='ltr'><strong>vitae</strong></span> <span class='ocrx_word' id='word_1_154' title='bbox 1428 1759 1439 1776; x_wconf 93' lang='lat'><strong>,</strong></span> 
     </span>
     <span class='ocr_line' id='line_1_25' title="bbox 291 1789 1262 1843; baseline 0.002 -14"><span class='ocrx_word' id='word_1_155' title='bbox 291 1790 443 1830; x_wconf 85' lang='lat' dir='ltr'><strong>Oblato</strong></span> <span class='ocrx_word' id='word_1_156' title='bbox 470 1790 604 1829; x_wconf 91' lang='lat' dir='ltr'><strong>miseri</strong></span> <span class='ocrx_word' id='word_1_157' title='bbox 631 1789 859 1831; x_wconf 87' lang='lat' dir='ltr'><strong>thensauris</strong></span> <span class='ocrx_word' id='word_1_158' title='bbox 888 1804 1053 1831; x_wconf 88' lang='lat' dir='ltr'><strong>munere</strong></span> <span class='ocrx_word' id='word_1_159' title='bbox 1081 1790 1230 1831; x_wconf 83' lang='lat' dir='ltr'><strong>flebant</strong></span> <span class='ocrx_word' id='word_1_160' title='bbox 1248 1821 1262 1843; x_wconf 87' lang='lat'><em>‚</em></span> 
     </span>
     <span class='ocr_line' id='line_1_26' title="bbox 287 1854 1345 1910; baseline 0.001 -14"><span class='ocrx_word' id='word_1_161' title='bbox 287 1857 460 1898; x_wconf 87' lang='lat' dir='ltr'><strong>Munere</strong></span> <span class='ocrx_word' id='word_1_162' title='bbox 485 1869 578 1894; x_wconf 89' lang='lat' dir='ltr'><strong>cum</strong></span> <span class='ocrx_word' id='word_1_163' title='bbox 605 1854 754 1908; x_wconf 86' lang='lat' dir='ltr'><strong>gemitu</strong></span> <span class='ocrx_word' id='word_1_164' title='bbox 781 1855 883 1895; x_wconf 81' lang='lat' dir='ltr'><strong>tristi</strong></span> <span class='ocrx_word' id='word_1_165' title='bbox 911 1854 1174 1910; x_wconf 80' lang='lat' dir='ltr'><strong>lacrymisque</strong></span> <span class='ocrx_word' id='word_1_166' title='bbox 1196 1865 1345 1898; x_wconf 77' lang='lat' dir='ltr'><strong>coacto.</strong></span> 
     </span>
     <span class='ocr_line' id='line_1_27' title="bbox 291 1919 1316 1976; baseline 0.003 -17"><span class='ocrx_word' id='word_1_167' title='bbox 291 1923 452 1975; x_wconf 86' lang='lat' dir='ltr'><strong>Quippe</strong></span> <span class='ocrx_word' id='word_1_168' title='bbox 481 1919 606 1960; x_wconf 84' lang='lat' dir='ltr'><strong>dabat</strong></span> <span class='ocrx_word' id='word_1_169' title='bbox 632 1934 772 1961; x_wconf 86' lang='lat' dir='ltr'><strong>causas</strong></span> <span class='ocrx_word' id='word_1_170' title='bbox 801 1919 985 1960; x_wconf 89' lang='lat' dir='ltr'><strong>violentis</strong></span> <span class='ocrx_word' id='word_1_171' title='bbox 1012 1920 1124 1962; x_wconf 90' lang='lat' dir='ltr'><strong>lucra</strong></span> <span class='ocrx_word' id='word_1_172' title='bbox 1149 1923 1316 1976; x_wconf 87' lang='lat' dir='ltr'><strong>parandi</strong></span> 
     </span>
    </p>

    <p class='ocr_par' dir='ltr' id='par_1_5' title="bbox 288 1985 1385 2097">
     <span class='ocr_line' id='line_1_28' title="bbox 288 1985 1385 2040; baseline 0.002 -13"><span class='ocrx_word' id='word_1_173' title='bbox 288 1987 345 2027; x_wconf 85' lang='lat' dir='ltr'><strong>Et</strong></span> <span class='ocrx_word' id='word_1_174' title='bbox 373 1986 479 2026; x_wconf 86' lang='lat' dir='ltr'><strong>mala</strong></span> <span class='ocrx_word' id='word_1_175' title='bbox 493 2017 504 2036; x_wconf 91' lang='lat'>‚</span> <span class='ocrx_word' id='word_1_176' title='bbox 535 1999 639 2040; x_wconf 87' lang='lat' dir='ltr'><strong>quae</strong></span> <span class='ocrx_word' id='word_1_177' title='bbox 665 1985 802 2040; x_wconf 85' lang='lat' dir='ltr'><strong>plures</strong></span> <span class='ocrx_word' id='word_1_178' title='bbox 828 1987 985 2040; x_wconf 86' lang='lat' dir='ltr'><strong>pridem</strong></span> <span class='ocrx_word' id='word_1_179' title='bbox 1012 1986 1172 2040; x_wconf 88' lang='lat' dir='ltr'><strong>dixere,</strong></span> <span class='ocrx_word' id='word_1_180' title='bbox 1201 1996 1385 2029; x_wconf 86' lang='lat' dir='ltr'><strong>canentes</strong></span> 
     </span>
     <span class='ocr_line' id='line_1_29' title="bbox 288 2051 1279 2097; baseline 0.001 -5"><span class='ocrx_word' id='word_1_181' title='bbox 288 2053 472 2092; x_wconf 89' lang='lat' dir='ltr'><strong>Romano</strong></span> <span class='ocrx_word' id='word_1_182' title='bbox 499 2059 650 2092; x_wconf 87' lang='lat' dir='ltr'><strong>vestras</strong></span> <span class='ocrx_word' id='word_1_183' title='bbox 678 2051 741 2090; x_wconf 91' lang='lat' dir='ltr'><strong>vel</strong></span> <span class='ocrx_word' id='word_1_184' title='bbox 773 2051 896 2091; x_wconf 85' lang='lat' dir='ltr'><strong>Graio</strong></span> <span class='ocrx_word' id='word_1_185' title='bbox 923 2053 1099 2092; x_wconf 87' lang='lat' dir='ltr'><strong>carmine</strong></span> <span class='ocrx_word' id='word_1_186' title='bbox 1127 2052 1279 2097; x_wconf 86' lang='lat' dir='ltr'><strong>laudes.</strong></span> 
     </span>
    </p>

    <p class='ocr_par' dir='ltr' id='par_1_6' title="bbox 287 2116 1436 2432">
     <span class='ocr_line' id='line_1_30' title="bbox 288 2116 1436 2174; baseline 0.001 -16"><span class='ocrx_word' id='word_1_187' title='bbox 288 2118 343 2158; x_wconf 83' lang='lat' dir='ltr'><strong>Et</strong></span> <span class='ocrx_word' id='word_1_188' title='bbox 369 2132 450 2171; x_wconf 92' lang='lat' dir='ltr'><strong>quo</strong></span> <span class='ocrx_word' id='word_1_189' title='bbox 482 2124 638 2171; x_wconf 88' lang='lat' dir='ltr'><strong>sceptra</strong></span> <span class='ocrx_word' id='word_1_190' title='bbox 666 2116 755 2156; x_wconf 91' lang='lat' dir='ltr'><strong>loco</strong></span> <span class='ocrx_word' id='word_1_191' title='bbox 783 2116 947 2156; x_wconf 83' lang='lat' dir='ltr'><strong>dederat</strong></span> <span class='ocrx_word' id='word_1_192' title='bbox 973 2118 1047 2159; x_wconf 84' lang='lat' dir='ltr'><strong>tibi</strong></span> <span class='ocrx_word' id='word_1_193' title='bbox 1077 2126 1208 2158; x_wconf 85' lang='lat' dir='ltr'><strong>rector</strong></span> <span class='ocrx_word' id='word_1_194' title='bbox 1235 2118 1398 2174; x_wconf 83' lang='lat' dir='ltr'><strong>Olympi</strong></span> <span class='ocrx_word' id='word_1_195' title='bbox 1417 2149 1436 2172; x_wconf 73' lang='lat'><strong>,</strong></span> 
     </span>
     <span class='ocr_line' id='line_1_31' title="bbox 289 2182 1363 2236; baseline 0.002 -14"><span class='ocrx_word' id='word_1_196' title='bbox 289 2184 384 2233; x_wconf 88' lang='lat' dir='ltr'><strong>Quo</strong></span> <span class='ocrx_word' id='word_1_197' title='bbox 410 2189 532 2235; x_wconf 89' lang='lat' dir='ltr'><strong>caput</strong></span> <span class='ocrx_word' id='word_1_198' title='bbox 558 2184 642 2236; x_wconf 90' lang='lat' dir='ltr'><strong>ipse</strong></span> <span class='ocrx_word' id='word_1_199' title='bbox 669 2189 785 2222; x_wconf 85' lang='lat' dir='ltr'><strong>tuum</strong></span> <span class='ocrx_word' id='word_1_200' title='bbox 809 2182 941 2235; x_wconf 88' lang='lat' dir='ltr'><strong>primo</strong></span> <span class='ocrx_word' id='word_1_201' title='bbox 967 2182 1190 2223; x_wconf 89' lang='lat' dir='ltr'><strong>diademate</strong></span> <span class='ocrx_word' id='word_1_202' title='bbox 1217 2186 1363 2235; x_wconf 81' lang='lat' dir='ltr'><strong>cinxit,</strong></span> 
     </span>
     <span class='ocr_line' id='line_1_32' title="bbox 290 2247 1218 2301; baseline 0.002 -14"><span class='ocrx_word' id='word_1_203' title='bbox 290 2248 368 2287; x_wconf 91' lang='lat' dir='ltr'><strong>Hic</strong></span> <span class='ocrx_word' id='word_1_204' title='bbox 396 2248 471 2288; x_wconf 89' lang='lat' dir='ltr'><strong>sibi</strong></span> <span class='ocrx_word' id='word_1_205' title='bbox 502 2248 643 2287; x_wconf 90' lang='lat' dir='ltr'><strong>donari</strong></span> <span class='ocrx_word' id='word_1_206' title='bbox 676 2247 872 2290; x_wconf 91' lang='lat' dir='ltr'><strong>librorum</strong></span> <span class='ocrx_word' id='word_1_207' title='bbox 900 2247 1002 2287; x_wconf 89' lang='lat' dir='ltr'><strong>vidit</strong></span> <span class='ocrx_word' id='word_1_208' title='bbox 1025 2263 1188 2289; x_wconf 87' lang='lat' dir='ltr'><strong>acervos</strong></span> <span class='ocrx_word' id='word_1_209' title='bbox 1205 2278 1218 2301; x_wconf 89' lang='lat'><strong>,</strong></span> 
     </span>
     <span class='ocr_line' id='line_1_33' title="bbox 287 2312 1335 2367; baseline 0.001 -14"><span class='ocrx_word' id='word_1_210' title='bbox 287 2312 483 2353; x_wconf 88' lang='lat' dir='ltr'><strong>Censibus</strong></span> <span class='ocrx_word' id='word_1_211' title='bbox 503 2313 689 2362; x_wconf 83' lang='lat' dir='ltr'><strong>infestos,</strong></span> <span class='ocrx_word' id='word_1_212' title='bbox 718 2320 925 2352; x_wconf 87' lang='lat' dir='ltr'><strong>servantes</strong></span> <span class='ocrx_word' id='word_1_213' title='bbox 952 2314 1098 2367; x_wconf 87' lang='lat' dir='ltr'><strong>scripta</strong></span> <span class='ocrx_word' id='word_1_214' title='bbox 1125 2314 1309 2354; x_wconf 91' lang='lat' dir='ltr'><strong>dolorum</strong></span> <span class='ocrx_word' id='word_1_215' title='bbox 1323 2345 1335 2365; x_wconf 91' lang='lat'><strong>,</strong></span> 
     </span>
     <span class='ocr_line' id='line_1_34' title="bbox 288 2377 1255 2432; baseline 0.002 -14"><span class='ocrx_word' id='word_1_216' title='bbox 288 2380 461 2418; x_wconf 90' lang='lat' dir='ltr'><strong>Munera</strong></span> <span class='ocrx_word' id='word_1_217' title='bbox 487 2379 704 2432; x_wconf 87' lang='lat' dir='ltr'><strong>suscipiens</strong></span> <span class='ocrx_word' id='word_1_218' title='bbox 731 2377 900 2419; x_wconf 85' lang='lat' dir='ltr'><strong>flammis</strong></span> <span class='ocrx_word' id='word_1_219' title='bbox 922 2386 1083 2418; x_wconf 82' lang='lat' dir='ltr'><strong>aeterna</strong></span> <span class='ocrx_word' id='word_1_220' title='bbox 1112 2379 1255 2420; x_wconf 85' lang='lat' dir='ltr'><strong>beatis.</strong></span> 
     </span>
    </p>

    <p class='ocr_par' dir='ltr' id='par_1_7' title="bbox 287 2444 1367 2564">
     <span class='ocr_line' id='line_1_35' title="bbox 289 2444 1367 2498; baseline 0.003 -14"><span class='ocrx_word' id='word_1_221' title='bbox 289 2444 356 2484; x_wconf 91' lang='lat' dir='ltr'><strong>Ad</strong></span> <span class='ocrx_word' id='word_1_222' title='bbox 384 2457 482 2498; x_wconf 89' lang='lat' dir='ltr'><strong>quas</strong></span> <span class='ocrx_word' id='word_1_223' title='bbox 503 2445 666 2483; x_wconf 87' lang='lat' dir='ltr'><strong>accessit</strong></span> <span class='ocrx_word' id='word_1_224' title='bbox 693 2444 869 2498; x_wconf 86' lang='lat' dir='ltr'><strong>placidus</strong></span> <span class='ocrx_word' id='word_1_225' title='bbox 897 2446 1021 2498; x_wconf 84' lang='lat' dir='ltr'><strong>magis</strong></span> <span class='ocrx_word' id='word_1_226' title='bbox 1049 2445 1236 2486; x_wconf 90' lang='lat' dir='ltr'><strong>omnibus</strong></span> <span class='ocrx_word' id='word_1_227' title='bbox 1263 2447 1367 2495; x_wconf 83' lang='lat' dir='ltr'><strong>aris,-</strong></span> 
     </span>
     <span class='ocr_line' id='line_1_36' title="bbox 287 2508 1183 2564; baseline -0.001 -14"><span class='ocrx_word' id='word_1_228' title='bbox 287 2510 454 2564; x_wconf 83' lang='lat' dir='ltr'><strong>Aspexit</strong></span> <span class='ocrx_word' id='word_1_229' title='bbox 471 2516 623 2549; x_wconf 84' lang='lat' dir='ltr'><strong>vestros</strong></span> <span class='ocrx_word' id='word_1_230' title='bbox 645 2509 766 2554; x_wconf 81' lang='lat' dir='ltr'><strong>radiis</strong></span> <span class='ocrx_word' id='word_1_231' title='bbox 790 2508 848 2550; x_wconf 93' lang='lat' dir='ltr'><strong>sol</strong></span> <span class='ocrx_word' id='word_1_232' title='bbox 875 2525 1019 2550; x_wconf 80' lang='lat' dir='ltr'><strong>aureus</strong></span> <span class='ocrx_word' id='word_1_233' title='bbox 1047 2512 1183 2564; x_wconf 83' lang='lat' dir='ltr'><strong>ignes3</strong></span> 
     </span>
    </p>

    <p class='ocr_par' dir='ltr' id='par_1_8' title="bbox 288 2574 1240 2630">
     <span class='ocr_line' id='line_1_37' title="bbox 288 2574 1240 2630; baseline -0.001 -14"><span class='ocrx_word' id='word_1_234' title='bbox 288 2576 343 2617; x_wconf 85' lang='lat' dir='ltr'><strong>Et</strong></span> <span class='ocrx_word' id='word_1_235' title='bbox 362 2575 547 2630; x_wconf 89' lang='lat' dir='ltr'><strong>placuere</strong></span> <span class='ocrx_word' id='word_1_236' title='bbox 574 2574 679 2616; x_wconf 85' lang='lat' dir='ltr'><strong>diem</strong></span> <span class='ocrx_word' id='word_1_237' title='bbox 708 2575 900 2619; x_wconf 87' lang='lat' dir='ltr'><strong>violantia</strong></span> <span class='ocrx_word' id='word_1_238' title='bbox 927 2574 1079 2616; x_wconf 86' lang='lat' dir='ltr'><strong>lumina</strong></span> <span class='ocrx_word' id='word_1_239' title='bbox 1103 2576 1211 2615; x_wconf 84' lang='lat' dir='ltr'><strong>fumo</strong></span> <span class='ocrx_word' id='word_1_240' title='bbox 1229 2606 1240 2625; x_wconf 91' lang='lat'>‚</span> 
     </span>
    </p>

    <p class='ocr_par' dir='ltr' id='par_1_9' title="bbox 290 2639 1280 2693">
     <span class='ocr_line' id='line_1_38' title="bbox 290 2639 1280 2693; baseline 0.001 -13"><span class='ocrx_word' id='word_1_241' title='bbox 290 2642 405 2693; x_wconf 90' lang='lat' dir='ltr'><strong>Quae</strong></span> <span class='ocrx_word' id='word_1_242' title='bbox 431 2654 533 2693; x_wconf 80' lang='lat' dir='ltr'><strong>pura</strong></span> <span class='ocrx_word' id='word_1_243' title='bbox 560 2639 712 2693; x_wconf 85' lang='lat' dir='ltr'><strong>fulgens</strong></span> <span class='ocrx_word' id='word_1_244' title='bbox 736 2640 918 2680; x_wconf 89' lang='lat' dir='ltr'><strong>accendis</strong></span> <span class='ocrx_word' id='word_1_245' title='bbox 945 2648 1076 2681; x_wconf 84' lang='lat' dir='ltr'><strong>mente</strong></span> <span class='ocrx_word' id='word_1_246' title='bbox 1096 2654 1280 2689; x_wconf 71' lang='lat' dir='ltr'><strong>serenus.</strong></span> 
     </span>
    </p>

    <p class='ocr_par' dir='ltr' id='par_1_10' title="bbox 291 2704 1192 2762">
     <span class='ocr_line' id='line_1_39' title="bbox 291 2704 1192 2762; baseline -0.001 -15"><span class='ocrx_word' id='word_1_247' title='bbox 291 2707 380 2762; x_wconf 86' lang='lat' dir='ltr'><strong>Ipse</strong></span> <span class='ocrx_word' id='word_1_248' title='bbox 409 2705 518 2746; x_wconf 84' lang='lat' dir='ltr'><strong>locus</strong></span> <span class='ocrx_word' id='word_1_249' title='bbox 543 2704 655 2745; x_wconf 86' lang='lat' dir='ltr'><strong>vobis</strong></span> <span class='ocrx_word' id='word_1_250' title='bbox 685 2705 857 2748; x_wconf 81' lang='lat' dir='ltr'><strong>ostendit</strong></span> <span class='ocrx_word' id='word_1_251' title='bbox 884 2705 971 2746; x_wconf 90' lang='lat' dir='ltr'><strong>iure</strong></span> <span class='ocrx_word' id='word_1_252' title='bbox 1001 2714 1192 2761; x_wconf 79' lang='lat' dir='ltr'><strong>tropaea3</strong></span> 
     </span>
    </p>
   </div>
   <div class='ocr_carea' id='block_1_5' title="bbox 1660 350 1731 391">
    <p class='ocr_par' dir='ltr' id='par_1_11' title="bbox 1660 350 1731 391">
     <span class='ocr_line' id='line_1_40' title="bbox 1660 350 1731 391; baseline 0.028 -2"><span class='ocrx_word' id='word_1_253' title='bbox 1660 350 1731 391; x_wconf 77' lang='lat'><strong>135</strong></span> 
     </span>
    </p>
   </div>
   <div class='ocr_carea' id='block_1_6' title="bbox 1654 1001 1729 1054">
    <p class='ocr_par' dir='ltr' id='par_1_12' title="bbox 1654 1001 1729 1054">
     <span class='ocr_line' id='line_1_41' title="bbox 1654 1001 1729 1054; baseline 0.013 -12"><span class='ocrx_word' id='word_1_254' title='bbox 1654 1001 1729 1054; x_wconf 73' lang='lat'><strong>145</strong></span> 
     </span>
    </p>
   </div>
   <div class='ocr_carea' id='block_1_7' title="bbox 1652 1664 1734 1706">
    <p class='ocr_par' dir='ltr' id='par_1_13' title="bbox 1652 1664 1734 1706">
     <span class='ocr_line' id='line_1_42' title="bbox 1652 1664 1734 1706; baseline -0.024 0"><span class='ocrx_word' id='word_1_255' title='bbox 1652 1664 1734 1706; x_wconf 60' lang='lat'><strong>155&gt;</strong></span> 
     </span>
    </p>
   </div>
   <div class='ocr_carea' id='block_1_8' title="bbox 1654 1991 1725 2032">
    <p class='ocr_par' dir='ltr' id='par_1_14' title="bbox 1654 1991 1725 2032">
     <span class='ocr_line' id='line_1_43' title="bbox 1654 1991 1725 2032; baseline 0.028 -2"><span class='ocrx_word' id='word_1_256' title='bbox 1654 1991 1725 2032; x_wconf 47' lang='lat'><strong>2¹60</strong></span> 
     </span>
    </p>
   </div>
   <div class='ocr_carea' id='block_1_9' title="bbox 1650 2317 1741 2359">
    <p class='ocr_par' dir='ltr' id='par_1_15' title="bbox 1650 2317 1741 2359">
     <span class='ocr_line' id='line_1_44' title="bbox 1650 2317 1741 2359; baseline 0.022 -2"><span class='ocrx_word' id='word_1_257' title='bbox 1650 2317 1741 2359; x_wconf 49' lang='lat'><strong>165⁷</strong></span> 
     </span>
    </p>
   </div>
   <div class='ocr_carea' id='block_1_10' title="bbox 1646 2656 1719 2698">
    <p class='ocr_par' dir='ltr' id='par_1_16' title="bbox 1646 2656 1719 2698">
     <span class='ocr_line' id='line_1_45' title="bbox 1646 2656 1719 2698; baseline 0.014 -15"><span class='ocrx_word' id='word_1_258' title='bbox 1646 2656 1719 2698; x_wconf 77' lang='lat'><strong>¹7⁰</strong></span> 
     </span>
    </p>
   </div>
  </div>
 </body>
</html>
