1924 3164
323 180 326 183 -
352 144 461 214 240
871 164 886 169 ·’
920 157 1200 202 EXCERHA

167 273 207 308 A.
222 266 541 319 C.477‹501'›cso¹av
559 261 756 317 ’ὖποψιάν
780 262 986 314 πολέμου,
1015 260 1088 303 καὶ
1111 259 1220 314 μετὰ
1239 258 1312 305 τὸν
1338 262 1519 307 θάνατον
1543 266 1585 308 Γ
1581 268 1790 324 ινζιρίχου

192 322 538 399 νῖ1375πεσόντες
564 331 606 377 ἒς
626 330 765 369 πᾶσαν
783 325 996 380 μαλακίαν
1024 321 1123 368 οὔτε
1149 324 1223 382 τήν
1251 325 1382 382 αὔτὴν
1421 326 1568 386 ῥώμην
1594 333 1637 382 ἐς
1678 332 1789 389 πρά-

164 379 485 452 Ζρῃὲῃζὲγματα
525 393 670 447 ἔσχον,
701 387 794 434 οὔτε
820 390 895 442 τὰς
928 388 1063 441 αὖτάς
1103 390 1168 434 ἔτι
1196 398 1389 447 συνεῖχον
1416 396 1706 451 παρασκευὰς,
1735 394 1789 447 ἅς
1843 421 1848 426 «

348 463 500 509 ἐκεῖνος
538 457 645 514 πρὸς
682 460 823 499 πᾶσαν
860 459 1013 513 πρᾶξιν
1042 453 1153 511 εἶχεν
1180 456 1423 514 ε’φόρμους,
1454 459 1511 509 ὥς
1536 463 1688 504 θᾶττον
1715 458 1788 505 dee)

242 533 339 579 P.96
350 525 557 582 πράττειν,
586 519 612 579 ἢ
644 523 702 572 ὥς
717 519 770 564 ἂν
800 518 925 573 ἄλλος
952 521 1245 576 βουλεύσαιτο.
1305 524 1524 577 δεξάμενος
1553 527 1599 568 δὲ
1627 525 1811 578 αὕτοόςό

343 588 610 649 φιλοφρόνως
645 589 667 631 ὅ
708 587 856 645 Ζήνων
894 591 1019 651 τιμῆς
1057 590 1134 643 μὲν
1173 588 1325 645 ἠξίωσε
1354 587 1529 647 δεούσης
1559 591 1660 642 τούς
1685 595 1787 649 πρέ-

342 662 479 713 σβεις,
508 656 583 698 καὶ
609 656 762 713 δώροις
790 655 1014 709 ἀπέπεμψε
1057 656 1144 706 τοῖς
1171 656 1378 711 πρέπουσι
1405 657 1641 713 κοσμήσας,
1669 658 1789 703 Ἀλέ-

337 725 512 780 ξανδρον
540 725 587 765 δὲ
615 728 731 764 ποιεῖ
752 724 835 765 τῶν
861 719 1080 778 πριβάτων
1117 720 1291 777 κόμητα.

158 795 327 841 Λ.Ο.479
447 790 495 838 ς’.
540 786 633 831 Ὅτι
667 785 882 844 συνθήκας
925 787 1031 843 πρὸς
1060 785 1264 843 ἀλλήλους
1289 786 1558 844 ποιησάμενοι
1589 790 1787 847 Θευδέρι-

167 843 414 924 Ζεὲῐὲὲ·ἒχος
442 854 516 898 καί
549 855 572 896 ὅ
606 856 806 911 Τριαρίου
847 854 888 896 οῖ
911 856 952 896 Γ
951 852 1072 895 ότθοι
1107 853 1166 909 μὴ
1197 857 1393 907 πολεμεῖν
1425 855 1647 911 ἄλλήλοις,
1674 859 1838 911 πέμ-ἰο

288 914 295 922 ’
338 938 490 966 πουσιν
521 917 651 978 σ’ἶμφω
680 922 878 976 πρέσβεις
906 920 979 961 ἐπὶ
1001 917 1046 961 τὸ
1074 919 1336 972 Βυζάντιον,
1375 918 1399 962 ὅ
1427 922 1507 974 μὲν
1531 923 1610 963 τοῦ
1635 925 1784 966 Baza-

337 987 477 1044 μήρου
499 989 556 1044 τῷ
582 990 756 1041 βασιλεῖ
779 988 975 1040 ἐγκαλῶν,
998 981 1063 1026 ὅτι
1081 986 1383 1041 προδεδομένος
1409 985 1479 1027 ὑπ’
1509 988 1668 1030 ἐκείνου
1684 1003 1786 1043 τυγ-

336 1053 460 1107 χάνει
474 1086 487 1106 ,
516 1054 591 1095 καί
615 1051 674 1101 ὥς
701 1054 786 1093 τῶν
813 1053 1097 1094 συντεθέντων
1125 1052 1248 1092 οὐδὲν
1275 1049 1412 1106 εὖρών
1440 1053 1597 1106 α’ληθὲς
1627 1053 1786 1095 Θευδε-

300 1121 447 1177 Βρίχῳ
476 1117 689 1172 συμβαίη,
731 1117 858 1159 αἰτῶν
887 1117 934 1158 δὲ
950 1115 1099 1172 χώραν
1126 1116 1259 1173 αὐτῷ,
1292 1118 1338 1159 ἐν
1362 1112 1391 1174 ᾗ
1418 1118 1550 1170 μένοι,
1578 1118 1782 1173 δοθῆναι,

337 1186 412 1228 καὶ
437 1190 568 1238 σῖτον,
598 1180 710 1232 ὅστις
726 1183 841 1240 αὐτῷ
867 1185 939 1224 καί
964 1184 1094 1238 μέχρι
1121 1184 1283 1238 καρποῦ
1308 1181 1380 1224 τὸν
1406 1181 1588 1238 στρατὸν
1615 1184 1836 1240 §anue-15

315 1267 404 1294 ’σει
432 1247 612 1304 διάγειν,
643 1251 718 1291 καί
742 1247 842 1298 τούς
868 1249 1137 1304 προαγωγέας
1164 1249 1247 1291 τῶν
1275 1247 1504 1304 λημμάτων
1531 1249 1787 1306 τῆςοῖρχῆς,

337 1315 411 1365 οὓς
439 1316 706 1369 δομεστίκους
733 1315 910 1356 καλοῦσι
937 1314 1172 1367 εΡωμαῖοι,
1216 1315 1440 1368 ἐκπέμπειν
1476 1312 1534 1364 ὥς
1577 1312 1781 1368 τάχιστα,

335 1380 457 1436 λόγον
491 1380 681 1428 διδόντας
721 1374 782 1420 ὧν
823 1377 996 1432 ἔλαβον·
1052 1375 1080 1434 ἢ
1117 1377 1176 1434 μή
1217 1380 1348 1422 ταῦτα
1386 1381 1647 1432 ποιουμένων
1673 1379 1788 1435 πρὸς,

337 1446 464 1490 αὖτὸν
489 1449 571 1489 τῶν
595 1446 845 1500 “Ρωμαι’ων,
875 1446 926 1486 ου’
954 1445 1214 1500 δυνήσεσθαι
1243 1445 1366 1495 αὐτὸς
1394 1444 1524 1488 πολὺν
1553 1441 1678 1500 ὄχλον
1703 1462 1782 1488 κα-

334 1516 473 1568 τέχειν
500 1514 579 1555 τοῦ
614 1508 808 1566 μὴ-ὅθεν
851 1508 1049 1554 δύναιντο
1089 1512 1141 1554 δι’
1186 1508 1379 1567 ἁρπαγῆς
1405 1509 1573 1561 ἑαυτοῖς
1601 1513 1835 1569 ἐπανορ-αα

334 1582 523 1623 &nouam
550 1577 627 1635 τήν
654 1576 829 1620 ἔνδειαν.
884 1577 1023 1619 ταῦτα
1048 1578 1128 1631 μὲν
1166 1574 1187 1617 ὃ
1217 1579 1358 1633 ἕτερος
1396 1578 1653 1634 Θευδέριχος
1688 1576 1784 1626 εἴλεε
1833 1619 1847 1628 ,

427 1681 461 1716 5.
488 1678 598 1717 ἄλλος
619 1678 860 1724 βουλεύσαιτο
893 1678 932 1710 Β.
947 1702 957 1718 ,
986 1675 1100 1710 ἄλλοι
1130 1676 1397 1721 βουλεύσαιντο
1413 1676 1514 1717 Val.,
1540 1675 1670 1716 ἄλλοις
1691 1681 1778 1723 βου-

424 1727 621 1762 λεύσαιντο
645 1727 741 1772 vulg.
819 1737 869 1760 10.
887 1722 1073 1771 Τριάριος
1091 1724 1186 1769 vulg.
1240 1726 1293 1762 18.
1312 1721 1333 1765 ἢ
1358 1724 1460 1765 val„
1482 1725 1517 1757 εἰ
1531 1724 1624 1768 vulg.
1720 1737 1774 1760 20.

425 1774 493 1808 τοῦ
519 1774 585 1814 N„
602 1775 652 1819 τῷ
676 1774 769 1819 vulg.

331 1861 371 1893 in
400 1869 540 1894 omnem
564 1857 757 1890 mollitiem
777 1856 1020 1898 devenerant3
1043 1865 1164 1900 neque
1189 1855 1343 1899 pristina
1368 1855 1584 1892 fortitudine
1609 1857 1655 1892 ad
1678 1858 1777 1898 bella

331 1905 487 1952 gerenda
519 1905 708 1950 vigebant,
741 1914 861 1949 neque
898 1902 1042 1938 eosdem
1073 1901 1251 1935 exercitus
1278 1901 1445 1943 alebant,
1484 1916 1574 1950 quos
1599 1905 1774 1940 Genseri-

330 1965 393 1986 cus
427 1951 474 1984 ad
510 1963 633 1985 omnes
669 1951 874 1983 occasiones
907 1950 1102 1982 instructos
1133 1947 1311 1991 habebat,
1349 1955 1391 1983 ut
1417 1960 1558 1994 semper
1581 1952 1769 1986 celeritate

330 1999 553 2045 exsequendi
593 1998 747 2031 aliorum
785 1995 937 2030 consilia
969 1996 1198 2040 praeveniret
1233 2001 1269 2029 et
1305 2001 1555 2030 anteverteret.
1615 1998 1769 2042 Legatos

328 2048 422 2079 Zeno
448 2046 650 2079 liberaliter
685 2044 829 2087 excepit
859 2048 896 2076 et
920 2041 1058 2075 honore
1085 2041 1209 2075 debito
1236 2046 1290 2075 est
1313 2048 1543 2086 prosecutus,
1575 2050 1612 2078 et
1636 2054 1793 2081 mune-,

326 2093 428 2126 ribus
452 2105 518 2138 pro
545 2093 676 2125 merito
702 2095 846 2124 ornatos
871 2089 1028 2130 dimisit,
1053 2093 1091 2123 et
1101 2088 1342 2123 Alexandrum
1363 2090 1531 2124 comitem
1546 2092 1769 2137 privatarum

325 2152 446 2175 rerum
473 2140 569 2173 fecit.

419 2188 453 2220 6.
502 2181 788 2223 Theuderichus‚
803 2182 948 2222 Triarii,
962 2186 999 2215 et
1012 2179 1298 2223 Theuderichus‚
1312 2182 1490 2217 Balameri
1503 2182 1613 2225 filius,
1639 2183 1769 2228 Gothi,

325 2232 474 2268 foedere
500 2235 688 2270 caverunt,
716 2241 762 2263 ne
788 2230 883 2262 inter
907 2239 945 2262 se
970 2228 1106 2261 bellum
1132 2233 1313 2273 gererent,
1344 2235 1382 2263 et
1402 2230 1538 2274 legatos
1556 2231 1768 2274 Byzantium

326 2281 487 2313 mittunt.
535 2276 713 2311 Balameri
732 2276 829 2309 filius
842 2276 1098 2320 Imperatorem
1113 2274 1323 2316 accusabat,
1347 2276 1447 2320 quod
1471 2287 1509 2309 se
1532 2277 1769 2321 prodidisset,

328 2332 366 2359 et
393 2326 478 2371 quia
501 2325 598 2357 nihil
621 2323 707 2356 fidei
732 2322 851 2355 inesse
875 2322 945 2363 his,
973 2332 1066 2368 quae
1090 2322 1325 2365 promiserat,
1350 2323 1554 2367 reperisset,
1577 2323 1618 2356 id
1637 2335 1767 2361 causae

327 2373 461 2412 fuisse,
484 2376 526 2403 ut
552 2381 633 2403 cum
650 2368 905 2410 Theudericho
927 2369 1147 2406 conveniret.
1193 2369 1316 2403 Petere
1337 2374 1456 2402 autem
1478 2371 1660 2414 regionem
1680 2371 1767 2415 sibi,

328 2419 367 2451 in
391 2428 463 2464 qua
488 2420 748 2455 commoretur,
773 2415 876 2456 dari,
913 2419 950 2448 et
972 2415 1192 2448 frumentum
1218 2414 1467 2460 suppeditari,
1507 2416 1607 2463 quod
1630 2412 1778 2454 alendo'

329 2464 502 2498 exercitui
540 2472 655 2507 usque
690 2461 737 2493 ad
773 2473 925 2496 messem
951 2461 1036 2494 satis
1061 2467 1164 2495 esset.
1212 2462 1260 2494 Ut
1281 2463 1389 2495 etiam
1414 2463 1596 2496 redituum
1619 2464 1766 2510 imperii

328 2517 528 2550 coactores,
566 2518 656 2554 quos
690 2507 906 2542 domesticos
926 2508 1077 2541 Romani
1105 2512 1250 2549 vocant,
1289 2519 1397 2554 quam
1431 2511 1587 2553 primum
1623 2511 1765 2555 mittat,

327 2559 392 2605 qui
418 2557 594 2590 rationem
629 2553 824 2588 redderent
851 2566 988 2595 eorum,
1020 2565 1113 2599 quae
1137 2555 1348 2599 receperint.
1395 2555 1442 2588 Ni
1467 2568 1507 2589 ea
1531 2558 1682 2597 Romani
1706 2559 1765 2594 fe-

329 2606 461 2644 cerint,
499 2603 537 2635 in
569 2612 632 2634 sua
665 2604 843 2645 potestate
878 2612 952 2633 nou
977 2612 1052 2634 esse
1087 2606 1160 2633 tam
1192 2612 1353 2646 magnam
1388 2602 1531 2635 turbam
1556 2605 1773 2648 continere,¹

329 2651 419 2698 quin
442 2650 585 2695 rapinas
611 2652 648 2680 et
667 2646 817 2691 praedas
840 2651 965 2691 agant,
990 2657 1034 2680 ex
1052 2647 1185 2692 quihus
1209 2659 1308 2680 suam
1332 2647 1491 2692 inopiam
1513 2649 1655 2695 possint
1677 2651 1763 2686 sub-

330 2700 460 2735 levare.
487 2696 583 2730 Haec
601 2693 750 2740 quidem
773 2693 864 2727 alter
887 2694 1092 2738 proposuit:
1120 2694 1212 2728 alter
1224 2693 1510 2738 Theuderichus,
1528 2697 1760 2744 Triarii,·po-
