1924 3164
625 204 660 245 E
696 199 867 247 Pmsel
906 201 1178 247 ffls‘romA.
1516 180 1621 264 147

172 292 375 346 Παιόνων
397 302 547 360 χώραν
556 337 570 357 ,
619 305 678 362 τῷ
703 303 906 362 βαρβάρῳ
935 303 1043 348 κατὰ
1071 305 1150 356 τὰς
1187 297 1350 348 Ἀετίου
1389 296 1804 365 οτρατηγοῢΔ.ῦ.448

170 371 254 414 τῶν
291 367 496 426 ἑσπερίων
532 369 760 423 Ῥωμαίων
797 368 1013 426 συνθήκας
1049 369 1373 415 ὑπακούουσαν.
1440 368 1561 423 οὗτος
1582 363 1810 456 ’ὅῶἶὲδέοῄ

166 432 349 490 Ἕδήκων
375 438 420 485 ἐς
446 434 500 477 τὰ
528 435 724 489 βασίλεια
752 434 978 491 παρελθών
1006 437 1211 479 α’πεδιδου
1240 435 1291 479 τοὶ
1321 437 1436 494 παρὰ
1469 438 1620 494 ’Λττη-

171 505 224 543 λα
252 499 502 556 γράμματα,
554 502 599 542 ἐν
626 495 687 550 οἷς
716 502 898 542 ἐποιεῖτο
926 501 1026 550 τούς
1048 503 1294 556 ζΡωμαίους
1321 505 1366 545 ἐν
1396 505 1507 562 αἰτίᾳ
1534 505 1616 547 τῶν

143 567 375 623 5φυγάδων
403 560 525 623 πέρι·
582 562 678 608 ἄνθ’
707 561 766 608 ὧν
797 566 957 621 ἠπείλει
987 567 1060 610 ἐπὶ
1081 567 1135 610 τὰ
1163 565 1268 611 ὅπλα
1296 576 1465 625 χωρεῖν,
1494 573 1536 612 εἰ
1559 577 1619 626 μή

168 632 417 674 α’ποδοθεῖεν
446 628 586 690 αὖτῷ,
635 630 709 673 καί
735 632 961 688 ἀφέξονται
996 632 1206 687 ιΡωμαῖοι
1246 634 1322 691 τὴν
1350 636 1658 691 δορυοίλωτονῦ

168 693 396 752 ἀροῦντες.
450 693 559 739 εἶναι
589 698 642 741 ,δὲ
679 699 813 752 μῆκος
849 700 928 751 μὲν
967 700 1095 754 αὐτῆς
1136 697 1240 742 κατὰ
1276 699 1322 743 τὸ
1360 700 1501 757 ῥεῦμα
1542 704 1620 744 τοῦ

153 755 323 818 Ἴστρου
353 758 436 804 οἷπὸ
470 763 546 818 τῆς
573 759 778 806 Παιόνων
806 758 909 819 ἄχρι
937 766 1093 818 Νοβῶν
1119 767 1203 807 τῶν
1237 766 1454 824 Θρᾳκίων,
1493 765 1540 809 τὸ
1571 768 1620 809 δὲ

164 826 301 882 βάθος
327 830 448 870 πέντε
474 826 643 885 ἡμερῶν
671 827 782 872 ὁδόν.
836 828 912 884 καὶ
936 828 1014 885 τὴν
1042 829 1198 887 α’γορὰν
1226 830 1305 886 τὴν
1331 833 1376 874 ἐν
1398 833 1618 889 Ἰλλυριοῖς

115 891 223 949 ιομὴ
251 891 357 950 πρὸς
383 894 436 950 τῇ
462 887 570 951 ὄχθῃ
599 896 681 935 τοῦ
707 889 875 950 Ἴστρου
904 898 1098 949 ποταμοῦ
1125 898 1344 951 γίνεσθαι,
1372 895 1512 954 ὥσπερ
1541 901 1616 941 καὶ

162 958 310 1013 πάλαι,
339 961 430 1001 ἀλλ’
456 960 502 1002 ἐν
529 961 725 1017 Ναϊσσῷ,
757 957 811 1015 ἣν
840 957 956 1016 ὅριον
973 993 986 1016 ,
1019 959 1076 1010 ὥς
1103 963 1170 1004 ἐπ’
1197 958 1334 1004 αὖτοῦ
1363 965 1613 1021 δῃωθεῖσαν,

161 1025 235 1078 τῆς
262 1026 439 1067 Σκυθῶν
466 1026 541 1067 καί
571 1022 801 1078 Ῥωμαίων
828 1026 989 1068 ἐτίθετο
1015 1028 1112 1082 γῆς,
1156 1030 1278 1070 πέντε
1314 1028 1484 1085 ἡμερῶν
1514 1028 1614 1071 ὁδὸν

161 1086 329 1147 εὐζώνῳ
361 1086 486 1145 ἆνδρί
510 1091 586 1132 τοῦ
602 1085 768 1146 Ἴστρου
798 1092 1045 1146 ἀπέχουσαν
1071 1094 1288 1147 ποταμοῦ.
1342 1095 1538 1150 πρέσβεις
1566 1097 1614 1138 δὲ

161 1155 351 1197 ἐκέλευσε
378 1153 485 1212 πρὸς
512 1151 641 1197 αὖτὸν
670 1152 944 1213 ἀφικνεῖσθαι
970 1156 1069 1207 τούς
1103 1160 1203 1213 περὶ
1242 1160 1324 1200 τῶν
1363 1155 1616 1215 ἀμφιβόλων

111 1220 494 1276 ιὸδιαλεξομένους,
524 1217 576 1262 οὗ
604 1223 690 1264 ταῖν
715 1222 1019 1276 ἐπιτυχόντων,
1049 1221 1156 1264 ἀλλὰ
1185 1225 1271 1265 τῶν
1297 1221 1511 1266 ὑπατικῶν
1539 1225 1615 1267 ἅν-

162 1288 275 1342 δρῶν
302 1285 403 1336 τούς
428 1285 668 1341 μεγίστους·
724 1283 800 1335 οὓς
827 1288 868 1330 εἰ
891 1289 1116 1340 ἐκπέμπειν
1143 1284 1442 1344 εὖλαβηθεῖεν,
1490 1289 1668 1335 av’u‘mV.
1678 1299 1723 1333 26

162 1353 386 1406 δεξάμενον
414 1354 528 1409 σφᾶς
556 1354 600 1403 ἒς
626 1351 705 1407 τὴν
733 1351 946 1409 Σαρδικὴν
975 1351 1270 1409 διαβήσεσθαι.
1323 1354 1483 1397 τούτων
1514 1356 1617 1398 α’να-

157 1419 428 1472 γνωσθέντων
455 1420 628 1472 βασιλεῖ
646 1420 730 1460 τῶν
755 1415 1026 1473 γραμμάτων,
1043 1416 1102 1468 ὥς
1128 1418 1362 1474 ὑπεξῆλθεν
1386 1418 1409 1461 ὅ
1436 1418 1654 1476 ἘδήκωνΙ)

159 1482 240 1526 σὸν
278 1484 336 1540 τῷ
365 1484 518 1543 Βιγίλα
567 1481 866 1540 ἓρμηνεύσαντι
912 1480 1072 1541 ὅσαπερ
1103 1485 1126 1526 ὅ
1154 1483 1372 1541 βάρβαρος
1399 1484 1482 1527 ‹ini›
1513 1485 1613 1529 στό-

106 1562 289 1604 2οματος
317 1548 479 1606 ἔφρασε
509 1552 592 1591 τῶν
625 1547 801 1608 Ἀττήλᾳ
840 1551 1123 1605 δεδογμένων,
1177 1550 1251 1592 καί
1278 1553 1323 1600 ἐς
1349 1549 1519 1608 ἐτέρους
1549 1551 1613 1594 οἴ-

159 1630 260 1664 κους
296 1617 540 1669 παρεγένετο
580 1610 688 1656 ὥστε
726 1614 858 1658 αὕτόν
886 1615 1133 1674 Χρυσαφίῳ
1159 1618 1234 1658 τοῦ
1261 1618 1470 1670 βασιλέως
1497 1617 1612 1660 ’ὕπα-

158 1678 327 1738 σπιστῇ,
361 1676 430 1723 οἷα
469 1678 521 1735 δὴ
563 1678 611 1723 τὰ
638 1682 816 1735 μέγιστα
845 1682 1078 1739 δυναμένῳ,
1107 1684 1151 1731 ἐς
1179 1676 1282 1735 ὄψιν
1310 1683 1475 1735 ἐλθεῖν,
1506 1684 1610 1724 εἷπε-ι

156 1745 356 1800 θαύμασε
382 1745 458 1801 τὴν
486 1748 570 1788 τῶν
594 1746 822 1801 βασιλείων
851 1746 975 1790 οἴκων
1002 1746 1297 1804 περιφάνειαν,
1347 1747 1523 1802 Βιγίλας
1548 1749 1608 1802 δὲ,

265 1841 317 1875 ¹7·
344 1829 549 1877 δεξόμενον
574 1832 666 1864 coni.
693 1832 731 1865 B.

157 1895 326 1940 glonem‚
363 1894 409 1927 ad
435 1893 543 1927 Saum
579 1894 715 1927 flumen
749 1895 875 1936 sitam,
909 1894 1113 1935 incolebat,
1151 1904 1246 1940 quae
1272 1905 1316 1927 ex
1339 1893 1487 1929 foedere
1512 1895 1606 1931 inito

159 1953 240 1975 eum
267 1942 385 1982 Aetio,
414 1943 654 1974 Romanorum
680 1940 970 1976 occidentalium
995 1941 1110 1979 duce,
1141 1939 1296 1973 barbaro
1321 1941 1481 1985 parebat.
1530 1943 1606 1975 Ita-

186 1998 230 2021 ue
255 1987 400 2021 Edecon
425 1988 464 2020 in
492 1987 669 2031 palatium
695 1987 871 2020 admissus
886 2011 896 2027 ,
925 1986 1138 2031 Imperatori
1163 1985 1466 2020 litteras-Attilae
1490 1989 1607 2022 tradi-

157 1999 239 2076 llit,
263 2034 303 2068 in
328 2033 461 2080 quibus
490 2033 534 2066 de
559 2033 753 2078 transfugis
778 2045 853 2066 non
880 2032 1033 2066 redditis
1062 2031 1304 2077 querebatur,
1337 2033 1401 2078 qui
1423 2034 1497 2066 nisi
1522 2034 1606 2067 red-

157 2081 343 2122 derentur,
370 2085 407 2114 et
428 2081 580 2114 Romani
605 2092 626 2114 a
650 2079 801 2114 colenda
823 2085 918 2112 terra
943 2079 1180 2118 abstinerent,
1206 2089 1316 2124 quam
1338 2079 1438 2113 bello
1464 2086 1606 2125 captam

158 2139 246 2161 suae
271 2127 404 2162 ditioni
429 2127 633 2168 adiecerat,
659 2126 706 2158 ad
730 2137 827 2160 arma
851 2137 888 2158 se
915 2126 1050 2159 iturum
1075 2125 1292 2158 minabatur.
1342 2126 1393 2158 Ea
1428 2137 1513 2160 vero
1543 2138 1605 2160 se-

158 2173 317 2208 cundum
340 2176 470 2208 Istrum
493 2186 513 2207 a
536 2173 735 2207 Paeonibus
760 2172 806 2206 ad
830 2171 946 2206 Novas
970 2182 1086 2218 usque
1111 2170 1152 2204 in
1180 2170 1333 2205 Thracia
1356 2173 1442 2206 sitas
1458 2172 1498 2207 iu
1520 2174 1606 2207 lon-

158 2221 361 2266 gitudinem
387 2219 660 2254 extendebatur.
709 2218 881 2252 Latitudo
913 2224 1034 2252 autem
1071 2223 1148 2251 erat
1176 2218 1343 2264 quinque,
1364 2218 1504 2254 dierum
1535 2221 1603 2254 iti-

158 2278 256 2301 nere.
305 2268 433 2313 Neque
456 2277 542 2301 vero
565 2267 682 2300 forum
710 2265 903 2306 celebrari,
928 2271 970 2299 ut
994 2265 1101 2306 olim,
1126 2263 1173 2296 a'd
1195 2265 1312 2308 ripam
1337 2266 1419 2299 Istri
1442 2266 1603 2308 volebat,

156 2313 223 2346 sed
247 2315 287 2347 in
310 2313 461 2355 Naisso,
486 2324 592 2360 quam
616 2313 743 2346 urbem
768 2323 788 2344 a
815 2323 852 2345 se
878 2318 1017 2357 captam
1058 2317 1094 2344 et
1117 2310 1272 2344 dirutam
1310 2312 1475 2357 quinque
1520 2313 1602 2346 die-

159 2371 240 2393 rum
265 2361 398 2395 itinere
424 2360 593 2406 expedito
618 2359 758 2393 homini
782 2359 826 2392 ab
848 2360 938 2391 Istro
963 2358 1179 2398 distantem,
1209 2357 1420 2400 Scytharum
1453 2365 1490 2393 et
1526 2361 1599 2393 Ro-

156 2418 345 2440 manorum
380 2407 531 2441 ditionis
559 2404 996 2445 limitemsconstituebat.
1042 2404 1194 2449 Legatos
1273 2415 1367 2451 oque
1399 2405 1446 2439 ad
1470 2417 1508 2439 se
1531 2418 1598 2441 ve·-

155 2454 238 2487 nire
262 2454 368 2488 iussit
390 2459 619 2488 controversa
651 2453 927 2497 disceptaturos,
952 2463 1026 2485 non
1051 2461 1095 2483 ex
1123 2451 1224 2497 quoli
1255 2456 1292 2484 et
1313 2450 1503 2484 hominum
1528 2464 1593 2497 ge-

157 2510 246 2533 nere
270 2506 307 2534 et
331 2500 481 2540 ordine,
502 2500 566 2534 sed
591 2511 635 2534 ex
658 2497 905 2534 consularibus
930 2497 1168 2538 illustriores,
1192 2508 1282 2544 quos
1307 2498 1337 2530 si
1365 2499 1511 2532 mittere
1535 2501 1597 2533 in-

155 2546 398 2588 termiserint,
434 2558 472 2580 se
497 2547 615 2592 ipsum
643 2546 689 2579 ad
713 2557 774 2580 eos
798 2544 1026 2579 arcessendos
1058 2545 1096 2576 in
1121 2543 1301 2578 Sardicam
1326 2544 1594 2579 descensurum.

155 2593 223 2626 His
246 2593 378 2626 litteris
403 2593 527 2634 lectis,
554 2592 712 2638 digresso
738 2593 784 2626 ab
809 2594 1026 2635 Imperatore
1050 2590 1238 2631 Edeeoue,
1262 2601 1341 2623 cum
1367 2591 1500 2635 Bigila,
1526 2592 1592 2636 qui

157 2649 218 2680 ea,
262 2650 356 2684 quae
391 2640 522 2673 Attilas
568 2640 688 2673 verbis
726 2637 938 2684 Imperatori
973 2637 1180 2671 denuntiari
1228 2638 1364 2678 voluit,
1410 2637 1602 2681 interpres

155 2690 251 2719 tatus
278 2691 374 2725 erat,
413 2697 491 2719 cum
517 2686 676 2731 reliquas
712 2697 859 2732 quoque
893 2683 1018 2717 domos
1047 2683 1187 2725 obiret,
1220 2689 1261 2716 ut
1286 2683 1325 2715 in
1359 2689 1591 2727 conspectum

157 2731 373 2777 Chrysaphii
398 2732 571 2778 spatharii
596 2734 762 2778 Imperat.
796 2731 956 2771 veniret,
991 2730 1054 2777 qui
1084 2731 1279 2775 plurimum
1311 2730 1527 2763 auctoritate
1552 2735 1591 2763 et

155 2780 269 2824 gratia
301 2777 397 2824 apud
428 2780 683 2824 Imperatorem
714 2777 877 2818 valebat,
913 2776 1158 2812 admirabatur
1193 2775 1368 2811 barbarus
1411 2776 1590 2822 regiarum
