1924 3164
1587 8 1605 23 b

476 173 532 213 m
568 166 816 224 EcLocAs
847 170 1243 214 OLYMPIODORI.
1478 150 1593 228 569

144 275 360 319 Ardabure
382 276 513 327 Coss.,
543 283 583 316 et
606 275 703 328 432.
734 275 810 315 sub
839 275 1060 315 Consulatu
1085 276 1194 315 Ae‘tii
1205 282 1247 315 et
1272 273 1441 316 Valerii.
1474 276 1593 317 Adde

143 333 320 372 Idatium
353 332 402 370 ad
430 346 582 370 anuum
612 331 665 369 ab
696 331 811 370 obitu
841 332 1014 370 Honorii
1043 332 1160 370 VIII.
1182 362 1193 379 ‚
1230 328 1514 370 Marcellinum
1538 332 1593 371 Il-

143 386 385 441 lyricianum
417 387 558 425 iisdem
587 386 752 425 Valerio
787 393 827 425 et
874 386 994 424 Ae‘tio
1039 386 1302 426 Consulatum
1335 387 1591 440 gerentibus,

143 442 357 483 Iordanem
387 442 436 480 de
450 443 569 480 rebus
585 441 779 489 Gothicis,
814 441 1072 479 Anastasium
1090 442 1445 481 Bibliothecarium
1463 458 1506 496 p.
1521 444 1590 496 39.

145 505 185 537 et
213 498 281 547 4ο.
312 497 496 536 editionis
535 496 667 548 regiae
684 526 695 543 ‚
745 503 784 534 et
821 510 867 534 ex
903 510 950 534 eo
987 499 1350 536 consarcinatorem
1390 497 1594 537 Miscellae

147 552 349 590 Historiae
405 551 508 590 libro
554 553 616 600 14.
675 565 721 590 ac
769 553 944 604 priorem
985 558 1158 605 utroque
1199 552 1488 605 Theophanem
1539 553 1594 592 ad

143 621 294 648 annum
310 606 454 645 Mundi
487 606 626 660 5931.:
658 604 732 644 δύο
763 601 987 657 στρατηγοί
1018 600 1123 658 ἦσαν
1158 605 1324 654 Ἀέτιος
1354 606 1426 646 καί
1455 608 1593 659 Romy-

146 658 321 716 φάτιος,
365 669 404 700 et
436 675 540 714 quae
582 668 810 713 sequuntur
837 675 908 699 suo
937 667 1117 713 tempore
1155 661 1386 714 vulganda:
1430 677 1475 701 ex
1514 662 1595 701 hoc

146 717 296 770 quippe
323 717 433 757 fonte
465 724 597 755 cetera
631 716 867 770 prodierunt
886 746 897 766 ,
928 730 1030 767 quae
1057 717 1293 768 posteriores
1312 719 1454 756 Graeci
1483 718 1594 757 Lati-

141 772 266 824 nique
301 773 513 824 scriptores
548 771 597 810 de
638 771 834 810 ambobus
876 785 900 809 a
927 772 1155 810 Theodosio
1190 772 1351 810 luniore
1383 773 1512 812 missis
1541 773 1597 812 ad

141 826 478 868 Valentinianum
516 825 615 864 falso
642 826 911 865 tradiderunt.
973 827 1161 865 Ceterum
1205 826 1439 876 Massiliam,
1482 827 1594 869 Pho-

139 884 367 921 caeensium
403 882 443 923 in
479 881 732 920 Narbonensi
761 881 917 920 colonia
944 882 1234 920 nobilissimam
1264 881 1478 930 coloniam,
1519 883 1594 921 ad-

139 949 278 975 versus
293 936 502 975 Ataulsum
523 937 720 976 industria
747 944 786 975 et
813 937 962 976 virtute
979 937 1170 975 Bonifacii
1198 936 1275 975 τοῦ
1300 935 1593 988 γενναιοτάτου

140 997 301 1030 strenue
329 999 639 1044 propugnatam,
677 991 837 1040 nullus,
878 993 987 1046 quod
1014 994 1137 1032 sciam
1153 1022 1164 1043 ,
1193 999 1352 1045 praeter
1380 992 1594 1047 Olympio-

139 1046 287 1090 dorum
316 1047 559 1086 observavit.

251 1102 355 1154 Pag.
377 1101 417 1140 8.
441 1102 486 1140 Β.
511 1100 627 1155 [45],
648 1099 712 1155 5.]
743 1101 966 1141 Constantii
1008 1102 1316 1155 Constantisque
1353 1102 1596 1142 Consulatus

140 1170 248 1197 anno
274 1157 458 1210 congruit
475 1158 678 1196 Dominici
695 1157 849 1196 Natalis
876 1156 995 1208 414,
1028 1172 1271 1211 quamquam
1301 1157 1424 1197 solius
1451 1172 1594 1196 occur-

141 1219 204 1251 rat
254 1212 478 1251 Constantii
528 1214 679 1251 mentio
720 1213 761 1250 in
802 1213 934 1252 Fastis
983 1213 1102 1251 Idatii
1158 1220 1197 1252 et
1249 1213 1358 1265 apud
1399 1214 1596 1252 Tironem

138 1267 399 1319 Prosperum.
458 1268 664 1320 Designati
692 1282 835 1306 vocem
862 1283 885 1306 a
914 1268 1067 1307 Latinis
1097 1267 1149 1307 ad
1178 1269 1351 1306 Graecos
1373 1269 1593 1315 transiisse,

142 1329 299 1362 certum
328 1329 400 1361 est.
457 1323 657 1361 Meursius
688 1323 729 1360 in
761 1322 990 1373 Glossario,
1032 1324 1096 1362 cui
1134 1329 1173 1361 et
1210 1323 1276 1361 hic
1312 1322 1595 1376 Olympi0dori

142 1375 255 1417 locus
283 1378 430 1430 poterit
456 1378 622 1430 posthac
661 1378 871 1428 interseri,
924 1392 970 1416 ex
1006 1377 1159 1417 Glossis
1188 1378 1451 1417 Basilicorum
1493 1378 1596 1417 illud

140 1441 268 1470 unum
296 1434 336 1470 in
367 1433 544 1471 medium
581 1432 771 1471 adducit:
817 1429 1208 1484 ὃεσιγνατεύεσθαι,
1248 1427 1596 1472 ἆποδείκνυσθαι,

143 1487 265 1538 Quod
290 1501 388 1526 vero
415 1488 551 1526 subdit
578 1502 661 1526 non
687 1502 770 1526 uno
798 1489 840 1526 in
882 1487 970 1526 loco
1006 1495 1141 1526 noster
1180 1488 1246 1526 hic
1278 1488 1596 1541 Olympiodorus

142 1541 195 1581 de
223 1544 428 1581 immensis
456 1543 681 1596 sumptibus
709 1545 750 1582 in
780 1542 990 1582 consulatu
1033 1557 1079 1581 ac
1094 1550 1283 1596 praetura
1312 1543 1398 1581 fieri
1427 1557 1596 1582 consue-

141 1598 220 1648 tis,
260 1597 413 1637 collatis
440 1598 614 1638 aliorum
641 1599 882 1651 scriptorum
911 1598 1088 1645 lacinus,
1141 1597 1341 1637 illustrare
1367 1613 1442 1637 nec
1468 1600 1597 1637 otium

143 1666 217 1692 nec
247 1653 402 1691 animus
427 1661 501 1692 est.
559 1653 769 1692 Videndus
811 1655 944 1693 Iustus
973 1654 1132 1706 Lipsius
1174 1653 1401 1707 similesque
1441 1654 1592 1693 Roma-

142 1721 218 1748 nae
246 1708 532 1760 magnitudinis
562 1708 838 1747 admiratores.

257 1762 360 1815 Pag.
381 1761 422 1800 8.
446 1763 495 1801 C.
518 1761 637 1817 [457‚
654 1762 720 1816 9.]
749 1763 1017 1802 Heraclianus
1047 1761 1254 1816 qffectatcoe
1272 1763 1499 1813 tyrannidis
1525 1777 1598 1802 no—

146 1818 251 1855 mine
274 1819 537 1871 interemptus.
593 1817 723 1857 Paulo
744 1818 891 1856 Orosio
918 1819 1082 1870 eiusque
1099 1818 1316 1856 brcviatori
1337 1817 1466 1856 Paulo
1485 1819 1599 1857 Lon-

146 1872 340 1936 5obardo‚
373 1886 442 1910 seu
471 1872 671 1911 Landulfo
699 1873 838 1925 Sagaei
866 1874 979 1910 initio
1000 1873 1070 1911 lib.
1091 1874 1155 1922 14.
1176 1871 1378 1910 Miscellae
1406 1872 1598 1911 historiae

146 1929 267 1980 iunge
297 1927 470 1968 Idatium
499 1936 538 1967 et
570 1927 856 1968 Marcellinum
876 1929 916 1965 in
940 1927 1174 1973 Chronieis,
1207 1929 1275 1980 qui
1302 1926 1418 1979 plura
1443 1927 1597 1966 habent

148 1989 290 2021 notatu
318 1982 565 2036 dignissima.
621 1983 821 2021 Paueiora
852 1983 1028 2035 Prosper
1055 1984 1096 2020 in
1125 1982 1256 2020 Fastis
1293 1982 1420 2020 Lucio
1457 1983 1511 2021 V.
1541 1983 1591 2022 C.

150 2037 327 2076 Consule
343 2068 353 2086 ,
382 2040 496 2077 cuius
524 2037 716 2089 collegam
743 2045 861 2078 vocat
878 2037 988 2076 hunc
1011 2037 1307 2077 Heraclianum.
1362 2038 1426 2075 De
1453 2037 1595 2076 eodem

147 2092 267 2145 plura
278 2093 462 2132 Zosimus
477 2094 747 2146 suppeditaret
770 2091 993 2142 eruditis‚si
1007 2094 1160 2145 integra
1177 2092 1228 2131 ad
1243 2106 1316 2130 nos
1337 2090 1444 2130 illius
1464 2092 1594 2132 histo-

149 2149 211 2186 ria
230 2149 492 2200 pervenisset,
514 2163 607 2188 cum
627 2147 732 2187 libro
752 2150 894 2201 quinto
910 2155 1085 2187 extremo
1105 2147 1263 2196 doceat,
1293 2147 1422 2185 occiso
1439 2147 1594 2187 Batka-

149 2204 279 2250 ηανιό,
305 2201 480 2242 militum
507 2205 550 2243 in
579 2218 724 2257 magna
742 2204 872 2256 Libya
903 2205 1097 2255 Magistro
1113 2233 1124 2249 ‚
1155 2216 1331 2256 quocum
1358 2210 1485 2255 nupta
1511 2202 1594 2242 Sti-

150 2255 324 2296 lichonis
351 2272 466 2297 soror
495 2266 580 2297 erat
597 2289 608 2306 ‚
655 2260 905 2311 provinciam
945 2257 1056 2296 illam
1094 2257 1340 2296 Heracliano
1377 2257 1591 2306 traditam,

150 2313 220 2366 qui
247 2327 370 2353 manu
399 2327 472 2352 sua
499 2313 760 2353 Stilichonem
790 2313 986 2352 interfecit
1002 2343 1014 2363 ,
1058 2314 1223 2366 eiusque
1257 2311 1446 2351 facinoris
1475 2327 1594 2366 prae-

155 2369 283 2408 mium
322 2367 518 2407 honorem
553 2369 662 2407 hunc
688 2368 811 2418 tulit3
859 2375 898 2406 et
925 2368 1029 2406 libro
1058 2375 1167 2407 sexto
1196 2366 1375 2407 Africam
1403 2367 1596 2407 adversus

155 2421 372 2462 submissos
401 2423 453 2461 ab
483 2423 621 2462 Attalo
648 2423 794 2463 milites
824 2423 1064 2462 Heracliani
1095 2437 1218 2476 opera
1243 2423 1287 2462 in
1314 2422 1394 2462 fide
1422 2422 1598 2463 Honorii

150 2479 412 2530 permansisse
439 2486 738 2518 commemoret.

263 2531 421 2585 Pag.8.
435 2533 484 2571 C.
503 2532 620 2587 [457‚
644 2532 729 2587 19.]
764 2532 978 2584 Quomodo
993 2532 1218 2571 Constantii
1235 2533 1364 2572 forma
1382 2531 1503 2586 digna
1521 2534 1598 2571 im-

154 2587 267 2640 perio
282 2615 293 2636 ‚
323 2589 356 2626 si
383 2589 512 2628 torvis
540 2589 774 2641 magnisque
803 2587 929 2626 oculis
956 2594 996 2626 et
1023 2587 1203 2627 subtristi
1220 2589 1443 2640 tetricoque
1462 2587 1596 2640 vultu,

156 2655 231 2680 nec
251 2655 335 2681 non
360 2645 494 2697 capite
523 2642 658 2696 plano,
689 2642 926 2682 incumbens
962 2643 1053 2695 equi
1081 2642 1209 2691 collo,
1241 2651 1281 2682 et
1320 2643 1484 2696 oblique
1514 2642 1596 2681 huc

153 2694 330 2749 illucque
357 2701 615 2751 respectans?
652 2696 745 2736 Sola
773 2704 904 2736 erecta
931 2698 1063 2737 cervix
1082 2698 1384 2752 imperatorium
1412 2697 1510 2751 quid
1529 2711 1596 2736 re-

152 2758 381 2804 praesentat
396 2782 407 2801 ,
440 2766 533 2795 eum
565 2754 736 2807 Magnus
758 2752 1047 2795 Constantinus
1075 2753 1169 2794 inde
1197 2754 1319 2794 etiam
1347 2752 1476 2792 dictus
1505 2752 1592 2793 fue-
1606 2759 1641 2794 P.
1665 2772 1710 2807 9⁴7
