1924 3164
300 131 411 200 246
891 144 1176 186 EXCERPTA

112 251 284 297 A.C.479
297 249 434 306 τρίαις
451 250 532 304 Χτῆς
559 250 644 291 τῶν
670 244 831 289 πόλεων
859 247 1027 301 φθορᾶς
1055 245 1242 299 ἐπισχεῖν
1269 243 1343 288 τὸν
1369 245 1611 304 βάρβαρον,
1640 249 1738 304 Ἀρ·-

116 299 521 381 Ζεζξὲζἒτεμίδωρον
565 315 720 367 πέμπει
758 313 833 353 καί
860 312 1017 353 Φωκᾶν
1054 310 1129 353 τὸν
1169 307 1239 352 ὅτε
1266 306 1320 366 ἦν
1346 309 1575 368 στρατηγός
1601 330 1738 370 γραμ-

266 383 428 436 Βματέα
471 381 584 436 αύτῷ
621 379 695 432 τῆς
733 377 868 432 ἀρχῆς
911 370 1023 419 ὄντα.
1077 376 1121 418 oz*
1148 375 1338 426 ἐλθόντες
1366 375 1518 432 ἔλεγον,
1559 375 1622 421 ὅτι
1660 380 1738 431 ,,σὲ

300 447 326 495 ὅ
351 444 551 501 βασιλεὺς
579 442 703 499 φίλον
730 443 957 497 ἐποιήσατο
976 475 988 495 ,
1018 443 1093 484 καί
1126 443 1275 496 ἀξίαις,
1312 443 1362 484 αἳ
1386 444 1468 484 εἰσι
1496 443 1738 500 λαμπρότα-

297 529 368 556 ται
388 512 628 563 Ῥωμαίοις,
657 510 816 562 σεμνῶς
843 506 1115 564 ἐπεκόσμησε,
1144 511 1220 550 καί
1256 503 1309 564 ἄρ
1311 524 1406 562 χειν
1427 510 1510 551 τῶν
1536 511 1764 563 μεγίστωνὸ

297 577 519 632 ταγμάτων
547 564 785 629 ἐποίησεν,ἡ
804 575 929 617 ου’δὲν
969 569 1114 630 οἷάπερ
1152 571 1276 630 ἇνδρί
1313 574 1549 629 α’πιστήσας
1574 572 1741 630 βαρβά-
1795 620 1799 625 ,

297 659 372 700 ρῳ.
426 638 479 682 σύ
522 641 592 693 δὲ,
639 640 715 680 οὐκ
757 638 879 692 ἴσμεν
907 635 1047 693 ὅπως,
1091 645 1185 688 ταῖς
1222 641 1308 681 τῶν
1345 642 1493 682 κοινῶν
1521 641 1740 693 δυσμενῶν

299 706 484 755 ἀπάταις
509 704 720 759 ὑπαχθείς
756 706 807 748 τά
834 721 878 748 τε
913 704 1156 759 ὑπάρχοντά
1197 720 1264 747 σοι
1293 704 1437 760 ἀγαθὰ
1467 707 1740 762 διέφθειρας,

299 774 372 815 καὶ
395 774 466 827 τῆς
494 767 768 824 εὐδαιμονίας
793 773 867 826 τῆς
894 773 970 826 σῆς
999 766 1125 813 ἄλλον
1151 770 1375 826 ἐποίησας,
1425 771 1483 822 ῶς
1511 771 1587 814 οὐκ
1613 769 1738 826 ἴδεις,

299 839 457 892 κύριον.
489 837 564 877 ov’x
597 833 651 878 ἂν
679 837 838 885 δίκαιος
862 834 949 890 εἴης
969 837 1027 893 τῷ
1047 840 1219 890 βασιλεῖ’
1237 837 1442 891 ἐγκαλῶν,
1481 832 1540 879 ῶν
1558 839 1618 887 εἰς
1637 834 1795 879 ξαν-ιο

297 901 372 945 τὸν
397 898 487 956 ἅμα
506 903 578 944 καί
602 904 661 952 εἰς
680 904 834 944 ἐκεῖνον
852 901 1092 958 ἐξήμαρτες.
1118 902 1194 944 νῦν
1212 898 1289 944 οὖν
1322 901 1465 958 ἐπειδὴ
1491 901 1652 945 ,σαυτὸν
1681 904 1742 951 εἰς

296 969 421 1010 τοῦτο
442 969 710 1022 κατέστησας,
734 966 966 1009 ὑπόλοιπόν
989 969 1064 1009 σοί
1079 968 1193 1009 ἐστιν
1213 968 1259 1008 ἐκ
1276 969 1352 1022 τῆς
1369 967 1587 1024 παρούσης
1608 966 1742 1023 τύχης

298 1033 374 1087 τῆς
400 1048 447 1073 τε
471 1030 575 1074 κατὰ
597 1033 679 1074 τῶν
707 1033 845 1074 ἐθνῶν
872 1033 947 1074 καί
961 1034 1044 1074 τῶν
1069 1031 1230 1074 πόλεων
1259 1030 1419 1088 βλάβης
1446 1027 1633 1086 ἐπισχεῖν
1654 1030 1742 1076 οἷόν

270 1101 371 1150 Cre,
410 1097 621 1150 πέμποντα
650 1098 697 1138 δὲ
722 1098 948 1154 πρεσβείαν
975 1095 1214 1152 πειρᾶσθαί
1245 1113 1288 1138 τι
1313 1097 1483 1153 μέτριον
1525 1095 1639 1153 παρὰ
1668 1100 1744 1139 τοῦ

299 1164 507 1217 βασιλέως
530 1163 697 1218 ἀγαθοῦ
721 1158 834 1213 ὄντος
861 1160 1168 1218 εὖρισκεσθαι.”
1216 1162 1241 1204 ὅ
1279 1164 1326 1204 δὲ
1360 1164 1549 1212 πεισθείς
1586 1158 1795 1219 ἅνδραςιὸ

301 1229 379 1282 μὲν
408 1227 481 1270 ἐπὶ
504 1227 551 1269 τὰ
587 1226 822 1279 Βυζάντιον
852 1227 932 1271 σὺν
959 1229 1105 1278 αὐτοῖς
1133 1229 1394 1282 οἶποπέμπει,
1435 1226 1562 1278 αὕτὸς
1589 1229 1638 1270 δὲ
1663 1230 1742 1270 τοῦ

197 1295 291 1342 V-54
303 1295 382 1348 μὲν
409 1296 542 1336 καίειν
578 1291 607 1349 ἢ
644 1293 838 1350 φονεύειν
863 1293 963 1343 τούς
990 1291 1240 1350 ἀνθρώπους
1279 1294 1442 1350 ἀνεῖργε
1467 1292 1515 1336 τὸ
1541 1292 1743 1351 στράτευ-

293 1376 384 1413 μα,
435 1356 485 1401 οὗ
512 1360 653 1413 μέντοι
690 1359 868 1403 ἐδύνατο
897 1360 1062 1403 πάντων
1090 1355 1210 1410 ὄντας
1237 1358 1422 1416 ἀπόρους
1446 1359 1497 1402 τὰ
1523 1363 1623 1415 γοῦν
1649 1363 1749 1404 ἐπι-

294 1423 444 1480 τήδεια
498 1427 716 1481 ἐκπορίσαι
750 1425 937 1469 κωλύειν.
992 1426 1066 1469 καί
1105 1426 1154 1482 δη
1192 1418 1352 1482 προῒών
1384 1421 1512 1481 ἦλθεν
1552 1426 1625 1469 ε’πί
1662 1426 1741 1481 τήν

291 1491 548 1546 Ἡράκλειαν
585 1490 664 1546 τήν
703 1493 749 1534 ἐν
776 1494 1047 1550 Μακεδονίᾳ,
1088 1494 1161 1533 καί
1199 1494 1277 1534 τοῦ
1324 1492 1554 1548 ἀρχιερέως
1589 1494 1665 1535 τοῦ
1693 1494 1794 1535 ἐναο

280 1554 425 1612 ,ταύτῃ
464 1559 516 1613 τῇ
543 1554 666 1599 πόλει
692 1556 824 1600 πολλοὶ
854 1560 927 1600 καί
952 1556 1195 1599 παντοδαποὶ
1223 1559 1275 1615 τῇ
1310 1559 1483 1615 στρατιᾷ
1525 1560 1600 1600 καί
1624 1557 1739 1615 αὐτῷ

296 1616 613 1672 ἀποστείλαντος
643 1624 775 1679 δῶρα,
806 1620 884 1678 τήν
910 1639 956 1665 τε
980 1621 1130 1680 χώραν
1157 1624 1306 1678 ἀπαθῆ
1331 1624 1472 1665 πᾶσαν
1499 1622 1738 1679 διεφύλαξε,

387 1711 422 1744 9.
442 1699 539 1738 ἔδεις
562 1701 655 1744 VaL,
685 1700 763 1736 ἔδει
792 1709 836 1734 σε
863 1702 902 1736 B.
986 1702 1036 1736 13.
1064 1694 1145 1735 οἶόν
1189 1700 1237 1738 ὥς
1262 1694 1403 1736 οἷόντε
1428 1702 1522 1735 coni.
1545 1700 1590 1735 N.
1687 1703 1738 1736 ιδ.

384 1747 507 1782 ὄντων
528 1748 622 1793 vulg.
731 1759 788 1783 21.
812 1749 856 1795 τῇ
880 1752 964 1783 ante
988 1747 1099 1781 πόλει
1123 1759 1142 1781 a
1170 1747 1204 1781 d.
1228 1749 1267 1781 B.

291 1815 420 1849 harum
445 1815 490 1849 ab
515 1816 662 1849 urbium
685 1816 802 1850 ruinis
827 1821 865 1849 et
888 1815 1040 1849 excidiis
1064 1822 1244 1858 avertere,
1274 1815 1543 1851 Artemidorum
1562 1815 1678 1852 mittit
1702 1821 1740 1850 et

292 1863 465 1902 Phocum,
506 1863 570 1907 qui
594 1863 770 1902 Zenonis,
805 1873 885 1894 cum
912 1862 986 1896 dux
1010 1868 1106 1903 erat,
1142 1863 1260 1896 scriba
1297 1862 1426 1898 fuerat.
1476 1862 1523 1895 Hi
1558 1865 1739 1907 progressi

291 1910 358 1942 tali
384 1914 469 1942 sunt
497 1908 663 1941 oratione
689 1910 764 1943 usi:
799 1909 879 1949 „Te
917 1910 1117 1953 Imperator
1148 1909 1304 1943 amicum
1338 1909 1567 1950 conciliavit,
1606 1914 1643 1942 et
1676 1908 1736 1942 di-

292 1954 512 1999 guitatibus‚
550 1965 642 2000 quae
667 1960 753 1988 sunt
780 1954 877 1999 apud
901 1957 1077 1989 Romanos
1103 1956 1341 1997 clarissimae,
1365 1956 1552 2001 magnifice
1577 1955 1736 1994 ornavit,

294 2004 405 2034 etiam
428 2002 605 2045 imperare
641 2002 806 2035 maximis
842 2002 1061 2036 exercitibus
1087 2001 1212 2043 dedit,
1244 2003 1315 2036 tibi
1339 2001 1501 2043 homini,
1538 2002 1624 2035 licet
1649 2002 1735 2034 bar-

292 2049 402 2086 baro,
436 2049 585 2080 minime
617 2046 789 2081 diffidens,
840 2048 897 2081 Tu
929 2059 1027 2089 vero,
1059 2051 1240 2083 nescimus
1267 2048 1468 2095 quomodo,
1493 2049 1736 2081 communium

293 2095 526 2128 inimicorum
562 2093 688 2126 fraude
725 2100 762 2128 et
797 2093 883 2128 dolo
918 2095 1110 2136 inductus,
1143 2097 1184 2129 in
1209 2095 1401 2128 discrimen
1434 2101 1469 2129 te
1497 2094 1734 2139 fortunasque

292 2147 373 2174 tuas
400 2141 588 2173 coniecisti
614 2147 651 2173 et
682 2151 741 2172 eas
771 2140 817 2176 ad
852 2141 981 2182 alium,
1017 2142 1062 2175 ad
1097 2153 1205 2189 quem
1236 2153 1311 2176 non
1343 2141 1521 2181 debebas,
1557 2139 1737 2179 detulisti,

293 2188 341 2220 Et
362 2197 447 2220 vero
472 2186 570 2219 haud
595 2197 778 2232 quaquam
803 2187 884 2220 iure
910 2189 1121 2232 Imperatori
1153 2188 1307 2233 imputes
1333 2198 1397 2229 ea,
1429 2197 1522 2234 quae
1547 2188 1588 2220 in
1615 2192 1651 2219 te
1675 2189 1736 2231 ip-

297 2244 376 2265 sum
402 2238 439 2265 et
462 2234 500 2265 in
525 2234 631 2266 illum
658 2233 859 2279 deliquisti.
910 2234 1015 2268 Nunc
1045 2235 1167 2279 igitur,
1191 2235 1363 2280 quoniam
1396 2245 1439 2268 eo
1474 2239 1511 2268 te
1544 2233 1737 2279 redegisti,

269 2301 271 2304 -
295 2279 368 2312 hoc
391 2279 462 2311 tibi
487 2284 661 2324 quantum
686 2280 733 2313 ad
756 2285 980 2324 praesentem
1005 2282 1184 2315 fortunam
1206 2282 1339 2326 reliqui
1362 2286 1435 2321 est,
1466 2286 1508 2314 ut
1530 2280 1576 2313 ab
1601 2281 1736 2314 iniuria

298 2331 336 2358 et
360 2325 499 2357 damnis
525 2326 677 2359 urbibus
705 2332 743 2360 et
765 2327 933 2370 gentibus
958 2327 1157 2361 inferendis
1173 2352 1183 2367 ‚
1210 2333 1384 2373 quantum
1407 2328 1446 2361 in
1470 2332 1507 2360 te
1533 2327 1615 2368 erit,
1640 2333 1735 2360 tem-

294 2383 399 2416 peres
415 2396 424 2410 ,
447 2375 484 2403 et
507 2371 724 2414 legationem
753 2374 895 2413 mittas,
922 2385 993 2418 qua
1016 2373 1114 2418 apud
1137 2376 1412 2418 Imperatorem,
1437 2375 1501 2419 qui
1523 2373 1641 2406 bonus
1666 2379 1734 2414 est,

293 2417 516 2451 moderatum
552 2418 640 2462 quid
671 2424 708 2452 et
732 2430 889 2464 aequum
914 2420 1081 2454 obtinere
1105 2422 1279 2455 coneris.'’
1325 2421 1392 2454 Ille
1413 2430 1497 2453 vero
1522 2430 1734 2464 persuasus,

293 2465 388 2499 viros
424 2463 597 2509 quosdam
644 2475 717 2497 una
752 2476 830 2499 cum
866 2466 955 2509 ipsis
985 2467 1212 2510 ⁴Byzantium
1240 2466 1364 2500 mittit.
1411 2466 1457 2500 Et
1480 2467 1557 2511 ipse
1583 2465 1734 2512 quidem

295 2510 490 2544 exercitum
527 2521 631 2542 suum
669 2521 773 2544 urere
805 2517 843 2544 et
866 2512 1031 2546 occidere
1054 2513 1219 2547 homines
1242 2513 1378 2554 vetuit,
1417 2513 1484 2546 etsi
1510 2523 1615 2553 suos,
1651 2524 1733 2546 cum

295 2558 458 2604 omnium
483 2567 601 2587 rerum
625 2562 744 2590 essent
768 2559 895 2601 egeni,
924 2559 1114 2604 quominus
1139 2572 1194 2594 res
1219 2559 1438 2592 necessarias
1458 2559 1528 2592 sibi
1549 2570 1734 2604 compara-

295 2609 396 2643 rent,
422 2602 615 2645 prohibere
643 2613 716 2635 non
740 2605 870 2646 potuit.
921 2605 1015 2639 Hinc
1034 2616 1179 2640 movens
1210 2605 1258 2638 ad
1279 2606 1485 2639 Heracleam
1499 2605 1735 2640 Macedoniae

294 2650 469 2694 pervenit.
518 2648 633 2682 Huius
662 2649 761 2681 urbis
775 2650 1096 2695 Archiepiscopus,
1121 2664 1202 2684 cum
1228 2663 1336 2697 quam
1360 2653 1515 2696 plurima
1541 2658 1578 2685 et
1601 2651 1734 2686 diversi

294 2697 435 2741 generis
458 2705 605 2730 munera
628 2695 675 2728 ad
701 2706 784 2729 eum
815 2702 853 2730 et
884 2697 960 2731 eius
989 2699 1187 2734 exercitum
1219 2699 1400 2740 misisset,
1436 2705 1581 2733 omnem
1613 2698 1735 2743 regio-
