1924 3164
637 183 672 225 E
711 182 886 227 rmsm
924 183 1200 228 ffls'romA.
1529 165 1643 224 225

286 300 350 328 ιο.
409 286 458 327 Id
485 289 650 328 accessit
675 288 886 340 mirabile,
913 296 961 330 ut
985 291 1208 339 Marciano,
1239 286 1647 343 Principiorientis,

195 359 249 400 de
274 367 359 400 tam
386 359 511 399 feroci
538 359 655 399 h'oste
681 359 852 399 sollicito
879 361 924 400 in
949 363 1101 401 somnis
1127 361 1316 402 divinitas
1341 360 1553 411 adsistens,
1581 375 1648 400 ar·-

194 442 290 469 cum
313 428 464 468 Attilae
502 430 547 468 in
587 429 727 469 eadem
764 436 883 468 nocte
907 430 1084 470 fractum
1111 431 1363 480 ostenderet,
1392 432 1507 486 quasi
1535 430 1646 484 quod

194 515 294 554 gens
332 502 434 555 ipsa
461 515 510 540 eo
536 500 618 540 telo
658 499 786 539 multa
822 508 1066 554 praesumat.
1127 503 1217 542 Hoc
1243 503 1407 554 Priscus
1429 503 1645 543 historicus

194 586 291 612 vera
315 587 358 613 se
385 573 484 614 dicit
510 572 775 614 adtestatione
801 572 988 627 probare.
1046 573 1146 628 Cap.
1176 573 1340 614 XLIX.

228 986 461 1047 Sequentia,
492 1008 589 1045 quae
612 996 692 1033 sine
716 999 885 1034 auctoris
906 999 1054 1035 nomine
1078 996 1181 1047 apud
1203 996 1355 1035 suidam
1378 999 1573 1048 leguntur,
1651 997 1667 1024 ¹*

569 1067 698 1103 Prisco
721 1065 923 1102 tribuenda
955 1079 1031 1103 esse
1070 1066 1260 1104 videntur.

298 1200 367 1244 ια’.
394 1203 580 1258 Ζέρκων,
594 1200 761 1257 Σκύθης
777 1197 888 1244 οὕτω
916 1201 1182 1257 καλούμενος,
1197 1200 1481 1259 ῙΡΙαυρούσιος
1497 1203 1545 1245 τὸ
1572 1205 1642 1258 γέ-

186 1283 281 1322 νος,
310 1266 381 1310 διὰ
409 1270 457 1310 δὲ
482 1269 716 1323 κακοφυΐαν
733 1266 928 1321 σώματος
947 1267 1022 1310 καί
1034 1266 1079 1310 τὸ
1103 1271 1267 1322 γέλωτα
1309 1271 1355 1311 ἐκ
1396 1272 1472 1323 τῆς
1510 1285 1643 1325 τραυ-

185 1334 359 1389 λότητος
386 1336 462 1388 τῆς
489 1335 631 1389 φωνῆς
657 1334 731 1374 καί
759 1327 900 1387 ὅψεως
927 1334 1152 1389 παρέχειν·
1181 1332 1348 1389 βραχύς
1376 1333 1453 1390 γάρ
1483 1350 1548 1383 τις
1575 1329 1641 1390 ἦν,

186 1398 359 1454 κυρτὸς,
390 1398 643 1456 διάστροφος
670 1406 758 1448 τοῖς
781 1400 904 1454 ποσὶ,
933 1398 1005 1456 τήν
1033 1400 1130 1455 ῥῖνα
1156 1405 1241 1448 τοῖς
1260 1401 1472 1456 μυκτῆρσι
1500 1417 1641 1456 παρα-

158 1466 350 1521 5φαι’νων
379 1463 449 1507 διὰ
481 1463 701 1520 σιμότητος
729 1463 987 1521 ὖπερβολήν·
1020 1460 1221 1519 ’νΑσπαρι
1237 1467 1293 1522 τῷ
1315 1461 1638 1521 ’Λρὸαβουρώυ

185 1528 443 1586 ἐδεὸιόρητο,
472 1533 567 1572 καθ’
611 1528 660 1573 ὃν
698 1533 744 1573 ἐν
772 1532 919 1589 Λιβύῃ
960 1533 1140 1586 διέτριβε
1165 1528 1335 1586 χρόνον.
1364 1529 1451 1587 ἥλω
1480 1533 1527 1573 δὲ
1556 1533 1640 1574 τῶν

182 1596 412 1653 βαρβάρων
442 1598 486 1645 ἐς
511 1595 586 1652 τὴν
615 1599 794 1656 Θρᾳκῶν
835 1597 1101 1651 ἐμβαλόντων
1140 1599 1213 1639 καί
1240 1595 1357 1653 παρὰ
1386 1595 1485 1646 τούς
1511 1600 1638 1650 βασι-

180 1666 318 1713 λείους
346 1659 461 1719 ἤχθη
478 1661 670 1715 Σκύθας,
699 1662 773 1704 καί
796 1661 1003 1719 ’.Αττήλας
1020 1665 1099 1717 μὲν
1115 1663 1215 1704 οὐδὲ
1239 1661 1314 1718 τήν
1343 1664 1478 1704 αὐτοῦ
1504 1657 1633 1718 ἦνεγς

181 1732 251 1771 κέν
282 1724 406 1783 ὄψιν·
465 1729 497 1770 ὅ·
517 1730 564 1771 δὲ
592 1727 766 1785 Βλήδας
793 1726 908 1785 ἥσθη
940 1746 985 1771 τε
1014 1731 1108 1772 λίαν
1136 1730 1249 1786 αὐτῷ
1278 1730 1551 1786 φθεγγομένῳ
1580 1745 1630 1771 ου

132 1793 312 1848 ιομόνον
339 1796 514 1848 γέλωτος
552 1790 650 1845 ἄξια
686 1795 761 1836 καί
800 1797 1020 1849 βαδίζοντι
1046 1796 1121 1837 καί
1143 1797 1347 1851 περιττῶς
1374 1797 1554 1837 κινοῦντι
1581 1794 1629 1836 τὸ

182 1862 329 1913 σῶμα·
386 1861 518 1914 συνῆν
560 1861 607 1902 δὲ
646 1861 761 1917 αὐτῷ
808 1860 1085 1918 εὖωχουμένῳ
1113 1862 1186 1902 καί
1216 1859 1532 1916 ἐκστρατεύοντι
1555 1875 1631 1901 πε·-

178 1928 408 1982 ποιημένην
435 1924 540 1982 πρὸς
577 1923 625 1967 τὸ
653 1924 909 1982 γελοιότερον
944 1923 1252 1979 ἀναλαμβάνων
1278 1927 1324 1968 ἐν
1351 1930 1444 1973 ταῖς
1471 1924 1630 1976 ἐξόδοις

275 2039 328 2061 ιι.
365 2027 444 2060 Hoc
469 2026 711 2071 fragmentum
740 2024 907 2059 Valesius
935 2023 983 2057 ad
1011 2035 1087 2070 cap.
1113 2025 1145 2059 3.
1187 2025 1271 2058 Exc.
1304 2025 1409 2070 Legg.
1440 2026 1540 2059 Rom.
1572 2026 1622 2066 ad

271 2077 398 2120 gentes
411 2072 529 2108 Prisco
543 2072 750 2107 vindicavit.
811 2073 843 2106 5.
866 2070 1123 2118 Ἀρδαβουρίῳ
1144 2072 1239 2116 vulg.
1311 2083 1341 2117 7.
1355 2073 1521 2117 βασιλεῖς
1533 2073 1632 2119 vulg.

275 2178 328 2200 n.
376 2167 509 2199 Zercon
534 2164 666 2208 Scytha
690 2164 743 2198 sic
773 2169 943 2204 vocatus,
976 2154 1106 2208 genere
1129 2162 1346 2197 Maurusius.
1376 2163 1451 2208 Qui
1474 2168 1626 2208 propter

178 2213 337 2258 corporis
362 2212 597 2252 foeditatem,
624 2216 661 2245 et
684 2210 784 2257 quod
804 2210 971 2244 balbutie
1002 2212 1098 2244 vocis
1123 2215 1162 2244 et
1183 2211 1298 2244 forma
1321 2221 1386 2243 sua
1410 2210 1521 2243 risum
1541 2221 1622 2244 mo-

177 2261 297 2301 vebat,
319 2271 402 2293 nam
427 2260 546 2293 brevis
571 2265 670 2299 erat,
710 2258 900 2303 gibbosus,
934 2257 1097 2291 distortis
1127 2256 1308 2302 pedibus,
1342 2255 1492 2290 naribus
1525 2256 1618 2291 adeo

177 2307 380 2351 depressis,
411 2312 453 2339 ut
477 2317 605 2340 nasum
638 2306 734 2338 inter
766 2315 825 2337 eas
856 2305 916 2338 vix
947 2308 1182 2348 apparentem
1211 2303 1366 2338 haberet
1386 2308 1536 2349 propter
1559 2304 1619 2337 ni·-

175 2353 286 2386 miam
315 2354 526 2387 simitatem.
585 2352 715 2397 Aspari
742 2350 937 2384 Ardaburii
971 2350 1124 2385 donatus
1150 2356 1252 2391 erat,
1287 2362 1398 2396 quum
1421 2351 1460 2383 in
1494 2350 1617 2385 Africa

178 2399 352 2443 degebam
382 2405 526 2445 -captus
568 2404 702 2440 autem,
764 2409 850 2430 uum
882 2397 1031 2431 barbari
1074 2398 1113 2430 in
1146 2397 1338 2430 Thraciam
1373 2397 1613 2441 irrupissent,

146 2446 153 2454 ’
177 2451 215 2479 et
239 2446 286 2479 ad
316 2446 529 2488 Scytharum
562 2457 662 2490 reges
694 2445 740 2477 ad
769 2450 870 2478 uetus
904 2449 968 2477 est.
1015 2444 1061 2477 Et
1082 2444 1214 2478 Attilas
1249 2454 1295 2476 ne
1320 2445 1435 2477 visum
1463 2443 1614 2489 quidem

176 2493 254 2526 eius
279 2494 386 2535 tulit3
417 2493 482 2527 sed
507 2492 635 2526 medas
668 2499 885 2538 magnopere
909 2501 953 2524 eo
978 2489 1248 2525 delectabatur.
1273 2490 1372 2536 quod
1395 2503 1469 2524 non
1494 2492 1612 2524 solum

175 2540 251 2572 risu
293 2539 400 2585 digna
437 2538 547 2574 verba
583 2540 736 2580 faceret,
770 2537 834 2572 sed
872 2537 980 2571 etiam
1009 2537 1162 2571 ridicule
1205 2537 1392 2570 incederet
1421 2543 1458 2570 et
1482 2549 1610 2582 corpus

175 2587 352 2619 iactanter
381 2591 554 2621 moveret.
615 2585 705 2619 Cum
740 2585 820 2630 ipso
850 2590 971 2617 autem
1005 2589 1043 2618 et
1088 2583 1260 2630 epulante
1295 2589 1332 2617 et
1368 2584 1416 2618 ad
1437 2585 1610 2620 militiam

174 2633 425 2677 proficiscente
471 2632 705 2672 versabatur,
753 2632 794 2663 in
831 2629 1126 2675 expeditionibus
1167 2635 1383 2663 armaturam
1423 2643 1607 2667 assumens

172 2678 309 2712 sactum
331 2679 378 2712 ad
399 2680 508 2713 risum
543 2677 771 2716 movendum,
817 2677 1062 2722 Quamobrem
1085 2674 1213 2711 Bledas
1235 2675 1354 2722 ipsum
1378 2678 1527 2722 plurimi
1550 2680 1608 2718 fa-

172 2727 287 2765 ciens,
302 2737 413 2771 quum
436 2727 589 2771 fugisset
614 2737 694 2759 cum
717 2725 888 2758 Romanis
911 2724 1076 2770 captivis,
1096 2729 1235 2759 ceteros
1258 2723 1407 2770 quidem
1431 2726 1607 2770 neglexit,

220 2786 428 2832 Dexippm,
452 2787 649 2833 Eunapius
673 2796 738 2823 etc.
1314 2787 1354 2820 15
