1924 3164
549 162 583 202 E
620 158 906 203 MENANnm
946 158 1220 202 ulsTomA.
1493 142 1602 218 367
1650 185 1654 189 .

151 265 271 319 δίκην
311 257 496 318 ἄτρωτον
535 258 669 315 εἶναι,
708 264 1059 319 προυργιαίτερον
1088 261 1193 305 ἔθου
1229 260 1431 319 σώφρονα
1459 266 1605 319 κεκτῆ-
1619 274 1658 308 A.
1671 274 1707 307 C.
1725 275 1792 309 562

151 333 257 371 σθαι
285 327 486 383 λογισμὸν
514 323 701 384 ἢχεΐρα·
723 329 917 384 δυνατήν.
961 330 1184 385 τοιγαροῦν
1213 328 1397 384 ἐποιήσω
1426 328 1502 386 την
1531 323 1755 401 οιῖκΙῙΠξῙχΙο

150 392 333 450 οἷνάγκην
348 391 544 450 ἀνάγκην,
574 396 648 436 καί
663 396 720 452 τῷ
735 393 908 453 γενναίῳ
926 396 998 450 τῆς
1012 396 1387 452 μεγαλοφροσύνης
1401 398 1601 454 ἑψηφίσω
1617 375 1744 449 Bustm.
1759 370 1805 405 36

149 460 255 504 κατὰ
279 463 452 515 σαυτοῦ,
471 459 545 502 καί
559 462 678 518 νικᾷν
704 461 888 515 ἠξίωσας
908 458 1135 516 ἡττημένος
1157 463 1232 503 τοῦ
1259 463 1499 517 πρέποντος,
1533 466 1609 507 καί

121 525 294 576 &inme
323 527 662 582 α’πεκατέστησας
690 526 794 581 ἡμῖν
823 525 1020 582 Λαζικὴν
1047 523 1188 584 ὥσπερ
1219 526 1367 571 οἰκεῖόν
1394 545 1437 570 τι
1467 531 1606 584 κτῆμα

149 591 352 646 μεταθεῖς
380 592 454 634 καί
477 591 552 647 τὴν
583 592 780 644 ἐξουσίαν
806 591 1055 648 μεταγαγών
1085 595 1155 651 ἐφ’
1184 593 1308 650 ἡμᾶς.
1367 594 1443 637 οῦκ
1469 590 1607 646 ἄλλως

152 660 201 701 δὲ
241 659 319 701 ’κατ’
355 657 456 715 περὶ
481 660 688 709 Σουανίας
716 659 1050 713 ἀντιβολοῦμεν,
1090 658 1139 702 τὸ
1170 661 1321 702 οἰκεῖον
1351 666 1504 716 προῖκα
1530 664 1608 703 λα·-

149 728 264 780 βεῖν·
303 726 378 767 καί
407 723 539 780 χάριν
568 725 615 767 δὲ
645 721 917 780 ὅμολογὴσειν
943 725 1057 781 ἡμᾶς
1076 725 1204 780 ὑμῖν,
1254 727 1311 784 τῷ
1336 724 1396 782 μὴ
1425 728 1608 783 ἐζημιῶ-

150 794 257 833 σθαι
273 789 319 833 τὸ
352 786 514 833 οἶκεῖον·
542 791 658 844 ὑμᾶς
688 792 735 833 δὲ
760 793 820 850 τῷ
846 793 1060 848 κρείττονι,
1089 795 1146 852 τῷ
1174 790 1387 839 δύνασθαι
1409 795 1608 836 τοσοῦτον

100 854 256 900 ιοῶστε
286 858 520 912 δωρεῖσθαι
549 858 686 899 δοκεῖν
715 857 792 900 καί
814 857 860 901 τὸ
888 857 948 914 μή
980 858 1223 915 ὖμέτερον.”
1251 860 1326 902 καί
1352 859 1375 900 ὄ
1405 859 1608 914 βασιλεύς

149 921 284 974 ἔλεξεν
314 918 420 965 ὧδε·
478 919 621 977 ,,οὑ’τω
651 925 759 979 δῆτα
787 924 936 979 ψυχὴν
963 924 1098 980 λόγων
1124 924 1393 981 χηρεύουσαν
1425 925 1499 967 καί
1526 928 1607 968 τοῦ

149 990 313 1031 πείθειν
340 987 495 1045 ἔρημον
524 987 711 1046 εὑροῦσα
735 987 762 1046 ἧ
786 993 859 1047 τῆς
883 993 1038 1048 σοφίας
1062 990 1259 1045 δύναμις,
1288 995 1641 1049 περιφρονοῦσαῦ

148 1055 194 1097 τὸ
225 1056 398 1105 α’σθενὲς
425 1057 751 1110 καταγωνίζεται
771 1089 783 1110 ,
825 1054 968 1114 ὥσπερ
999 1055 1224 1113 φάρμακον
1251 1057 1298 1101 ἐν
1336 1060 1446 1100 ἕλκει
1473 1074 1606 1114 προσ-

149 1117 437 1175 πλαττόμενον
475 1120 811 1179 καταβιβρώσκει
851 1125 932 1177 μὲν
967 1121 1016 1165 τὸ
1045 1126 1221 1179 νοσοῦν,
1258 1126 1614 1181 συναναζωπυρεῖ

100 1184 201 1229 Ιόδὲ
239 1186 315 1244 τὴν
360 1187 504 1242 ὑγείαν
549 1191 607 1247 τῷ
648 1189 872 1242 κάμνοντι.
947 1192 988 1232 εἰ
1019 1190 1098 1246 γὰρ
1137 1188 1184 1233 τὸ
1220 1192 1380 1232 δίκαιον
1409 1191 1486 1232 οῦκ
1515 1187 1607 1232 εἶπέ

150 1262 284 1308 τισιν,
314 1251 359 1295 εἴ
381 1272 438 1310 πη
468 1256 515 1297 δὲ
541 1253 589 1297 τὸ
621 1252 846 1311 ἁρμόδιον,
895 1257 1020 1299 οὐδὲν
1050 1251 1170 1312 ἧττον
1196 1258 1270 1298 καί
1292 1253 1401 1298 οὕτω
1431 1258 1606 1311 κινήσει.

149 1322 373 1376 τοιγαροῦν
398 1321 425 1376 ἦ
454 1320 588 1377 σοφία
614 1320 766 1364 τούτου
795 1323 915 1364 ἕνεκα
944 1324 1020 1377 τῆς
1048 1321 1197 1376 ἰσχύος
1224 1324 1309 1364 τῶν
1337 1319 1479 1364 ὅπλων
1506 1339 1609 1378 κρα-

150 1393 235 1439 τεῖ,
274 1383 341 1428 ὅτι
368 1388 550 1440 πολέμου
578 1387 657 1441 μὲν
699 1387 881 1442 δύναμις
917 1389 1000 1443 οὔχ
1040 1390 1154 1431 οῗατε
1192 1390 1355 1445 πέφυκε
1396 1390 1472 1430 τοῦ
1499 1405 1609 1443 πρα-Ι

151 1451 274 1493 κτέου
302 1454 532 1508 γενέσθαι,
578 1454 619 1496 εἰ
652 1454 712 1510 μή
754 1471 820 1496 πω
863 1453 938 1496 καί
960 1452 1115 1510 ἑαυτὴν
1161 1452 1270 1510 αὕτη
1298 1451 1608 1509 διαχρήσεται,

98 1515 219 1559 20τὸ-
245 1519 292 1560 ὃὲ
328 1521 402 1574 τῆς
436 1518 592 1576 σοφίας
620 1513 846 1574 ἀσώματον
887 1519 961 1563 καί
987 1519 1192 1577 φρούριον
1222 1523 1480 1576 καθέστηκεν
1507 1517 1609 1562 ἑαυ-

151 1584 248 1640 τῆς·
290 1583 392 1642 πρός
429 1602 476 1641 γε
516 1585 593 1628 καί
630 1592 818 1644 φρουρεῖ
839 1585 910 1629 τὸν
937 1588 1183 1642 κεκτημένον
1211 1583 1357 1642 αὗτήν.
1413 1588 1608 1629 ἐντεῦθεν

247 1700 280 1733 8.
307 1697 349 1733 δὲ
372 1698 632 1746 ὁμολογήσειν
666 1700 732 1742 Η.,
771 1707 813 1734 σε
850 1700 960 1747 ὄμολ.
998 1701 1092 1746 vulg.
1259 1711 1310 1735 ιο.
1331 1699 1519 1747 ὑμέτερον
1543 1697 1609 1739 N„

244 1744 410 1792 ὕστερον
432 1747 528 1792 vulg.
637 1747 687 1781 16.
713 1748 752 1780 εἴ
773 1746 840 1795 πη]
868 1749 974 1782 εἴποι
998 1749 1092 1783 coni.
1118 1746 1162 1780 N.
1250 1759 1302 1794 ¹9·
1327 1747 1608 1794 περιγενέσθαι

245 1792 308 1826 N.-
386 1791 476 1836 αὔτῆ
505 1793 563 1835 Ν.,
587 1793 681 1840 anitii
706 1794 800 1839 vulg.

153 1888 305 1935 Quare,
340 1898 435 1934 quae
459 1888 562 1920 nulla
588 1893 665 1921 erat
697 1889 920 1930 necessitas,
967 1899 1047 1921 eam
1078 1890 1209 1931 sponte
1245 1887 1318 1921 tibi
1354 1888 1609 1922 necessitatem

152 1934 377 1980 imposuisti,
405 1940 442 1970 et
481 1945 655 1980 generoso
695 1934 834 1969 iudicio
865 1938 990 1969 contra
1031 1939 1067 1967 te
1107 1933 1227 1978 ipsum
1251 1936 1525 1978 pronuntiasti:
1548 1933 1608 1968 'ab

151 1982 347 2016 honestate
370 1987 407 2015 te
431 1982 567 2015 victum
596 1992 674 2015 esse
700 1983 907 2021 confessus,
937 1981 1047 2026 plane
1072 1979 1180 2014 nobis
1205 1980 1373 2014 Lazicam
1399 1983 1608 2023 restituisti,

153 2035 192 2063 et
217 2034 392 2074 tanquam
417 2032 580 2062 nostrum
608 2030 797 2074 proprium
821 2028 1083 2073 patrimonium
1109 2037 1186 2061 eam
1213 2027 1360 2061 tradens
1385 2030 1464 2062 eius
1487 2030 1609 2073 possi-

153 2075 295 2111 dendae
321 2081 539 2120 potestatem
563 2075 601 2108 in
628 2085 693 2108 nos
719 2075 958 2115 transtulisti;
985 2073 1085 2121 quod
1103 2079 1141 2107 et
1169 2072 1266 2106 idem
1291 2074 1337 2108 de
1361 2075 1496 2109 Suania
1520 2087 1607 2120 sup-

152 2123 267 2168 plices
301 2124 486 2167 petimus,
526 2126 568 2154 ut
613 2122 722 2167 gratis
764 2123 864 2168 quod
898 2121 1005 2155 nobis
1040 2121 1230 2166 proprium
1265 2127 1342 2162 est,
1375 2122 1605 2167 recipiamus,

154 2175 192 2204 et
217 2175 259 2204 ut
277 2181 342 2203 nos
366 2169 470 2202 vobis
495 2169 625 2213 gratias
658 2168 878 2209 habeamus,
910 2167 1011 2214 quod
1037 2178 1093 2208 eo,
1127 2166 1227 2213 quod
1250 2174 1414 2204 nostrum
1441 2174 1508 2211 est,
1533 2171 1606 2203 mi..

153 2218 253 2250 nime
285 2227 351 2250 nos
388 2216 676 2250 mulctaveritis:
712 2227 775 2250 vos
812 2220 934 2249 autem
960 2226 1101 2247 summo
1128 2214 1294 2256 numini,
1330 2215 1432 2263 quod
1461 2221 1604 2250 tantum

154 2264 331 2308 potestis,
366 2268 408 2296 ut
439 2264 550 2297 etiam
588 2274 683 2309 quae
714 2267 833 2306 vestra
863 2273 938 2296 non
970 2267 1075 2302 sunt,
1117 2260 1214 2295 dono
1250 2261 1336 2296 dare
1366 2262 1603 2296 videamini.”

155 2311 232 2344 Rex
256 2316 379 2344 autem
404 2311 456 2344 ita
476 2309 684 2355 respondit:
722 2308 928 2356 „Equidem
953 2308 1157 2353 sapientiae
1180 2308 1232 2342 vis
1256 2309 1287 2343 si
1308 2309 1503 2344 offenderit
1523 2310 1607 2344 ani-

155 2369 254 2392 mum
279 2357 421 2391 ratione
456 2357 673 2392 destitutum
707 2361 745 2390 et
779 2355 1025 2402 persuadendi
1060 2355 1235 2389 facultate
1274 2356 1467 2397 orbatum,
1502 2357 1605 2402 quod

156 2404 339 2438 infirmum
365 2410 402 2438 et
425 2404 652 2438 imbecillum
684 2409 759 2444 est,
792 2403 993 2447 prosternit
1019 2407 1056 2436 et
1079 2402 1253 2443 conterit,
1293 2403 1605 2449 quemadmodum

156 2450 460 2485 medicamentum
485 2452 599 2485 ulceri
623 2450 831 2484 adhibitum
856 2450 1082 2495 depascitur,
1119 2448 1160 2481 id
1190 2448 1289 2496 quod
1313 2450 1478 2484 dolorem
1502 2450 1605 2493 facit,
1647 2468 1654 2474 κ

159 2503 198 2531 et
221 2499 412 2532 sanitatem
438 2498 601 2532 restituit
633 2498 845 2542 aegrotanti.
903 2496 1077 2541 Quamvis
1112 2496 1211 2530 enim
1241 2498 1393 2531 minime
1419 2498 1518 2531 iusta
1553 2498 1604 2532 sit

159 2556 215 2585 ea,
240 2555 335 2591 quae
361 2545 458 2589 apud
482 2544 693 2579 huiusmodi
716 2544 904 2578 hominum
930 2554 1041 2588 genus
1066 2541 1225 2578 habetur
1251 2545 1391 2585 oratio,
1417 2545 1448 2578 si
1475 2550 1600 2579 tamen

158 2596 244 2636 apte
269 2596 307 2624 et
331 2593 507 2626 concinne
532 2594 615 2639 quis
637 2592 754 2632 dicat,
792 2590 948 2626 dicendo
979 2590 1124 2624 evincit.
1171 2591 1222 2624 Ea
1249 2590 1293 2624 de
1319 2602 1426 2625 causa
1450 2592 1599 2636 sapien—

159 2639 212 2673 tia
233 2638 340 2682 longe
365 2649 547 2673 armorum
573 2640 645 2672 vim
669 2645 840 2683 superat,
872 2637 971 2683 quod
994 2637 1128 2671 bellica
1150 2638 1265 2671 virtus
1289 2648 1363 2672 non
1387 2639 1506 2683 possit
1528 2638 1601 2671 ali-

158 2684 261 2730 quod
285 2685 464 2731 egregium
489 2686 630 2721 facinus
654 2685 783 2727 edere,
820 2685 892 2719 nisi
916 2696 954 2718 se
979 2685 1095 2730 ipsam
1119 2694 1267 2731 quoque
1291 2690 1490 2726 consumat,
1514 2696 1603 2730 pru-

160 2734 286 2770 dentia
310 2739 432 2770 autem
456 2738 494 2769 et
523 2744 632 2770 suum
665 2734 781 2780 ipsius
812 2731 1036 2780 praesidium
1068 2731 1307 2768 constitutum
1330 2737 1407 2776 est,
1442 2736 1480 2767 et
1509 2741 1604 2775 eum,
