1924 3164
465 179 534 218 Ex
571 175 787 219 EUNAPn
829 175 1099 219 fflsronlA.
1461 159 1534 232 75

89 297 192 325 ,κτον
200 314 214 335 ,
257 281 438 330 ἐξέωσαν
475 279 563 320 τῶν
600 277 804 334 οἷσφαλῶν
844 278 919 321 καί
957 275 1175 334 σωτηρίων
1215 278 1424 333 λογισμῶν
1459 276 1536 322 τὸν

93 348 323 398 νεανίσκον,
351 343 426 387 καὶ
450 346 698 387 κατέσεισαν
726 345 785 393 εἷς
810 343 883 388 τόν
907 344 1099 400 μανιώδη
1125 341 1201 387 καὶ
1223 341 1439 401 σφαλερόν
1464 344 1542 398 τῆς

97 414 314 468 βασιλείας
341 410 494 465 ἔρωτα.

209 476 283 532 λγ’.
330 474 420 519 ’Ότι
447 476 789 533 φιλοχρηματίαν
817 476 928 532 φασί
951 477 1086 532 πηγήν
1111 492 1204 520 τινα
1229 474 1364 533 πάσης
1391 477 1665 530 κακίαςΚαΘρ

65 544 341 598 ὄτυγχάνειν,
401 538 501 584 οῦδὲ
542 543 594 598 τῇ
633 543 757 599 κακία
805 541 985 595 πότιμόν
1028 558 1074 584 τε
1099 545 1174 586 καὶ
1206 543 1415 599 χρήσιμον
1429 560 1442 573 ·
1499 541 1544 595 ἐξ

95 609 256 665 ἐκείνης
292 607 372 664 γὰρ
417 609 489 663 τῆς
516 606 654 663 α’ρχῆς
694 609 769 649 καί
807 603 888 650 ἀπὸ
917 609 994 662 τῆς
1033 610 1117 651 τῶν
1141 607 1372 665 χρημάτων
1400 625 1544 666 περιτ-

96 676 168 730 τῆς
206 675 437 727 ἐπιθυμίας
474 671 520 715 τὸ
550 675 625 729 τῆς
651 675 798 729 ψυχῆς
823 668 971 729 ἄλογον
1009 672 1242 729 ἀρδόμενον
1269 673 1360 730 ἔριν
1383 679 1420 717 τ’
1448 675 1544 718 α’νέ-

93 755 235 797 φυσεν
274 736 514 795 ἀνθρώποις
563 740 637 781 καί
682 737 849 794 μάχην·
904 737 992 795 ἔρις
1039 740 1087 782 δὲ
1137 740 1371 796 αὖξηθεΐσα
1421 742 1545 787 πολέ-
1575 754 1578 755 ’

96 821 204 859 μους
231 800 511 860 ἀνεβλάστησε
537 804 612 847 καὶ
637 804 819 862 φόνους·
875 803 1019 862 φόνων
1054 806 1102 847 δὲ
1129 804 1153 847 ὅ
1196 805 1403 862 φυόμενος
1439 823 1544 863 καρ-

41 870 178 922 .ιοπός
207 869 353 928 φθορά
383 873 461 913 τοῦ
487 872 634 927 γένους
660 873 734 914 καί
761 866 966 928 ὄλεθρος·
1023 868 1052 913 ἃ
1080 870 1131 928 δὴ
1161 871 1236 914 καί
1259 873 1331 915 ἐπὶ
1359 872 1546 916 Οὐάλεν-

93 953 167 987 τος
195 936 522 992 συνεπράττετο.

203 1003 280 1045 λδ’.
335 1003 460 1045 Κατὰ
489 1005 568 1057 μὲν
597 998 674 1046 οὖν
699 1003 754 1046 τά
791 1005 939 1060 πρῶτα
969 1005 1044 1059 τῆς
1069 1006 1336 1061 συγγραφῆς,
1376 1000 1546 1054 οὔδενὸς

94 1069 218 1113 ου’δὲν
237 1072 372 1126 σαφὲς
389 1068 501 1124 ἔχειν
519 1071 710 1124 λέγοντος
727 1066 828 1112 ὅθεν
845 1085 891 1112 τε
911 1064 1023 1120 ὄντες
1047 1070 1085 1112 οἱ
1101 1065 1270 1124 Οὗννοι,
1297 1066 1378 1126 ὅπῃ
1397 1085 1444 1111 τε
1462 1069 1548 1112 ml<

93 1150 213 1189 μενοι
239 1133 316 1189 τὴν
346 1133 556 1191 Εὐρώπην
582 1135 721 1177 πᾶσαν
748 1135 987 1191 ἐπέδραμον
1013 1136 1088 1178 καὶ
1117 1135 1165 1178 τὸ
1191 1134 1402 1177 Σκυθικόν
1428 1134 1548 1192 ἔρῥια

44 1205 185 1255 ιὸψαν
227 1201 365 1255 γένος,
419 1202 465 1242 ἐκ
496 1202 579 1243 τῶν
616 1201 808 1242 παλαιῶν
847 1203 1088 1244 συντιθέντι
1125 1200 1233 1243 κατὰ
1260 1200 1358 1250 τούς
1384 1199 1549 1249 εἰκότας

93 1265 318 1322 λογισμούς
355 1264 515 1323 εἴρηται
531 1277 543 1289 ·
598 1266 651 1308 τὰ
697 1268 743 1308 δὲ
772 1268 818 1308 ἐκ
843 1268 927 1308 τῶν
953 1263 1322 1321 ἀπαγγελλομένων
1350 1265 1548 1316 δοξάζον-

93 1350 135 1375 τι
161 1331 267 1389 πρὸς
304 1331 350 1375 τὸ
387 1333 582 1388 α’κριβὲς,
624 1331 683 1381 ὥς
709 1328 762 1374 ἂν
787 1330 848 1387 μὴ
878 1334 954 1374 τοῦ
980 1335 1168 1374 πιθανοῦ
1192 1331 1270 1387 τήν
1296 1329 1468 1388 γραφὴν
1495 1326 1547 1372 ἆ-

96 1399 414 1455 παρτήσαιμεν,
459 1399 568 1453 μηδὲ
604 1402 852 1455 παραφέροι
882 1396 990 1454 πρὸς
1014 1397 1091 1454 τὴν
1117 1395 1326 1453 α’λήθειαν
1359 1395 1381 1438 ὃ
1410 1396 1545 1451 λόγος.

94 1464 216 1519 ἡμεῖς
255 1465 302 1506 δὲ
331 1463 382 1506 οὔ
409 1462 560 1506 ταύτὸν
585 1463 814 1519 πάσχοντες
840 1470 926 1514 τοῖς
953 1465 1001 1506 ἐκ
1023 1466 1187 1507 παίδων
1215 1464 1350 1507 οἰκίαν
1387 1461 1545 1519 μικράν

40 1529 168 1576 noxae*
194 1529 361 1587 φαύλην
392 1527 609 1585 οἰκήσασιν
626 1563 640 1583 ,
669 1527 762 1572 εἶτα
792 1528 865 1572 διά
894 1529 1027 1586 τύχης
1053 1525 1224 1587 εὔροιαν
1252 1527 1447 1585 μεγάλων
1471 1529 1547 1570 καί

93 1597 297 1653 λαμπρῶν
325 1595 641 1650 ἐπιλαβομένοις
669 1594 1036 1651 οἰκοδομημάτων,
1067 1593 1182 1650 ὅμως
1202 1594 1273 1638 διὰ
1320 1595 1549 1651 συνήθειαν

0 1696 1 1738 l
186 1719 224 1753 7.
253 1705 446 1752 ἐνέφυσεν
471 1709 530 1748 Β.,
561 1700 804 1755 ἄνεφύσησεν
837 1709 893 1743 ed.
966 1721 1020 1746 ιο.
1046 1708 1088 1744 δὲ
1113 1709 1171 1748 ed.
1248 1720 1300 1744 ια.
1327 1700 1372 1743 τά
1398 1707 1485 1742 add.
1502 1707 1546 1742 N.

185 1766 240 1788 21.
268 1752 388 1800 ὅμως]
413 1756 478 1788 καὶ
501 1753 604 1802 ὅμως
629 1756 688 1791 vel
713 1754 815 1802 ὅμως
837 1755 878 1790 δὲ
901 1757 939 1790 Β.
1159 1759 1165 1764 “

94 1854 249 1889 rabilem
281 1853 531 1897 admoventes,
567 1856 736 1889 iuvenem
771 1867 791 1890 e
814 1857 911 1890 sanis
939 1856 1223 1902 salubribusque
1255 1856 1420 1889 consiliis
1444 1854 1546 1889 deie-

94 1907 192 1936 ctum
215 1900 263 1934 ad
286 1901 459 1934 furiosam
484 1902 798 1947 perniciosamque
830 1901 1004 1947 regnandi
1038 1902 1137 1936 sitim
1161 1902 1412 1947 perpulerunt.

186 1949 242 1982 33.
291 1947 406 1981 Aiunt
437 1948 623 1982 avaritiam
658 1948 823 1982 malitiae
857 1949 973 1981 omnis
1016 1959 1093 1981 esse
1123 1949 1281 1989 sontem3
1327 1948 1436 1981 immo
1471 1957 1544 1983 nec

95 1996 166 2040 ipsi
193 1993 356 2027 malitiae
380 1993 574 2028 iucundam
599 2006 676 2028 esse
711 1995 771 2027 vel
794 1995 936 2028 utilem.
981 1995 1128 2028 Etenim
1163 2005 1208 2028 ex
1230 1994 1300 2027 hac
1325 1993 1543 2039 scaturigine

97 2047 206 2087 atque
233 2052 277 2074 ex
303 2041 414 2074 nimia
441 2043 619 2086 pecuniae
644 2040 868 2085 cupiditate,
898 2041 965 2074 ubi
992 2040 1106 2074 semel
1137 2052 1218 2086 pars
1245 2041 1358 2074 anim-i
1383 2039 1545 2074 deterior

95 2088 166 2121 hae
196 2086 280 2122 labe
311 2087 451 2120 imbuta
489 2088 625 2129 suerit,
657 2087 836 2121 discordia
868 2088 965 2121 inter
997 2087 1162 2121 homines
1202 2087 1360 2133 gignitur
1391 2092 1428 2121 et
1452 2098 1542 2120 con-

95 2136 226 2169 tentio.
274 2134 464 2168 Discordia
505 2146 697 2180 augescens
723 2134 863 2167 bellum
892 2133 1094 2179 caedesque
1122 2134 1240 2179 parit:
1277 2133 1442 2168 caedium
1469 2144 1538 2166 au-

94 2186 169 2215 tem
205 2180 341 2214 fructus
376 2186 431 2215 est
461 2181 611 2214 humani
645 2181 785 2227 generis
815 2181 964 2215 vastitas
997 2186 1036 2214 et
1065 2180 1231 2221 exitium,
1279 2180 1384 2226 Quae
1407 2179 1538 2218 ‚omnia

95 2227 163 2261 nub
203 2228 356 2262 Valente
390 2233 597 2262 evenerunt.

188 2275 246 2317 34.
294 2274 336 2306 In
373 2275 494 2319 priore
521 2274 695 2309 historiae
722 2274 902 2312 editione,
945 2273 1116 2318 quoniam
1148 2283 1255 2307 nemo
1289 2272 1408 2308 adhuc
1439 2276 1537 2307 certa

94 2321 302 2361 narratione
331 2320 514 2364 prodidit,
549 2333 623 2367 qua
660 2321 798 2366 origine
834 2319 1012 2366 quibusve
1039 2331 1084 2354 ex
1114 2320 1204 2354 locis
1237 2320 1363 2354 Hunni
1391 2320 1539 2353 univer-

95 2378 170 2401 sam
201 2367 377 2411 Europam
414 2368 656 2413 pervaserint,
681 2367 959 2411 Scythicumque
993 2377 1103 2412 genus
1127 2367 1274 2412 ubique·
1291 2367 1537 2412 propagarint,

94 2425 162 2447 nos
195 2413 341 2459 quidem
371 2415 561 2449 memorias
593 2419 732 2449 veteres
764 2414 998 2458 colligentes,
1022 2424 1096 2448 rem
1124 2412 1310 2459 probabili
1335 2412 1539 2448 ratiocina-

95 2461 197 2493 tione
235 2463 488 2495 tractavimus:
532 2466 610 2494 tum
645 2460 827 2507 quidquid
869 2460 1022 2493 relatum
1051 2465 1147 2500 erat,
1188 2460 1358 2506 diligenti
1396 2459 1536 2494 iudicio

97 2507 384 2551 exploravimus,
418 2519 465 2542 ne
487 2508 577 2553 quid
607 2509 729 2541 minus
759 2505 950 2553 probabile
971 2507 1234 2552 proferremus,
1272 2512 1309 2541 et
1339 2517 1386 2540 ne
1418 2517 1536 2540 sermo

98 2558 224 2587 noster
250 2554 399 2588 veritate
431 2555 558 2600 procul
583 2554 778 2588 aberraret.
826 2553 954 2599 Neque
978 2565 1075 2587 nunc
1090 2558 1231 2594 tamen,
1267 2564 1367 2587 more
1399 2563 1536 2594 eorum,

99 2600 164 2645 qui
203 2601 242 2633 in
269 2601 397 2644 exigua
437 2602 576 2648 vilique
613 2613 692 2635 casa
719 2613 739 2634 a
768 2601 889 2644 pueris
921 2601 1091 2640 enutriti,
1128 2600 1215 2634 dein
1237 2599 1429 2634 favorabili
1460 2599 1538 2632 for-

99 2650 208 2679 tunae
247 2657 351 2680 cursu
385 2658 527 2691 magnas
577 2653 685 2693 atque
731 2645 938 2693 splendidas
975 2646 1099 2681 domos
1138 2648 1259 2688 nacti,
1298 2645 1538 2680 nihilominus

100 2692 363 2726 consuetudine
399 2694 487 2727 victi
521 2695 691 2740 antiquos
722 2694 840 2728 adhuc
862 2698 982 2727 amant
1005 2694 1098 2727 lares
1125 2699 1234 2737 atque
1254 2693 1540 2738 amplectuntur:

100 2736 198 2772 haud
223 2751 312 2781 nos,
338 2741 508 2786 inquam,
532 2741 728 2785 praedictis
762 2745 956 2785 utcumque
985 2745 1127 2775 narrata
1161 2741 1309 2775 fuerunt
1344 2738 1537 2783 indulgen-
