1924 3164
313 135 429 212 498
909 151 1170 195 ΡιιοοοΡιι

314 265 424 311 α’λλά
450 264 554 324 πρὸς
597 262 724 322 ὕβριν
753 264 917 321 ἐχθροῦ
957 263 1032 308 καὶ
1057 265 1284 323 βαρβάρου
1313 266 1387 310 καί
1409 268 1540 323 μέχρι
1566 269 1639 324 τῆς
1665 268 1772 319 θέας
1809 315 1813 317 ,

313 336 552 382 λυποῦντος·
578 332 718 373 πάντα
736 329 816 386 γὰρ
835 325 1060 388 προῦκειτο
1077 331 1251 382 τούτοις.
1275 331 1298 374 ὅ
1311 334 1358 375 δὲ
1375 331 1435 389 μὴ
1457 331 1609 376 παθών
1624 332 1772 390 πρώην

314 401 393 456 μὲν
417 396 522 456 μόνῃ
552 398 604 455 τῇ
637 393 747 454 τύχῃ
767 396 897 452 χάριν
921 398 1153 453 ἠπίστατο·
1182 400 1257 441 νῦν
1286 400 1334 441 δὲ
1361 401 1409 441 σὲ
1437 399 1587 451 πάντες
1613 398 1772 454 ὗμνοῦ·

314 482 362 513 σι
386 464 495 519 μετὰ
528 462 717 518 ταύτης,
748 456 782 504 αἶ
811 465 992 517 βασιλεῦ
1001 497 1014 517 ,
1060 462 1099 506 οἱ
1126 465 1205 518 μὲν
1253 462 1325 506 διά
1370 467 1418 508 σὲ
1448 464 1508 521 μὴ
1537 463 1771 519 παθόντες,

316 531 357 575 οἱ
387 533 434 573 δὲ
460 528 519 585 μή
548 530 864 586 προσδοκῶντες
890 526 1015 572 πάλιν
1043 534 1212 574 παθεῖν.
1268 530 1292 572 ὅ
1319 530 1400 587 γὰρ
1427 529 1668 588 βάρβαρος,
1695 529 1799 588 τὴνὸ

315 595 612 653 προσήκουσαν
655 593 815 651 πληγὴν
856 597 1126 651 δεδεγμένος,
1165 594 1280 639 κάτω
1308 595 1443 652 νεύει,
1471 597 1547 640 καί
1571 595 1775 653 δεσπότην

317 665 568 716 ἐπίσταται,
598 663 673 704 καί
699 666 918 718 σωφρονεῖ
940 660 1000 717 μη
1029 661 1298 716 βουλόμενος.
1355 662 1400 706 αἱ
1443 665 1489 706 δὲ
1517 660 1660 712 πόλεις
1692 665 1775 705 τῶν

314 728 547 786 δραμάτων
571 728 806 783 ’ἐλεύθεραι
824 743 835 754 ·
865 728 940 769 καί
962 729 1100 783 τείχη,
1143 726 1195 770 τά
1219 730 1300 781 μὲν
1326 726 1583 785 γεγηρακότα
1610 728 1774 784 νεάζει,

314 793 371 837 τοὶ
412 796 461 837 δὲ
503 795 578 836 νῦν
605 795 771 850 πρῶτον
798 793 1023 836 α’νίσταται
1050 809 1063 823 ·
1095 793 1170 836 καί
1205 797 1500 851 σωφρονοῦσιν
1527 793 1573 837 αἱ
1600 793 1743 844 πόλεις
1759 826 1772 848 ,

313 861 490 917 ἀσφαλῆ
525 857 681 913 κόσμον
718 856 1056 913 ἐπιδεικνύμεναι
1092 865 1176 910 τοῖς
1205 859 1471 917 βαρβάροις·
1511 859 1698 918 φρούρια
1727 861 1828 903 δὲιο

314 928 538 981 πανταχοῦ
575 929 660 969 τῶν
698 925 896 982 ὑπηκόων
925 927 1237 982 προβέβληται,
1276 926 1351 969 καὶ
1384 930 1654 984 στρατιωτῶν
1680 927 1776 984 ἧλι-

313 992 388 1036 κία
417 990 541 1051 ρώμη
570 991 645 1034 καί
667 992 823 1048 πλήθει
851 993 1268 1048 σνμπεφραγμένων·
1299 988 1449 1049 ανδρες
1469 993 1583 1051 άκμῇ
1604 995 1780 1047 ζέοντες,

313 1076 385 1102 και
404 1060 624 1115 βλέποντές
640 1075 680 1101 τι
697 1056 901 1112 νεανικὸν,
930 1061 1005 1100 καί
1025 1055 1082 1108 ὦς
1109 1055 1190 1102 ἄν’
1190 1054 1364 1116 Όμηρος
1390 1056 1493 1113 εἶπε,
1521 1058 1779 1115 θεράποντες

302 1129 499 1183 ΨΑρηος·
534 1141 618 1180 ουχ
656 1121 797 1181 ὥσπερ
842 1122 987 1204 πρώην
1027 1125 1223 1175 ἀσθενεῖς
1276 1143 1343 1168 και
1387 1126 1687 1182 γεγηρακότες,
1732 1126 1779 1168 ἐν

313 1199 401 1243 τοῖς
429 1194 580 1241 δεινοῖς
608 1189 854 1248 ὖπότρομοι,
883 1192 956 1233 καί
983 1194 1082 1244 μεθ’
1107 1191 1229 1247 ἦμῶν
1259 1190 1462 1247 δεδιότες,
1491 1210 1561 1235 και
1588 1194 1664 1235 τοῦ
1691 1189 1831 1234 oui-15

318 1260 462 1310 ζοντος
496 1260 660 1312 μᾶλλον
703 1255 896 1310 δεόμενοι
920 1274 932 1286 ·
981 1259 1056 1298 καί
1080 1256 1247 1313 μάρτυς
1290 1256 1391 1313 ἡμῖν
1419 1255 1593 1313 ἐγγύθεν
1623 1257 1774 1308 αὑτός»

315 1326 494 1366 τοιαῦτα
523 1322 760 1366 διατάττων
788 1325 847 1381 τῷ
875 1326 1048 1376 βασιλεῖ
1052 1357 1065 1375 ,
1091 1322 1166 1364 καί
1183 1326 1356 1379 πρέπων
1379 1325 1522 1383 ἐκείνῳ
1551 1322 1658 1381 πρὸς
1685 1340 1776 1366 κοι-

313 1388 389 1445 νὴν
417 1389 660 1444 εὐεργεσίαν
687 1386 924 1444 ὑπηρετεῖν.
955 1384 1056 1430 ὅθεν
1084 1405 1131 1443 γε
1159 1392 1207 1432 σὲ
1236 1391 1552 1446 πατέρα’καλεῖ
1566 1422 1577 1443 ,
1606 1389 1682 1432 καί
1704 1404 1776 1431 πι-

312 1453 414 1498 στὸν
444 1452 630 1509 ἡγεῖται,
675 1453 750 1496 καί
776 1453 932 1504 πάσαις
975 1451 1139 1509 ψήφοις
1167 1457 1361 1509 ἐπαινεῖ,
1395 1456 1471 1497 καί
1503 1453 1772 1510 τεθαύμακε,

312 1520 388 1564 καὶ
416 1515 569 1562 οὔποτε
593 1517 814 1562 παύσεται.
1481 1531 1487 1533 f
1775 1533 1830 1561 20

426 1586 476 1641 η’.
530 1582 660 1628 Ἀλλά
699 1584 782 1641 γὰρ
823 1585 849 1627 ὅ.
875 1583 996 1641 λόγος
1015 1618 1028 1640 ‚
1077 1582 1147 1628 ἆεί
1169 1588 1242 1642 τῆς
1274 1587 1360 1629 τῶν
1386 1585 1648 1644 πραγμάτων
1675 1588 1775 1630 duo-

315 1654 496 1701 λουθίας
524 1649 743 1707 ἐχόμενος,
775 1647 915 1708 ὥσπερ
945 1669 985 1695 τι
1015 1653 1155 1709 ῥεῦμα
1185 1653 1436 1709 φερόμενον,
1477 1651 1665 1695 ἐνταῦθά
1693 1669 1775 1695 που

411 1763 443 1807 4.
463 1762 502 1796 οι
523 1761 599 1810 μὲν
612 1763 712 1846 Riltt„
738 1763 776 1796 οἱ
801 1760 917 1820 δὲμὴ
942 1762 998 1797 ed.
1096 1767 1127 1800 8
1144 1763 1384 1811 πραγμάτων
1411 1765 1503 1798 coni.
1528 1766 1567 1800 R.
1592 1775 1659 1811 pro
1683 1739 1778 1814 δρα-

407 1809 551 1857 μάτων.
696 1809 753 1844 .ὄ
777 1775 939 1856 στρατὸς
963 1811 1058 1844 coni.
1085 1810 1230 1845 Villois.
1255 1824 1321 1858 pro
1347 1806 1473 1849 αὐτὸς.

315 1925 400 1948 vero
427 1924 447 1945 a
473 1912 578 1946 malis
614 1912 785 1945 immunis
811 1915 908 1952 erat,
941 1912 971 1944 is
1004 1913 1105 1956 prius
1140 1913 1289 1958 quidem
1318 1914 1388 1948 soli
1414 1914 1598 1949 Fortunae
1621 1914 1774 1959 gratiam

317 1959 519 2000 referebam
553 1969 651 1992 nunc
673 1969 758 1993 vero
791 1964 854 2001 te,
881 1959 1069 2003 Auguste,
1104 1970 1227 1993 omnes
1255 1967 1390 1995 canunt
1409 1973 1489 1994 cum
1514 1962 1603 2002 illa,
1644 1961 1710 1995 alii
1735 1967 1772 1997 te

316 2013 466 2043 auctore
501 2005 598 2040 nihil
621 2007 824 2051 patientes,
858 2006 923 2039 alii
959 2007 1123 2051 persuasi
1150 2019 1187 2041 se
1210 2008 1308 2042 nihil
1330 2018 1454 2042 rursus
1488 2019 1655 2053 passuros
1681 2018 1772 2042 esse.

315 2053 494 2091 Barbarus
528 2053 626 2086 enim
663 2054 814 2086 vulnere
839 2052 969 2086 merito
1003 2058 1164 2109 accepto·
1181 2055 1305 2088 oculos
1338 2054 1544 2097 submittit,
1573 2059 1610 2089 et
1649 2055 1773 2089 domi—

315 2113 404 2136 num
429 2100 615 2146 agnoscit,
648 2105 686 2132 et
710 2100 876 2133 modeste
912 2101 999 2146 agit
1021 2101 1184 2146 quamvis
1214 2101 1368 2140 invitus;
1406 2102 1514 2135 urbes
1547 2105 1669 2135 autem
1705 2112 1772 2135 ae-

316 2148 456 2182 rumnis
491 2147 630 2180 liberae
656 2152 764 2191 sunt;
796 2152 833 2180 et
857 2148 1022 2187 moenia,
1061 2157 1156 2193 quae
1194 2153 1461 2182 consenuerant
1504 2148 1770 2191 iuvenescunt,

317 2195 389 2228 alia
420 2206 518 2228 nunc
555 2194 714 2238 primum
746 2194 989 2236 exoriuntur3
1036 2194 1198 2228 civitates
1233 2195 1396 2229 modeste
1431 2200 1561 2240 agunt,
1601 2205 1771 2230 securum

317 2247 485 2276 ornatum
531 2241 766 2278 ostendentes
800 2241 986 2283 barbaris3
1023 2241 1170 2275 castella
1205 2243 1345 2288 ubique
1391 2242 1560 2288 opposita
1601 2247 1703 2276 sunt
1713 2241 1771 2277 aa}

316 2287 474 2322 tuendos
500 2288 764 2332 provinciales,
799 2294 836 2321 et
869 2287 1030 2321 militum
1074 2289 1244 2322 iuventus
1280 2289 1412 2322 robore
1451 2293 1489 2323 et
1527 2287 1770 2324 multitudine

317 2336 478 2371 munita:
515 2334 586 2367 viri
621 2339 741 2367 aetate
776 2335 968 2375 florentes,
1003 2340 1040 2367 et
1076 2339 1218 2368 torvum
1243 2335 1449 2376 intuentes,
1489 2339 1548 2377 et,
1584 2334 1770 2380 quomodo

317 2383 496 2415 Homerus
523 2381 631 2422 dicat,
659 2381 783 2414 Martis
810 2382 1007 2415 satellites:
1034 2393 1109 2415 non
1134 2388 1175 2415 ut
1198 2387 1305 2416 antea
1329 2381 1476 2421 infirmi,
1501 2388 1538 2415 et
1556 2382 1659 2416 senio
1679 2392 1771 2417 eont-

317 2428 431 2468 fecti,
469 2428 507 2460 in
539 2427 647 2460 rebus
672 2429 807 2471 asperis
833 2433 1053 2469 trementes,
1089 2433 1125 2462 et
1156 2429 1346 2462 nobiscum
1370 2430 1500 2463 timore
1525 2429 1705 2473 perculsi,
1728 2434 1770 2464 et
1796 2439 1803 2445 “

320 2475 391 2520 ipsi
416 2479 685 2519 propugnatore
711 2476 926 2519 indigentes.
977 2476 1023 2509 Et
1055 2477 1173 2510 testis
1182 2476 1289 2510 nobis
1316 2487 1428 2521 prope
1453 2474 1556 2509 adest
1592 2477 1670 2521 ipse
1704 2487 1769 2510 ex-

321 2523 479 2560 ercitus,
513 2521 671 2565 principi
707 2524 795 2555 talia
831 2522 1046 2566 perficiens,
1085 2527 1122 2555 et
1148 2522 1436 2556 accommodatus
1469 2522 1602 2556 se1vire
1637 2523 1693 2557 illi
1719 2522 1770 2558 ad

320 2576 547 2609 communem
584 2568 737 2601 salutem
776 2569 990 2612 augendam.
1041 2568 1163 2613 Quare
1191 2576 1228 2604 te
1253 2576 1389 2616 patrem
1417 2569 1600 2613 appellat,
1634 2575 1671 2607 et
1694 2570 1768 2603 tibi

320 2614 492 2654 confidit,
529 2618 566 2648 et
592 2625 662 2646 uno
697 2626 758 2648 ore
792 2614 941 2657 laudat,
979 2620 1017 2648 et
1043 2615 1256 2657 admiratur,
1294 2621 1332 2650 et
1367 2627 1554 2662 nunquam
1590 2616 1766 2650 admirari

319 2665 474 2698 desinet.

414 2711 446 2744 8.
496 2705 569 2741 Sed
592 2706 733 2749 oratio,
765 2718 908 2753 semper
931 2720 1057 2749 rerum,
1077 2709 1208 2744 εειίειιι
1230 2714 1442 2755 prosecuta,
1476 2713 1580 2757 quasi
1602 2708 1767 2745 fluminis
