1838 3210
583 183 657 222 DE
689 181 871 223 -BELus
909 180 1205 225 chTfflcls„
1562 161 1634 216 23

175 285 458 339 συνευξαίμην
493 284 532 324 δ’
561 277 615 326 ἂν
651 285 724 325 καί
758 286 884 342 πείρᾳ
922 281 1138 327 δύνασθαι
1176 283 1540 340 συμφορωτάτους
1566 297 1635 336 γε-
1645 285 1817 333 A.c.267

175 351 349 392 νέσθαι.
407 350 666 403 ἐπέσκεμμαι
713 350 762 391 δὲ
803 349 863 400 αἷς
901 352 947 393 ἐν
985 356 1076 400 τοῖς
1112 351 1309 404 πολέμοις
1348 347 1397 391 τὸ
1438 333 1833 405 vizule-*ffi'ovGau·1·¹5

174 413 280 468 μετὰ
305 417 386 467 μὲν
429 414 651 472 ἐμπειρίας
680 414 882 471 ἰσχυρὸν,
923 412 1027 459 ἄνευ
1057 418 1106 458 δὲ
1131 416 1286 458 τούτου
1315 411 1521 464 ἀσθενές·
1564 415 1640 456 καὶ

174 478 392 536 θρασύτης
418 483 627 535 λογισμῶν
654 475 857 538 ἄμοιρος,
912 482 939 538 ἦ
970 484 1018 524 δὲ
1063 482 1145 525 συν
1181 484 1242 542 τῷ
1266 479 1326 538 μή
1351 479 1458 526 κατὰ
1487 479 1636 537 καιρὸν

149 543 369 605 5εὕτόλμῳ
399 546 579 605 ἔσφηλε.
634 547 851 604 κράτιστοι
879 550 927 590 δὲ
955 549 996 591 οἱ
1023 550 1192 592 συνέσει
1225 546 1272 591 ’τό
1313 549 1524 605 διάφορον
1548 549 1636 595 τῶν

173 613 463 668 ἐκβησομένων
500 612 658 664 εἰδότες
691 616 853 668 μᾶλλον
891 611 921 670 ἢ
960 617 1089 672 θυμῷ
1124 617 1168 666 ἐς
1208 613 1285 666 τὰς
1315 613 1477 670 μάχας
1510 616 1636 655 καθι-

172 678 383 732 στάμενοι,
423 681 618 735 παραινῶ
643 679 704 737 μή
735 680 786 737 δὴ
817 683 862 731 ἐς
888 680 937 723 τὸ
967 684 1136 735 ἕτοιμον
1162 684 1238 738 τῆς
1263 679 1431 737 γνώμης
1461 682 1537 722 καί
1558 683 1633 722 τοῦ

170 742 364 799 πλήθους
389 743 436 788 τό
468 743 669 802 οἷβέβαιον
697 746 887 802 ἰδόντας,
931 750 1007 790 τοῦ
1034 750 1176 791 κοινοῦ
1200 751 1273 804 τῆς
1303 744 1539 804 ἀσφαλείας
1583 746 1634 788 ὗ·-

172 812 356 866 φέσθαι·
411 812 810 856 ἄποκινδυνεύσεται
849 812 930 869 γὰρ
961 813 1064 868 ὑμῖν
1101 815 1291 870 σωτηρία
1319 810 1452 863 οὕτως
1478 814 1523 862 ἐς
1549 831 1631 869 μη-

120 878 243 919 ιοδὲν
270 879 388 932 δέον,
415 878 490 922 καί
513 877 782 936 θράττεσθαι
821 878 848 937 ἧ
892 880 1061 923 διάνοια
1094 880 1216 935 ὑμῶν
1259 879 1369 932 δόξει
1417 866 1633 935 μᾶλλονῆ

170 941 410 998 ἐπιβούλιος
450 945 551 1002 περὶ
587 949 640 1003 τῇ
685 945 801 1004 πάσῃ
848 948 966 989 πόλει
1015 949 1094 990 τοῦ
1132 948 1417 1003 ἐκβησομένου
1470 944 1634 1001 ἔχουσα

169 1007 249 1065 την
286 1016 457 1068 πεῖραν.
513 1013 710 1063 ὖπαίτιος
759 1015 807 1057 δὲ
848 1013 1006 1068 ὁμοίως
1045 1009 1137 1068 ὅ,τε
1176 1013 1383 1071 ἀνανδρίᾳ
1423 1011 1500 1054 τὸν
1527 1012 1634 1069 ὕφε-

168 1075 351 1132 στηκότα
379 1073 522 1133 ἆγῶνα
558 1079 846 1135 ἐξιστάμενος,
891 1081 966 1123 καὶ
1002 1080 1027 1123 ὅ
1064 1079 1304 1135 θρασύτητι
1350 1081 1395 1129 ἐς
1433 1077 1534 1128 τούς
1570 1077 1631 1134 μή

166 1140 448 1199 προσήκοντας
475 1145 697 1195 κινδύνους
724 1144 825 1200 ἴων,
852 1146 947 1201 βίον
974 1145 1053 1189 σὺν
1081 1147 1296 1203 ἀσφαλείᾳ
1336 1146 1633 1196 σώζεσθαι.-

117 1205 354 1267 Ιὸλογισμῷ
394 1211 442 1252 δὲ
483 1209 688 1254 πιστεύων
718 1211 827 1268 οἷνὴρ
855 1213 1126 1269 βεβαιότερος
1152 1207 1181 1267 ἢ
1208 1211 1403 1265 ἀμαθίας
1440 1210 1632 1266 σχήματι

165 1273 272 1331 πρὸς
300 1274 377 1325 τὰς
406 1276 594 1332 ἀδήλους
620 1276 759 1334 φορὰς
793 1280 879 1320 τῶν
918 1279 1183 1335 πραγμάτων
1210 1278 1528 1334 ἔξορμώμενος.
1583 1277 1635 1318 αἳ

165 1357 212 1382 τε
238 1342 284 1383 ἐν
311 1347 400 1391 τοῖς
427 1343 625 1396 πολέμοις
652 1346 880 1398 συντυχίαι
906 1339 933 1401 ἢ
962 1343 1071 1387 κατὰ
1097 1343 1144 1387 τὸ
1175 1345 1400 1398 α’ναγκαῖον
1426 1341 1500 1398 τὴν
1529 1342 1628 1385 τόλ-

163 1423 250 1460 μαν
276 1406 470 1451 διδόασιν
511 1410 672 1461 ἐξιοῦσι
698 1412 742 1461 ἐς
775 1409 882 1460 τούς
921 1409 1165 1463 κινδύνους,
1219 1405 1249 1466 ἢ
1278 1407 1426 1459 ἅδείας
1451 1424 1626 1465 περιου-

163 1471 236 1530 σία
262 1471 339 1529 τὴν
364 1473 474 1527 μετοὶ
501 1477 579 1517 τοῦ
607 1472 830 1533 ἀσφαλοῦς
857 1476 1025 1520 σύνεσιν
1053 1479 1334 1533 παρέχονται,
1376 1474 1434 1527 ὥς
1459 1473 1521 1532 μή
1545 1473 1627 1517 σὺν

108 1539 251 1581 Ωοδὲει
277 1555 320 1582 τι
345 1543 508 1594 μᾶλλον
535 1542 795 1598 ἤπειγμένως
821 1539 850 1598 ἢ
876 1543 1117 1601 προμηθείᾳ
1143 1544 1318 1599 πρᾶξαι.

196 1652 201 1655 ,
250 1606 554 1661 ἶΛογιζόμενοι
601 1609 648 1650 δὲ
697 1608 802 1651 τάδε
849 1607 911 1664 μὴ
959 1608 1023 1651 ἴτε
1066 1608 1173 1666 πρὸς
1229 1603 1389 1664 ἄνδρας
1428 1608 1473 1658 ἒς
1508 1608 1621 1662 οἲγαῖ-
1634 1615 1754 1651 usse

162 1687 216 1714 να
243 1676 332 1715 κατ’
358 1674 540 1730 ἐρημίαν
569 1676 654 1717 τῶν
681 1677 1014 1732 συλληψομένων
1041 1677 1176 1733 ἐχυρᾷ
1205 1675 1385 1728 δυνάμει
1426 1673 1626 1729 ἐξιόντας,

258 1782 288 1803 ι.
305 1770 566 1815 συνευχαίμην
589 1769 644 1804 ed.
763 1783 796 1805 2.
821 1770 1043 1818 ἐπέσκεμμαι
1075 1771 1132 1805 ed.
1229 1783 1260 1816 7.
1287 1766 1331 1812 δὴ
1357 1765 1410 1816 μὴ
1436 1769 1474 1802 Β.
1573 1780 1626 1802 12.

253 1815 537 1861 ἐφεστηκόταΒ.
615 1813 733 1864 13.μῆ
760 1818 840 1852 add.
868 1818 998 1855 Maius.
1099 1819 1151 1864 ¹4·
1177 1816 1277 1866 βίον]
1304 1813 1432 1862 παρὸν
1456 1816 1494 1848 Β.
1571 1816 1627 1853 15.

258 1861 400 1908 λήματι
422 1864 463 1902 Β,
571 1865 622 1899 ι8.
647 1864 796 1904 ἐξιοῦσι
821 1865 892 1907 Μ.,
925 1865 1100 1905 ἐξισοῦσι
1126 1865 1207 1902 eod.
1324 1875 1381 1900 αι.
1404 1857 1457 1910 μὴ
1477 1863 1533 1896 ἴτε
1556 1862 1595 1894 Β.
1610 1885 1624 1903 ,

252 1909 348 1955 μήτε
371 1909 427 1944 ed.
510 1921 565 1944 22.
590 1911 768 1966 ἐπιόντας
790 1911 827 1944 Β.

160 2000 201 2033 in
224 2000 426 2044 perniciem
449 2000 534 2034 ruit.
582 2001 691 2035 Porro
725 2000 918 2035 fortissimi
943 2000 1102 2035 evadunt
1125 2012 1200 2034 non
1225 2006 1300 2036 tam
1322 2000 1364 2042 ii,
1389 2000 1456 2046 qui
1479 2000 1622 2044 impetu

158 2057 268 2080 »caeco
292 2047 481 2088 feruntur,
519 2058 628 2093 quam
664 2048 730 2094 qui
755 2048 964 2082 futurorum
988 2053 1185 2082 eventuum
1209 2053 1392 2082 momenta
1416 2046 1622 2092 ponderare

161 2100 314 2139 queunt.
363 2095 497 2127 Auctor
520 2100 642 2128 autem
666 2094 771 2129 vobis
797 2106 896 2136 sum,
925 2107 994 2137 ne,
1020 2095 1107 2128 (lum
1132 2096 1266 2129 mentis
1287 2100 1430 2128 vestrae
1455 2094 1626 2127 alacrita-

160 2145 249 2181 tem,
275 2140 524 2175 multitudinis
544 2146 667 2175 autem
688 2142 976 2176 inconstantiam
993 2141 1194 2187 respicitis,
1221 2143 1376 2175 tutelam
1390 2141 1481 2186 reip.
1503 2141 1623 2186 negli-

163 2188 263 2232 gatis.
317 2188 376 2222 Sic
405 2190 505 2223 enim
531 2194 651 2222 vestra
680 2189 776 2222 salus
807 2190 910 2222 nullo
948 2200 1030 2222 cum
1063 2190 1310 2223 emolumento
1347 2188 1622 2234 periclitaretur

159 2234 370 2280 fractusque
389 2237 503 2280 magis
524 2240 644 2270 vester
663 2238 806 2269 animus
825 2235 1013 2270 videretur
1026 2262 1036 2278 ‚
1064 2248 1172 2282 quam
1197 2236 1326 2270 sollers
1346 2237 1387 2269 in
1410 2234 1512 2270 urbis
1534 2236 1621 2268 uni-

155 2291 278 2315 versae
306 2293 391 2316 cura
417 2282 477 2314 vel
501 2282 816 2317 conficiendorum
842 2289 1038 2317 eventuum
1066 2284 1217 2328 peritus.
1266 2283 1393 2328 Aeque
1422 2282 1619 2327 culpabilis

157 2333 232 2369 est,
258 2329 323 2373 qui
345 2329 561 2363 meticuloso
579 2331 699 2363 animo
725 2331 889 2364 oblatum
918 2329 991 2363 sibi
1021 2335 1202 2365 certamen
1223 2330 1386 2375 respuit,
1412 2335 1522 2376 atque
1539 2329 1620 2369 ille,

156 2374 225 2419 qui
250 2375 378 2409 insana
399 2375 553 2413 audacia
572 2377 613 2411 in
634 2377 754 2410 aliena
776 2377 940 2421 pericula
961 2382 1077 2411 semet
1097 2378 1269 2420 coniicit,
1293 2376 1359 2411 ubi
1389 2382 1470 2411 tuto
1495 2377 1618 2411 vivere

157 2420 305 2455 licebat.
329 2442 378 2448 —-
423 2422 502 2464 Vir,
527 2423 592 2469 qui
625 2424 757 2458 mentis
789 2424 896 2458 nixus
932 2424 1088 2458 consilio
1124 2431 1204 2467 est,
1239 2425 1481 2459 constantiam
1504 2425 1619 2469 magis

156 2474 296 2510 servat,
321 2479 429 2515 quam
454 2470 498 2511 is,
522 2471 588 2516 qui
614 2470 869 2517 imperitorum
893 2472 967 2505 ritu
990 2471 1131 2504 incerto
1155 2484 1278 2506 rerum
1304 2472 1426 2506 cursui
1450 2481 1488 2504 se
1515 2482 1619 2504 com-

155 2515 282 2548 mittit.
308 2536 356 2542 —-
405 2515 516 2550 Casus
541 2517 668 2552 bellici
695 2518 755 2553 vel
780 2523 941 2551 coactam
975 2518 1165 2552 audaciam
1190 2521 1238 2554 iis
1270 2519 1524 2564 suppeditant,
1551 2518 1617 2563 qui

155 2562 321 2606 pericula
345 2563 502 2606 adeunt,
537 2564 597 2598 vel
621 2565 743 2599 oblata
781 2565 1011 2600 immunitate
1037 2562 1271 2611 prudentiam
1304 2577 1386 2599 cum
1419 2566 1617 2599 securitate

158 2608 355 2652 exhibent3
386 2610 436 2643 ita
473 2615 515 2644 ut
547 2613 620 2645 iam
651 2615 799 2646 necess'e
831 2622 907 2646 non
931 2612 980 2645 sit
1003 2611 1197 2648 subitaneo
1222 2614 1346 2660 potius
1372 2623 1482 2660 opere
1507 2622 1617 2657 quam

156 2656 302 2701 proviso
329 2658 483 2691 consilio
510 2668 629 2704 agere.
1371 2690 1374 2691 γ
1607 2656 1610 2661 ¹

251 2702 349 2737 Haec
374 2705 487 2748 igitur
505 2711 740 2750 reputantes,
764 2716 811 2738 ne
835 2709 1018 2738 certamen
1029 2705 1167 2740 ineatis
1187 2706 1258 2751 ipsi
1283 2705 1430 2740 auxiliis
1444 2704 1617 2743 destituti,

158 2747 327 2784 adversus
346 2749 527 2794 homines,
551 2754 618 2799 qui
642 2752 799 2787 fortibus
813 2751 929 2799 copiIs
950 2749 1181 2799 praevalent,
1207 2753 1348 2801 quique
1365 2751 1483 2800 multo
1506 2753 1614 2800 equi-
