1924 3164
333 138 405 192 30
541 199 545 203 ,
749 154 1028 199 EXCERPTA
1069 156 1103 196 E
1140 119 1373 198 mzxmp'o

320 256 424 315 σύνῃ
454 258 501 300 δὲ
527 260 775 314 φθείρεται·
829 256 965 300 ἓλοιτό
1005 274 1048 300 τε
1091 253 1144 299 ἂν
1171 257 1371 311 οιῗδαμῶς
1408 251 1501 310 τις,
1539 257 1663 314 ἄνδρί
1689 259 1773 300 ἔοι-

323 322 407 372 κως
435 326 722 379 προτιμᾶσθαι
749 322 904 379 ἑτέρων
949 319 1136 373 ἀξιοῦντι
1174 325 1249 366 καί
1276 324 1422 378 μεῖζον
1471 325 1516 373 ἐς
1541 321 1590 365 τὸ
1634 322 1774 366 κοινὸν

321 395 516 446 φρονεῖν,
563 387 787 448 καταλύειν
814 391 875 438 εἰς
905 385 1057 431 ἑαυτὸν
1072 387 1161 444 ,τὴν
1187 387 1325 446 κοινὴν
1367 383 1586 443 εὔκλειαν,
1631 389 1670 430 εἰ
1709 383 1769 442 μή

318 458 379 512 τῷ
404 454 612 509 συμβάντι
638 456 819 511 ἑξωσθῇ.
846 481 902 488 -—
957 456 1066 510 μηδὲ
1094 453 1168 497 τὸν
1195 456 1273 508 μὲν
1290 451 1529 505 οἶντίπαλον
1579 452 1699 504 δόξαι
1726 454 1770 495 έ-

318 518 634 576 πιθεραπεύειν,
673 522 865 576 παρορᾷν
894 521 941 563 δὲ
967 518 1078 574 τό,τε
1104 521 1307 578 ἡμέτερον
1347 518 1546 578 φρόνημα
1584 518 1658 562 καί
1691 517 1796 573 vm

319 587 367 628 ἐκ
396 587 474 628 τοῦ
501 587 606 627 θεοῦ
637 585 894 642 ὑπουργίαν,
941 582 995 641 ἢν
1019 585 1105 643 χρή
1135 584 1372 636 πεύσαντας
1419 588 1475 628 δι’.
1505 585 1647 628 αὐτῶν
1674 582 1771 640 νοή-

200 654 511 694 Β.32οσασθαι·
564 653 780 706 περιέσται
817 650 896 709 γὰρ
926 651 1029 706 ὑμῖν
1069 650 1116 694 τὸ
1143 653 1218 707 τῆς
1247 651 1468 706 δαιμονίοις
1496 651 1683 707 σπουδῆς
1709 646 1768 704 μή

315 713 510 767 ἀναξίους
546 718 754 772 φανῆναι,
798 716 872 760 καί
908 715 960 760 τοί
987 734 1031 759 τε
1059 720 1207 771 ἕτοιμα
1236 719 1279 767 ἐς
1306 717 1353 760 τὸ
1382 714 1613 759 ὑπακούειν
1644 716 1771 757 οἴκει-

314 780 528 836 ω’σασθαι,
562 783 637 823 καί
660 780 712 824 τοὶ
743 781 806 825 ἔτι
822 785 1027 844 μέλλοντα
1042 782 1120 826 σὺν
1142 783 1332 838 ἐκπλήξει
1352 783 1428 825 τοῦ
1453 782 1610 837 οἷδήλου
1638 796 1770 837 προσ-

316 846 519 901 ἄγεσθαι.
596 847 849 905 σωφροσύνη
906 851 953 892 δὲ
996 850 1164 906 ἀνδρῶν
1217 856 1301 899 τοῖς
1345 865 1390 891 τε
1431 851 1478 891 ἐκ
1498 843 1502 846 ’
1520 851 1594 904 τῆς
1636 844 1823 903 τύχηςιο

311 914 666 969 προφαινομένοις
706 909 756 956 εὖ
790 914 1052 971 χρήσασθαι,
1082 914 1155 957 καί
1181 911 1271 968 ἅμα
1299 916 1462 957 συνέσει
1490 916 1535 964 ἐς
1559 912 1636 964 τὰς
1657 911 1767 969 πρά-

312 982 397 1030 ξεις
424 977 563 1030 ἰόντας
588 980 649 1036 μὴ
692 983 890 1036 παριέναι
917 981 1002 1023 τῶν
1032 982 1178 1023 κοινῶν
1205 979 1254 1023 τὸ
1285 978 1664 1038 ἑφεστηκὸς,ωμηδὲ
1688 995 1766 1033 με-

310 1042 549 1087 ταστάντων
577 1046 636 1096 εἰς
672 1047 954 1100 μεταμέλειαν
996 1043 1113 1101 ἥκειν
1152 1048 1231 1088 τοῦ
1265 1048 1578 1102 παροφθέντος.
1633 1041 1763 1100 ἀρετὴ

307 1110 336 1165 ἦ
363 1111 443 1164 μὲν
470 1114 684 1168 πρωτίστη
718 1114 762 1155 ἐν
789 1114 846 1170 τῷ
873 1111 926 1155 τοὶ
974 1111 1174 1169 κράτιστα
1213 1108 1265 1154 εὖ
1291 1115 1467 1167 γνῶναι,
1513 1111 1765 1166 δευτέραδὲ

306 1177 335 1231 ἦ
365 1178 411 1220 ἐν
439 1175 591 1234 ἔργοις.
646 1175 808 1235 ἆμφοῖν
837 1179 883 1221 δὲ
916 1175 938 1219 ὃ
966 1177 1114 1234 παρών
1140 1178 1290 1235 καιρὸς
1318 1179 1479 1231 δεῖται,
1507 1177 1581 1218 καὶ
1605 1177 1683 1218 τοῦ
1710 1181 1818 1230 γειό

307 1239 510 1297 πράττειν
542 1240 816 1296 ἑτοιμοτάτου
834 1277 847 1297 ,
877 1244 935 1294 ὥς
965 1242 995 1299 ἥ
1017 1260 1064 1299 γε
1092 1239 1197 1286 ἄνευ
1223 1245 1299 1286 τοῦ
1325 1244 1572 1300 προμηθοῦς
1600 1240 1679 1284 σύν
1703 1243 1763 1298 τῷ

310 1304 446 1350 ὀκνεῖν
471 1308 668 1364 μέλλησις
697 1308 884 1365 χρηστὸν
911 1311 989 1363 μὲν
1017 1307 1138 1352 οὐδὲν
1165 1306 1334 1365 ἤνεγκεν
1354 1341 1366 1363 ,
1394 1307 1495 1358 τούς
1523 1309 1570 1349 δὲ
1597 1323 1764 1363 χρησα-

306 1376 463 1427 μένους
502 1373 700 1424 πολλάκις
738 1377 803 1417 ἐπ’
843 1371 985 1418 οὖδενί
1021 1378 1177 1434 μετρίῳ
1214 1374 1395 1432 ἔσφηλε.
1448 1375 1647 1416 ταπειναί
1681 1375 1760 1427 μὲν

308 1435 386 1482 οὖν
414 1437 566 1496 φύσεις
608 1440 686 1482 οιῖκ
724 1438 1034 1498 εὐπαράκλητοι
1062 1443 1106 1491 ἐς
1133 1439 1322 1496 σπουδήν
1349 1442 1431 1483 τῶν
1459 1438 1663 1496 ιῖρίστων,
1694 1440 1760 1480 δια

308 1504 374 1547 ότι
400 1504 756 1561 παραδειγμάτων
785 1523 829 1549 τε
853 1510 992 1550 καλῶν
1020 1504 1272 1564 ἀμοιροῦσιν
1320 1507 1437 1549 ἰδίων
1463 1520 1509 1548 τε
1535 1506 1608 1547 καί
1633 1506 1815 1551 πατέ-ασ

307 1587 396 1628 ρων
420 1573 506 1614 τῶν
534 1568 711 1627 ἑαυτῶν,
745 1573 820 1616 καί
849 1576 903 1631 τῇ
929 1575 1051 1631 σφῶν
1083 1576 1161 1628 μὲν
1190 1571 1415 1632 ἆνανδρείᾳ
1445 1571 1759 1629 ῥᾳθυμοτέρως

398 1654 432 1698 4.
452 1653 598 1701 ἐξωσθῇ
622 1655 687 1697 N.,
712 1655 901 1703 ἐξισωσθῇ
928 1658 984 1692 ed.
1087 1657 1235 1698 δόξαιτε
1257 1654 1542 1703 θεραπεύεινΝ.
1654 1654 1762 1695 ,Saf-

396 1701 557 1747 μέτερον
587 1701 630 1734 Ν.
702 1704 735 1737 6.
765 1696 788 1749 ᾗ
809 1701 880 1749 χρὴ
906 1705 1184 1742 πιστεύσαντας
1210 1704 1302 1737 coni.
1322 1705 1359 1737 B.
1409 1707 1440 1740 8.
1465 1702 1678 1737 ὑπακούειν
1702 1701 1762 1744 N„

401 1747 610 1782 ἐπακούειν
636 1748 696 1782 ed.
751 1761 803 1784 ιο.
831 1751 1062 1797 σωφροσύνη
1087 1753 1147 1792 Β.,
1177 1750 1408 1797 σωφροσύνῃ
1435 1749 1490 1783 ed.
1588 1761 1639 1783 ιι.
1662 1748 1762 1794 χρῆ-

400 1797 544 1828 σασθαι
566 1795 622 1836 Ν.,
649 1795 866 1838 κτήσασθαι
889 1798 946 1830 ed.
1038 1810 1091 1843 ¹7·
1115 1795 1205 1835 τούς
1220 1795 1261 1832 δὲ
1283 1798 1546 1845 χρησαμένους
1561 1814 1609 1823 -—-
1629 1794 1760 1831 οὐδενὶ

398 1840 456 1883 Ν.,
478 1846 557 1878 τοῖς
582 1840 623 1876 δὲ
645 1846 900 1890 χρησαμένοις
915 1863 963 1871 -
984 1844 1097 1881 οὐδὲν
1121 1844 1176 1879 ed.

305 1909 419 1956 piam,
445 1910 511 1956 qui
547 1920 585 1943 se
611 1913 740 1945 ceteris
773 1917 956 1947 antestare
998 1925 1041 1947 ac
1080 1913 1258 1959 dignitate
1293 1912 1333 1946 in
1369 1923 1441 1957 rep.
1472 1911 1752 1958 fulget-event,

305 1957 494 2003 publicam
515 1958 665 2002 gloriam
687 1969 751 1992 sua
779 1959 886 2004 culpa
908 1960 1079 1994 imminui
1098 1971 1215 2006 aequo
1241 1960 1362 1993 animo
1391 1959 1504 2001 feret,
1535 1958 1607 1991 nisi
1630 1968 1754 1991 rerum

305 2004 526 2037 necessitate
553 2004 702 2049 cogitur.
728 2026 775 2032 —
809 2006 938 2052 Neque
954 2007 1159 2041 adversario
1177 2006 1375 2040 videamini
1397 2006 1572 2052 obsequi,
1595 2010 1753 2039 vestram

307 2055 432 2083 autem
461 2051 717 2085 confidentiam
735 2051 917 2095 abiicere,
950 2055 1093 2100 Deique
1121 2054 1230 2087 etiam
1261 2053 1436 2086 auxilium
1462 2061 1652 2097 spernere,
1677 2062 1751 2098 quo

306 2096 540 2138 fretosbono
560 2099 682 2132 animo
701 2110 762 2132 vos
786 2111 863 2134 esse
890 2106 1045 2145 oportet.
1095 2100 1241 2145 Quippe
1260 2100 1443 2144 reliquum
1466 2098 1570 2132 vobis
1597 2098 1687 2138 erit,
1711 2102 1754 2131 ut

307 2153 356 2176 ne
382 2142 504 2177 divina
529 2155 613 2177 cura
638 2145 781 2191 indigni
807 2147 1023 2190 videamini,
1049 2153 1158 2194 atque
1183 2152 1225 2180 ut
1249 2156 1386 2187 omneS,
1414 2146 1479 2191 qui
1504 2144 1551 2179 ad
1574 2143 1753 2178 obedien-

308 2188 396 2222 dum
419 2191 537 2234 parati
562 2197 664 2233 sunt,
690 2193 792 2226 vobis
817 2193 1042 2240 adiungatis;
1075 2205 1148 2236 eos,
1174 2194 1238 2240 qui
1273 2197 1500 2234 cunctantur,
1532 2192 1752 2225 incertorum

308 2246 457 2270 casuum
480 2242 579 2270 metu
604 2240 817 2273 concilietis.
865 2241 929 2275 Est
956 2246 1077 2276 autem
1097 2240 1275 2274 humanae
1297 2240 1575 2284 temperantiae,
1596 2237 1704 2272 bonis
1729 2249 1752 2271 a

307 2282 456 2316 fortuna
481 2283 614 2318 oblatis
639 2291 737 2319 recte
762 2288 836 2329 uti,
861 2287 1042 2335 simulque
1058 2288 1239 2333 sapienter
1253 2287 1398 2332 negotia
1414 2284 1625 2326 tractando,
1648 2283 1751 2317 haud

306 2330 491 2374 negligere
515 2330 673 2364 futuram
697 2331 926 2377 publicarum
952 2345 1071 2368 rerum
1096 2340 1246 2375 sortem,
1271 2343 1411 2379 neque,
1440 2333 1471 2366 si
1488 2343 1543 2366 res
1563 2332 1670 2365 aliter
1689 2341 1750 2364 ce-

309 2376 485 2417 ciderint,
511 2388 586 2410 rem
612 2378 778 2412 omissam
802 2391 909 2426 aegre
932 2382 1037 2415 ferre.
1084 2381 1199 2416 Prima
1226 2382 1340 2414 virtus
1364 2385 1432 2421 est,
1461 2379 1551 2425 quid
1572 2377 1750 2422 optimum

307 2424 368 2464 sit,
393 2428 488 2457 recte
512 2423 707 2468 dispicere;
733 2428 896 2470 proxima
920 2428 959 2461 in
972 2429 1110 2473 agendo
1129 2431 1308 2463 versatur:
1332 2433 1487 2472 utraque
1504 2430 1624 2458 autem
1642 2434 1749 2468 prae-

307 2480 389 2503 sens
414 2475 557 2515 tempus
583 2470 745 2515 indiget,
773 2472 809 2506 et
837 2479 1024 2518 praeterea
1046 2474 1313 2520 promptissimo
1337 2484 1456 2519 opere.
1489 2472 1594 2514 ,Nam
1616 2469 1747 2515 agendi

306 2527 408 2550 mora
430 2517 583 2550 consilio
608 2517 783 2552 destituta
799 2519 894 2553 nihil
915 2522 1007 2555 utile
1018 2523 1170 2564 efficiet3
1194 2521 1303 2554 immo
1320 2522 1359 2561 ii,
1378 2521 1442 2565 qui
1464 2519 1515 2552 ita
1535 2529 1572 2551 se
1594 2521 1744 2563 gerunt,

307 2574 384 2597 non
414 2563 609 2597 mediocria
637 2564 856 2600 detrimenta
890 2579 1016 2611 capere
1052 2569 1181 2605 solent.
1229 2567 1305 2612 Qui
1336 2578 1418 2612 ergo
1442 2566 1639 2598 humiliore
1661 2563 1744 2597 loco
1787 2592 1790 2595 Α

307 2609 387 2644 nati
404 2615 509 2652 sunt,
534 2610 634 2643 haud
654 2611 761 2644 facile
783 2613 829 2646 ad
853 2615 1012 2648 studium
1034 2626 1152 2649 rerum
1172 2615 1386 2659 optimarum
1409 2613 1588 2646 hortando
1611 2611 1743 2655 impel-

306 2656 456 2695 luntur:
480 2662 605 2692 carent
624 2658 720 2691 enim
743 2659 947 2694 illustribus
985 2661 1177 2707 exemplis,
1202 2662 1275 2695 sive
1300 2662 1374 2694 suis
1398 2660 1555 2705 propriis
1579 2658 1655 2692 sive
1671 2667 1743 2702 pa·-

306 2704 475 2739 rentium.
503 2704 570 2739 ‘Et
595 2703 635 2738 hi
665 2705 813 2752 quidem
839 2706 886 2742 ob
911 2718 1013 2743 suam
1049 2708 1224 2754 ignaviam
1253 2706 1437 2743 socordius
1459 2707 1556 2744 vitae
1582 2704 1742 2752 ratione·
