1924 3164
283 172 394 244 298
721 198 723 200 ·
860 193 1133 235 EXCERP'rA

100 289 329 338 Δ.ε.568τὰ
353 292 601 345 (Ρωμαίων,
631 294 704 334 καί
726 295 827 350 παρ’
859 289 1013 344 αὐτοὺς
1040 289 1163 337 α’ίνιον
1192 295 1460 350 ἀποκομίζειν
1483 298 1558 355 τήν
1582 303 1715 355 μέτα·

106 349 374 441 Ιυέἰῖἓέὲξαν,
404 355 461 407 ὥς
485 374 531 412 γε
558 359 631 398 καί
655 357 762 399 κατὰ
791 357 838 401 vd
860 360 982 402 πλέον
1009 362 1092 402 τῶν
1117 355 1254 404 ἄλλων
1281 363 1516 420 ἀνθρώπων
1540 371 1712 423 χρωμέ-

281 438 390 472 νους.
444 420 688 475 ἑτοιμότατοι
725 424 772 466 δὲ
810 422 921 479 ἔχειν
948 422 1029 482 ἔφη
1057 422 1079 466 ὃ
1108 425 1295 482 Μανιὰχ
1326 430 1400 471 καί
1424 430 1553 480 αὐτὸς
1581 449 1710 476 συνα-

279 490 444 544 παίρειν
479 492 564 536 τοῖς
604 488 828 544 πρέσβεσιν
868 493 951 533 τῶν
983 491 1202 548 Τούρκων·
1249 492 1322 535 καὶ
1348 493 1405 543 nic,-
1434 494 1564 553 ταύτῃ
1594 500 1711 553 φίλοι

278 552 440 595 ἔσονται
462 553 678 607 (Ρωμαΐοί
693 571 737 597 τε
767 555 841 598 καί
871 558 1058 614 Τοῦρκοι.
1097 558 1262 608 τούτοις
1290 558 1425 614 δήπου
1453 561 1738 613 κατανεύσας5

277 625 365 667 τοῖς
392 617 577 675 ῥήμασιν
614 619 640 662 ὅ
675 619 936 676 Διζάβουλος
963 623 1160 677 ἐκπέμπει
1198 624 1328 668 αὐτόν
1366 642 1412 668 τε
1443 629 1516 669 καί
1543 625 1711 684 ἑτέρους

275 683 391 733 τινας
433 682 488 734 ὥς
521 688 699 740 βασιλέα
741 685 969 742 ζΡωμαίων
1009 692 1422 745 πρεσβευσομὲνους,
1459 690 1710 749 προσρήσεις

273 766 319 793 τε
344 747 672 805 ἆποκομιοῢντας
702 752 777 796 καί
801 755 918 810 δῶρα
946 753 1143 811 μετάξης,
1184 752 1260 797 οὖκ
1297 753 1436 812 ὀλίγον
1471 774 1514 801 τι
1537 761 1708 815 χρῆμα,

157 827 270 862 nme
283 817 354 858 καὶ
382 816 595 872 συλλαβάς
620 834 752 870 τινας.
806 821 974 862 τοιάσδε
1011 820 1129 870 τινὰς
1157 821 1378 874 ἐπιστολὰς
1413 824 1715 881 ἐπιφερόμενος

272 880 294 924 ὃ
321 881 506 937 Μανιάχ
536 880 747 941 οἷπήρξατο
775 886 850 941 τῆς
878 885 1130 943 ὁδοιπορίας.
1185 889 1259 930 καί
1287 886 1338 944 δὴ
1369 889 1413 937 ἐς
1440 888 1495 931 τὰ
1522 887 1765 943 μάλισταιο

269 946 424 1004 πολλὴν
465 947 668 999 διανύσας
706 949 917 1007 οἷτραπὸν,
955 951 1124 1007 χώρους
1160 968 1207 994 τε
1247 952 1428 997 διελθών
1453 952 1566 997 ἐσότι
1593 956 1708 996 πλεί-

267 1030 413 1068 στους,
452 1008 529 1070 ὅρη
562 1031 608 1057 τε
643 1017 816 1070 μέγιστα
851 1016 926 1059 καὶ
960 1018 1171 1074 α’γχινεφῆ
1209 1020 1283 1061 καί
1309 1019 1433 1061 πεδία
1458 1020 1533 1061 καί
1554 1019 1708 1073 νάπας,

264 1081 414 1133 mame,-
438 1095 482 1122 τε
508 1082 582 1122 καί
606 1081 818 1134 ποταμοὺς
834 1114 846 1135 ,
883 1079 974 1124 εἶτα
1012 1080 1085 1125 τὸν
1112 1081 1344 1126 Καύκασον
1370 1082 1503 1127 αὐτὸν
1529 1083 1576 1127 ’τό
1610 1079 1708 1141 ὅρος

265 1143 530 1200 ὑπερελθών,
561 1143 609 1186 τὸ
638 1150 873 1188 τελευταῖον
901 1147 1076 1202 ἄφίκετο
1103 1147 1149 1195 ἐς
1174 1147 1428 1199 Βυζάντιον.
1470 1151 1545 1192 καὶ
1567 1151 1718 1192 τοίνυν.

264 1211 323 1259 εἷς
349 1207 398 1251 τοὶ
427 1211 621 1264 βασίλεια
641 1209 863 1266 παρελθών
882 1210 955 1253 καί
970 1211 1086 1268 παρὰ
1116 1214 1294 1266 βασιλέα
1327 1215 1547 1268 γενόμενος
1573 1212 1763 1260 ἅπαν-45

263 1291 318 1316 τα
346 1273 497 1332 ἔπραξε
525 1274 580 1318 τὰ
607 1272 688 1319 ὅσα
712 1278 856 1319 ἕπεται
880 1278 940 1335 τῷ
963 1278 1038 1333 τῆς
1066 1279 1214 1334 φιλίας
1239 1281 1397 1338 θεσμῷ,
1418 1280 1539 1335 'triste
1571 1279 1708 1337 γράμ-·

261 1356 324 1393 μοι
365 1342 438 1383 καί
476 1340 528 1383 τοὶ
567 1342 683 1398 δῶρα
722 1341 952 1398 ἐνεχείρισε
989 1347 1076 1393 τοῖς
1117 1343 1161 1393 ἒς
1187 1346 1313 1386 τοῦτο
1342 1342 1596 1401 οἷνειμένοις,
1634 1348 1708 1389 καὶ

230 1407 399 1447 Βὲδεῖτο
439 1404 497 1462 μὴ
537 1401 760 1462 ἀνονήτους
815 1404 926 1465 αὐτῷ
974 1410 1171 1462 γενέσθαι
1207 1408 1309 1458 τούς
1358 1413 1433 1465 τῆς
1469 1410 1706 1467 ὁδοιπορίας

261 1470 455 1528 ἱδρῶτας.
510 1470 617 1528 οἷτοὶρ
648 1472 670 1514 ὅ
695 1470 892 1527 βασιλευς
922 1469 1224 1528 ἇναλεξάμενος
1263 1474 1334 1517 διὰ
1376 1478 1459 1519 τῶν
1494 1474 1706 1532 ἑρμηνέων

160 1543 201 1578 V.
217 1544 257 1588 73
271 1536 317 1579 τό
351 1535 527 1592 γράμμα
565 1537 610 1580 τὸ
641 1538 849 1581 Σκυθικὸν
884 1539 1171 1592 ἀσμενέστατα
1213 1538 1451 1597 προσήκατο
1484 1540 1560 1597 τὴν
1602 1557 1757 1597 πρε-πο

261 1604 421 1656 σβειῖιν.
472 1607 693 1661 τοιγαροῦν
718 1601 840 1661 ἤρετο
869 1603 966 1654 τούς
995 1607 1188 1662 πρέσβεις
1218 1608 1317 1662 περὶ
1347 1609 1422 1663 τῆς
1450 1608 1533 1649 τῶν
1564 1609 1697 1664 Γούρ-

260 1685 344 1711 κων
370 1669 587 1725 ἡγεμονίας
612 1686 657 1712 τε
688 1672 762 1713 καί
783 1669 943 1728 χώρας.
999 1670 1037 1713 οἱ
1069 1673 1116 1713 δέ
1143 1687 1190 1726 γε
1217 1670 1385 1728 ἔφασαν
1404 1673 1599 1729 τέτταρας
1623 1669 1702 1715 αὗ·-

350 1782 382 1806 2-
408 1767 458 1808 ὥς
483 1779 530 1815 γε
553 1771 605 1811 B„
628 1768 728 1804 ὥστε·
747 1771 840 1815 vulg.
946 1772 978 1806 3.
1004 1770 1045 1805 δὲ
1073 1772 1124 1813 Β.,
1147 1772 1212 1805 καὶ
1237 1772 1331 1816 vulg.
1451 1769 1565 1810 αδτὸς
1589 1779 1702 1806 συνα-

352 1819 508 1864 παίρειν
532 1818 582 1857 Β.,
608 1815 726 1851 αὐτὸν
749 1814 819 1851 οὖν
843 1817 1022 1861 ἀπαίρειν
1034 1818 1128 1864 vulg.
1222 1830 1257 1865 7.
1280 1820 1631 1865 πρεσβευσαμένους
1644 1818 1701 1855 ed.

348 1863 426 1897 Par.
547 1865 598 1899 13.
635 1862 753 1900 αὐτὸν
777 1865 835 1906 Β.,
860 1862 951 1898 αὐτὸ
979 1865 1071 1910 vulg.

259 1966 457 2012 proficisci,
474 1969 516 1999 ut
526 1964 678 1998 Romani
702 1969 739 1998 et
753 1965 863 1999 Turci
884 1965 952 2000 hac
979 1967 1190 2001 conditione
1203 1966 1333 2002 fierent
1355 1968 1470 2002 amici.
1496 1967 1560 2001 His
1578 1967 1700 2001 verbis

259 2012 456 2047 Disabulus
481 2023 646 2046 assensus
670 2012 785 2045 mittit
816 2013 935 2057 ipsum
971 2019 1009 2046 et
1043 2014 1220 2060 quosdam
1254 2016 1367 2054 alios,
1391 2016 1455 2060 qui
1479 2013 1698 2060 legationem

261 2058 407 2092 obirent
438 2058 541 2105 apud*
561 2060 817 2103 Imperatorem
848 2059 1072 2100 Romanum,
1109 2061 1217 2106 eique
1251 2062 1510 2106 gratulationes
1542 2066 1580 2094 et
1602 2060 1698 2093 dona

259 2107 367 2140 serici
389 2116 463 2139 non
498 2107 599 2150 parvi
631 2106 742 2149 pretii
767 2117 839 2138 una
863 2116 942 2138 cum
977 2106 1109 2139 litteris
1140 2107 1332 2141 deferrent.
1380 2108 1482 2141 Hanc
1505 2107 1696 2152 epistolam

259 2152 380 2186 ferens
419 2152 587 2185 Maniach
615 2153 655 2185 in
684 2152 779 2184 viam
802 2162 849 2184 >se
882 2152 994 2186 dedit.
1056 2152 1145 2186 Cum
1177 2154 1325 2198 longum
1362 2154 1503 2187 itineris
1538 2154 1695 2199 spatium

260 2198 474 2232 confecisset
498 2199 703 2243 multasque
727 2198 892 2242 regiones
908 2205 1141 2244 peragrasset,
1165 2206 1304 2234 montes
1328 2205 1539 2245 praeruptos
1564 2205 1602 2232 et
1625 2212 1696 2233 un-

261 2243 373 2289 dique
397 2244 543 2278 nivibus
569 2250 778 2289 coopertos,
814 2246 893 2278 loca
918 2246 1025 2290 plana
1050 2251 1087 2280 et
1117 2247 1270 2288 silvosa,
1293 2246 1446 2292 paludes
1470 2251 1507 2280 et
1529 2246 1698 2287 flumina,

261 2290 394 2324 deinde
419 2291 616 2324 Caucasum
640 2297 867 2336 superasset,
901 2293 1110 2335 Byzantium
1144 2293 1331 2339 pervenit,
1357 2297 1394 2325 et
1416 2293 1455 2325 in
1479 2293 1614 2338 regiam
1637 2293 1697 2325 in-

259 2336 446 2370 troductus
482 2337 527 2369 ad
553 2339 809 2383 Imperatorem
835 2341 992 2372 accessit.
1041 2340 1110 2372 Hic
1134 2341 1256 2373 omnia
1281 2345 1469 2374 exsecutus
1495 2344 1573 2380 est,
1602 2349 1695 2385 quae

257 2384 354 2416 inter
377 2385 490 2417 socias
516 2390 638 2429 gentes
662 2384 844 2418 observari
861 2386 991 2427 solent,
1003 2390 1040 2419 et
1063 2387 1202 2420 litteras
1227 2392 1264 2420 et
1286 2386 1380 2419 dona
1405 2386 1443 2418 in
1466 2395 1594 2419 manus
1619 2392 1697 2419 tra-

256 2429 354 2463 didit
377 2440 512 2470 eorum,·
536 2441 687 2475 quorum
714 2431 784 2466 hoc
804 2431 957 2465 officium
981 2438 1067 2473 erat,
1095 2438 1132 2466 et
1154 2439 1320 2477 precatus
1345 2437 1421 2473 cst,
1446 2443 1492 2465 ne
1517 2431 1590 2465 sibi
1614 2432 1699 2465 irri-

256 2476 286 2509 ti
311 2477 439 2510 fierent
464 2481 535 2509 tam
562 2477 659 2521 longi
685 2477 827 2512 itineris
852 2478 1011 2512 sudores.
1058 2480 1257 2524 Imperator
1279 2484 1411 2519 autem,
1436 2477 1499 2511 ubi
1523 2479 1612 2524 legit
1631 2489 1697 2523 per

257 2523 491 2568 interpretem
515 2523 652 2556 litteras
679 2524 844 2568 Scythice
870 2526 1043 2570 scriptas,
1068 2526 1286 2571 legationem
1311 2525 1453 2558 lubenti
1481 2525 1601 2557 animo
1628 2523 1696 2557 ad-

255 2570 364 2602 misit.
420 2571 545 2614 Itaque
580 2571 715 2614 legatos
751 2577 1003 2615 percunctatus
1035 2571 1094 2605 'est
1126 2572 1171 2606 de
1197 2573 1396 2605 Turcorum
1430 2571 1635 2616 principatu
1659 2575 1698 2604 et

257 2617 422 2662 regione:
448 2617 502 2649 illi
529 2626 612 2649 vero
637 2617 922 2661 responderunt,
948 2623 1103 2663 quatuor
1130 2617 1228 2661 apud
1253 2629 1312 2651 eos
1337 2617 1608 2663 praefecturas,
1631 2617 1698 2651 sed

257 2674 432 2696 summum
459 2663 569 2696 totius
604 2663 718 2708 gentis
755 2664 946 2708 imperium
972 2675 1083 2708 penes
1118 2665 1234 2698 solum
1263 2665 1479 2698 Disabulum
1503 2675 1589 2698 esse.
1637 2662 1693 2696 Ad

255 2708 345 2742 haec
370 2709 539 2742 dixerunt
552 2708 733 2753 subegisse
749 2709 974 2754 Ephthalitas
988 2721 1122 2756 eosque
1147 2710 1323 2744 tributum
1347 2710 1505 2755 pendere
1523 2709 1691 2755 coegisse.

257 2756 406 2796 „Omnis
440 2756 573 2802 igitur,
612 2755 734 2802 iuquit
758 2757 978 2802 Imperator,
1003 2769 1023 2791 a
1045 2755 1148 2792 vobis
1177 2761 1231 2791 est
1255 2768 1378 2793 eversa
1403 2756 1699 2803 Ephthantarum*
