1924 3164
572 207 605 247 E
643 205 849 248 MALcm
891 205 1162 249 msromA.
1467 190 1579 265 273

137 309 190 366 τῇ
213 305 426 362 βασιλίδι,
452 308 698 364 τριβομένης
725 307 852 364 σφισί
873 311 947 364 τῆς
973 305 1165 362 ὁμιλίας,
1192 310 1267 352 καὶ
1291 309 1370 350 τοῦ
1396 307 1580 360 κάλλους

136 372 279 416 adrosa*
306 369 384 414 οὔκ
420 373 729 428 εὗπαροδεύτου
771 369 907 427 ὄντος,
946 369 1078 431 ἄμφω
1110 371 1300 431 ἀλλήλων
1325 372 1505 425 ἐκτόπως
1528 370 1579 432 ἦ·

135 456 251 496 ρων.
314 437 459 496 ῥίψεις
496 435 572 482 οὖν
616 438 817 492 ὀμμάτων
858 441 924 482 ἐπ’
950 439 1156 495 ἀλλήλους
1190 442 1368 495 ἐγίνοντο
1394 443 1470 483 καί
1496 457 1580 484 ποι-ι

134 507 393 562 ρεκστροφαί
438 510 625 559 συνεχεῖς
666 504 902 561 προσώπων
954 504 1029 548 καὶ
1068 506 1360 560 μειδιαμάτων
1394 503 1580 560 μεταδόυ

109 574 250 624 5σεις,
316 572 443 620 πόνος
478 586 522 613 τε
559 569 668 624 μετὰ
695 573 831 613 ταῦτα
863 568 1012 627 ἔρωτος
1055 571 1124 614 ὑπ’
1166 565 1268 625 ὄψιν
1305 573 1579 627 στεγομένου.

134 638 228 679 ἐπεὶ
255 638 302 679 δὲ
341 636 638 690 κοινωσάμενοι
663 634 710 678 τὸ
747 634 887 686 πάθος
912 635 1078 691 Δανιὴλ
1106 636 1295 695 εὐνούχῳ
1323 639 1396 680 καί
1420 640 1580 697 Μαρίᾳ

130 704 239 761 μαίᾳ
281 701 453 745 ι’άσαντο
499 702 622 743 τοῦτο
661 700 785 754 μόλις
811 703 862 759 τῇ
893 703 967 756 τῆς
991 699 1146 755 μίξεως
1172 703 1362 761 ἰατρείᾳ,
1390 703 1594 759 Ζηνωνίς,

131 770 386 811 Βασιλίσκον
424 765 497 810 διά
534 768 720 816 θωπείας
759 762 836 822 ἦγε
862 767 940 809 τοῦ
979 767 1059 810 τὸν.
1080 766 1263 824 ἐραστὴν
1301 767 1414 823 ἔχειν
1455 770 1502 811 ἐν
1527 769 1581 826 τῇ

130 831 251 876 πόλει
277 832 331 876 τά
358 838 545 889 πρωτεῖα
562 863 575 875 .
622 831 732 888 δρῶν
760 834 808 876 δὲ
839 834 1099 888 Θευδέριχος
1137 832 1373 887 τιμώμενον
1399 834 1446 876 ἐκ
1472 831 1580 876 πάν-

83 915 216 942 ιοτων
235 898 457 955 Ἀρμάτον,
485 895 691 955 ἤσχαλλεν
717 896 775 948 ὦς
800 899 1242 954 παρευδοκιμούμενος
1266 900 1313 942 ἐκ
1340 900 1460 954 νέου,
1486 917 1579 957 τρι-

125 967 218 1020 χῶν
257 965 387 1019 μόνον
423 964 498 1007 καὶ
531 966 604 1020 τῆς
647 958 776 1020 ἄλλης
817 963 1111 1020 φροντίζοντος
1146 966 1418 1018 σωμασκίας.
1487 963 1510 1008 ὃ
1539 967 1578 1008 δ’

123 1030 336 1087 Ἀρμάτος
372 1029 418 1072 ἔκ
441 1046 487 1072 τε
527 1032 665 1087 φορᾶς
690 1027 923 1086 χρημάτων
959 1031 1033 1072 καὶ
1056 1033 1178 1086 τιμῆς
1204 1026 1387 1074 &aldrov
1429 1047 1578 1088 τυφω-

127 1096 247 1151 θεὶς,
274 1094 426 1139 οὖδένα
455 1093 584 1138 αὖτοῦ
612 1091 713 1154 ᾤετο
740 1097 915 1138 διοίσειν
941 1097 1005 1138 ἐπ’
1033 1096 1222 1155 ἀνδρείᾳ.
1277 1096 1352 1139 καὶ
1375 1099 1574 1140 τοσοῦτον

129 1164 264 1206 αυ’τοῦ’
287 1159 363 1219 ἥδε
394 1160 419 1218 ἧ
449 1158 529 1218 ἄλη
556 1162 774 1218 ἐπεκράτει
783 1195 796 1215 ,
825 1159 882 1210 ὥς
909 1159 1062 1221 σκευήν
1091 1161 1401 1216 ἀναλαμβάνειν
1425 1162 1575 1217 Ἀχιλ-

80 1230 233 1278 ιόλὲως
249 1262 260 1283 ,
317 1224 426 1271 οὕτω
446 1243 492 1270 τε
519 1226 776 1283 περιβαίνειν
794 1228 854 1277 εἷς
881 1228 1008 1270 ἵππον
1034 1229 1106 1269 καί
1133 1226 1240 1270 κατὰ
1267 1226 1343 1270 τὸν
1368 1225 1574 1284 ἱππόδρο-

124 1311 208 1349 μον
251 1291 543 1351 φρυάττεσθαι
579 1293 655 1335 τοῦ
693 1290 805 1350 οἴκου
825 1322 837 1333 .
903 1293 1024 1348 ἐξῆρε
1052 1294 1101 1335 δὲ
1126 1295 1274 1335 τοῦτον
1308 1296 1439 1336 πλείω
1466 1292 1574 1349 πρὸς

124 1359 325 1415 τοιαύτην
355 1359 483 1409 δόξαν
507 1360 739 1411 μαίνεσθαι
765 1355 811 1400 τὸ
842 1355 924 1399 ὗπὸ
959 1358 1098 1413 δήμου
1119 1356 1338 1414 σύρφακος
1365 1360 1411 1402 ἐν
1437 1359 1572 1416 εὔφη-

121 1428 242 1479 μίαις
271 1426 575 1468 ἀνακαλεῖσθαι
599 1419 813 1479 Πύρῥον.
881 1419 928 1471 ὃς
956 1425 997 1466 εἰ
1019 1424 1098 1476 μὲν
1118 1419 1254 1472 οὕτως
1281 1422 1385 1478 ἐβόα
1417 1422 1490 1466 διά
1518 1423 1568 1468 τό

123 1489 506 1547 ἐρυθροπρόσωπον
533 1485 666 1544 εἶναι,
694 1488 831 1543 ἔλεγεν
858 1487 1025 1532 εἰκότα·
1101 1489 1144 1531 εἰ
1165 1491 1203 1531 δ’
1231 1489 1290 1540 ὦς
1315 1487 1423 1545 πρὸς
1450 1487 1572 1533 ἔπαι-

70 1573 193 1601 αονον
220 1557 442 1613 οἷνδρείας,
486 1554 653 1610 ἔθελγεν
680 1554 736 1605 ὥς
763 1556 881 1597 νέον.
937 1553 988 1598 οὖ
1014 1554 1096 1611 γὰρ
1125 1551 1269 1612 ἥρωας
1295 1553 1482 1611 ἔβαλλεν,
1510 1556 1571 1608 αἷς

121 1621 325 1681 Πύρρος,
354 1620 460 1671 ἄλλά
489 1620 748 1678 γυναιμανῆς
774 1617 839 1678 ἧν,
868 1619 924 1672 ὥς
951 1618 1127 1678 Πάρις.
1182 1623 1299 1666 Suid·
1326 1638 1362 1666 s.
1387 1638 1432 1665 υ.
1476 1657 1478 1659 ,

121 1745 169 1780 do
195 1746 333 1780 diutius
357 1744 504 1780 duraret
530 1750 568 1780 et
590 1746 783 1790 utriusque
807 1745 921 1779 forma
943 1755 1021 1780 non
1038 1744 1196 1789 vulgaris
1214 1750 1329 1788 esset,
1355 1744 1464 1779 ambo
1486 1755 1571 1781 mu-

120 1798 186 1826 tuo
210 1803 330 1826 amore
353 1792 590 1826 vehementer
613 1792 738 1825 ardere
763 1796 977 1837 coeperunt.
1025 1792 1160 1826 Oculos
1183 1792 1295 1836 igitur
1320 1793 1361 1827 in
1395 1803 1434 1826 se
1459 1793 1572 1828 vicis-

121 1840 192 1871 sim
217 1839 486 1879 coniiciebant,
521 1844 559 1872 et
583 1838 707 1872 vultus
732 1838 891 1871 subinde
917 1837 1199 1880 convertebant,
1230 1844 1268 1871 et
1290 1839 1387 1872 inter
1411 1849 1450 1873 se
1473 1840 1571 1873 arri-

122 1885 270 1919 debant.
329 1886 423 1919 Hinc
448 1891 569 1919 autem
597 1884 703 1918 dolor
725 1895 770 1917 ex
796 1895 916 1917 amore
941 1890 1047 1917 natus
1072 1885 1177 1917 vultu
1214 1885 1415 1928 tegebatur.
1475 1886 1570 1919 Cum

121 1938 244 1967 autem
270 1944 375 1966 suum
398 1931 565 1965 morbum
589 1929 734 1964 Danieli
757 1930 924 1964 eunucho
950 1935 987 1964 et
1011 1931 1147 1964 Mariae
1172 1930 1362 1965 obstetrici
1386 1930 1571 1965 declaras-

121 1985 223 2021 sent,
248 1985 286 2013 et
308 1978 407 2013 hunc
430 1980 508 2023 ipsa
532 1979 648 2011 coitus
673 1976 854 2010 medicina
877 1978 939 2010 vix
963 1981 1169 2018 sanassent,
1203 1977 1356 2010 Zenonis
1391 1977 1567 2012 Basilisco

79 2028 81 2030 ’
120 2026 283 2060 blandiri
307 2027 449 2070 coepit,
474 2031 515 2059 ut
541 2029 679 2058 amator
702 2023 903 2067 principem
927 2023 967 2055 in
991 2022 1082 2056 urhe
1103 2024 1223 2056 locum
1242 2027 1392 2057 teneret.
1441 2022 1568 2058 Theo-

122 2073 264 2107 doricus
299 2077 420 2106 autem
459 2070 771 2110 animadvertens,
811 2070 996 2101 Armatam
1033 2069 1078 2102 ab
1119 2069 1290 2104 omnibus
1327 2070 1420 2111 coli,
1464 2069 1567 2115 quod

121 2120 235 2165 gloria
260 2124 492 2164 superaretur
514 2118 559 2152 ab
585 2117 838 2156 adolescente,
861 2115 925 2160 qui
950 2116 1099 2160 capillos
1126 2120 1269 2150 tantum
1301 2121 1339 2151 et
1373 2116 1465 2150 alias
1484 2127 1566 2151 cor-

120 2167 220 2211 poris
263 2167 540 2199 exercitationes
594 2164 762 2202 curabat,
807 2162 1075 2207 indignabatur.
1147 2162 1314 2196 Armatus
1353 2174 1439 2198 vero
1481 2174 1564 2198 cum

119 2218 270 2258 propter
292 2214 528 2258 pecuniarum
558 2210 802 2248 affluentiam,
841 2213 918 2241 tum
943 2210 990 2242 ob
1014 2208 1164 2242 honoris
1187 2209 1470 2254 amplitudinem
1503 2210 1565 2243 in-

119 2259 250 2300 flatus,
283 2259 466 2293 neminem
489 2257 704 2293 fortitudine
726 2267 762 2289 se
789 2255 1088 2301 praestantiorem
1111 2256 1191 2289 sore
1220 2256 1385 2300 putabat.
1440 2255 1563 2302 Atque

119 2305 182 2339 hic
205 2306 319 2351 ipsius
345 2318 443 2340 error
468 2312 505 2339 et
531 2305 622 2337 salsa
647 2304 798 2349 opinio,
824 2313 933 2347 quam
958 2301 1003 2335 de
1027 2313 1066 2336 se
1089 2306 1323 2346 conceperat,
1347 2303 1389 2337 in
1408 2311 1452 2336 eo
1476 2307 1563 2338 tan-

120 2357 199 2385 tum
225 2351 411 2394 obtinuit,
442 2357 485 2385 ut
506 2351 659 2385 Achillis
685 2349 853 2382 habitum
892 2353 930 2381 et
969 2349 1106 2382 cultum
1138 2354 1356 2388 assumeret,
1390 2354 1429 2382 et
1463 2359 1561 2394 equo

122 2403 266 2432 evectus
291 2411 357 2444 per
382 2399 510 2432 urbem
534 2399 585 2431 ita
611 2397 833 2439 circumiret,
870 2400 906 2428 ct
943 2394 983 2426 in
1029 2394 1277 2439 Hippodromo
1320 2395 1436 2430 instar
1473 2396 1562 2441 equi

121 2445 310 2487 fremeret,
334 2445 517 2485 hinniret,
541 2455 579 2478 se
605 2444 756 2476 iactaret
797 2446 908 2486 atque
944 2441 1115 2475 ferociter
1139 2443 1294 2479 efferret.
1349 2442 1458 2475 Hunc
1492 2454 1561 2475 au-

119 2496 195 2525 tem
226 2491 274 2524 ad
305 2491 519 2526 huiusmodi
554 2491 689 2536 gloriae
729 2490 906 2522 insaniam
939 2488 1049 2532 magis
1081 2487 1295 2532 impellebat
1322 2487 1402 2532 ipse
1434 2487 1557 2533 plebis

120 2539 287 2572 abiectae
311 2538 434 2580 favor,
475 2548 570 2584 quae
595 2536 700 2570 laetis
729 2534 1051 2568 acclamationibus
1076 2535 1195 2580 ipsum
1229 2534 1440 2579 appellabat
1470 2536 1557 2578 Pyr-

119 2585 236 2619 rhum.
285 2585 403 2631 Quae,
437 2586 469 2619 si
501 2583 649 2630 quidem
674 2584 793 2628 ipsum
817 2581 869 2614 ita
893 2580 1066 2622 vocabat,
1099 2580 1206 2628 quod<
1228 2581 1431 2618 rubicunda
1460 2581 1556 2615 facie

118 2632 305 2677 praeditus
331 2637 445 2672 esset,
469 2631 684 2665 verisimilia
710 2627 865 2661 dicebat.
914 2626 954 2661 Si
977 2637 1064 2661 vero
1088 2634 1130 2662 ut
1152 2627 1200 2661 ad
1222 2628 1449 2662 fortitudinis
1472 2628 1555 2661 lau-

119 2678 203 2712 dem
227 2677 318 2711 haee
341 2677 511 2718 dicebat,
536 2683 579 2711 ut
602 2674 870 2710 aeolescentem
895 2672 1107 2708 deliniebat.
1154 2675 1283 2719 Neque
1307 2675 1405 2708 enim
1424 2674 1556 2709 heroes

118 2725 203 2758 telis
227 2725 397 2770 petebat,
420 2730 462 2758 ut
483 2724 657 2768 Pyrrhus:
683 2721 748 2756 sed
768 2721 898 2755 insano
921 2720 1116 2756 mulierum
1139 2730 1263 2756 amore
1294 2721 1446 2766 flagrans
1475 2725 1555 2755 erat

121 2781 252 2817 easque
281 2770 494 2816 deperibat,
518 2776 561 2804 ut
583 2770 696 2806 Paris.

165 2839 374 2887 Dexippus,
397 2839 594 2886 Eunaptus
621 2847 687 2874 etc.
1247 2818 1290 2873 18
