1924 3164
321 184 434 243 556
517 206 573 246 H.
612 200 819 246 vAIAEsn
857 201 1042 245 NOTAE
1079 202 1135 243 IN
1175 199 1431 244 EXCERPT.
1452 203 1534 244 DE
1570 200 1762 246 LEGAT.

319 314 379 347 est
404 306 526 360 paulo
553 305 827 352 antefiTiberii
854 311 1026 344 mortem
1041 334 1053 356 ‚
1079 310 1126 344 ut
1152 318 1178 344 a
1205 303 1430 345 Menandro
1452 306 1644 360 scriptum
1677 320 1760 346 esse

317 369 486 402 testatur
509 359 836 414 Theophylactus
866 362 909 399 in
931 359 1003 399 lib.
1037 374 1072 399 1.
1106 373 1196 412 cap.
1226 359 1265 398 3.
1530 408 1536 411 ⁷

427 416 530 469 Pag.
567 415 654 469 175.
676 416 723 453 B.
746 413 864 470 [425‚
883 413 944 469 9.]
973 409 1019 460 ὃς
1042 408 1326 468 προσειώρησε
1362 413 1411 467 τῇ
1443 410 1661 464 Ῥωμαίων
1685 429 1760 454 πο-

318 471 466 524 λιτείᾳ.
518 470 656 509 Scribe
683 463 729 516 ὃς
760 465 1071 522 προσεχώρησε.
1126 469 1165 507 Is
1191 468 1412 508 Bocolabra
1436 468 1669 518 dicebatur,
1692 471 1762 523 qui

318 540 412 564 cum
439 538 521 563 una
546 539 568 564 e
591 524 768 578 Chagani
796 523 1003 576 pellicibus
1029 536 1284 577 congressus,
1304 523 1530 576 timensque
1550 538 1602 563 ne
1620 538 1762 577 graves

316 593 465 634 poenas
493 579 647 630 lueret,
676 578 727 618 ad
743 578 898 618 Turcos
929 578 1143 631 confugere
1174 585 1378 617 statuerat.
1437 578 1516 617 Sed
1547 579 1588 617 in
1621 580 1762 618 itinere

316 641 455 687 captus
473 648 498 674 a
525 635 708 675 Romano
735 633 863 684 duce,
887 633 939 672 ad
957 633 1197 672 Mauricium
1230 633 1516 685 Imperatorem
1553 634 1760 673 transmis-

317 703 385 728 sus
408 696 492 738 est,
528 697 575 729 ut
605 689 728 728 refert
750 687 1078 742 Theophylactus
1102 689 1144 727 in
1161 702 1246 740 cap.
1270 687 1312 727 8.
1336 687 1430 726 libri
1457 690 1588 741 primi.

428 745 538 783 Haec
563 751 682 792 sunt,
707 756 811 796 quae
841 743 892 782 ad
917 742 1129 781 Menandri
1155 742 1364 781 historiam
1399 742 1495 782 olim
1534 743 1574 782 in
1607 742 1761 782 schedis

318 806 633 851 annotaveram,
667 799 871 851 scriptoris
908 798 1062 846 eximii,
1107 798 1219 836 cuius
1261 796 1434 850 elogium
1486 798 1612 846 habes
1653 797 1761 850 apud

316 853 669 907 Theophylactum
711 853 753 891 in
783 851 856 892 lib.
896 866 932 892 1.
972 866 1063 905 cap.
1100 853 1155 902 5.,
1189 852 1260 905 qui
1287 854 1406 892 etiam
1440 853 1524 891 elus
1554 853 1761 892 historiam

314 909 576 948 continuavit.
631 907 735 947 Sunt
760 915 799 946 et
825 907 903 946 alia
930 906 1143 946 Menandri
1172 907 1393 960 fragmenta
1418 906 1621 948 luculenta
1653 907 1760 960 apud

315 963 484 1002 Suidam
513 964 554 1002 in
574 977 616 1002 v.
639 961 911 1015 Μένανδρος,
941 961 1050 1014 quod
1076 962 1345 1015 fragmentum
1364 962 1607 1014 descriptum
1633 969 1692 1000 est
1715 976 1762 1001 ex

315 1017 531 1057 Prooemio
558 1017 818 1057 historiarum
851 1016 1097 1067 Menandri,
1122 1017 1164 1055 in
1191 1031 1272 1070 quo
1298 1017 1348 1056 de
1374 1030 1448 1055 suo
1478 1031 1621 1071 genere
1645 1031 1761 1068 prae·-

315 1072 423 1112 fatus
449 1073 606 1124 fuerat,
644 1072 813 1125 proinde
841 1078 887 1110 ut
915 1071 1133 1124 Agathias‚
1169 1073 1283 1110 cuius
1313 1071 1522 1110 historIam
1550 1072 1760 1112 continua-

314 1127 400 1167 hat.
459 1128 532 1167 Est
555 1135 594 1167 et
622 1126 733 1166 aliud
760 1126 1027 1180 fragmentum
1054 1125 1160 1165 illius
1187 1126 1293 1179 apud
1318 1126 1483 1165 Suidam
1512 1129 1555 1166 in
1581 1140 1623 1167 v.
1661 1125 1760 1165 α’πε-

314 1178 555 1236 τάφρευον,
584 1189 625 1221 et
647 1184 689 1221 in
717 1194 760 1220 v.
784 1176 1013 1231 δοκιμάσας
1022 1211 1035 1231 ,
1063 1187 1104 1220 et
1136 1181 1178 1221 in
1205 1176 1437 1234 ἐμβριθὴς,
1455 1188 1496 1220 et
1519 1183 1562 1221 in
1588 1196 1630 1221 v.
1668 1179 1761 1221 ἑπι-

318 1235 531 1288 δουπῆσαι
547 1266 559 1286 ,
589 1237 642 1276 de
673 1238 884 1290 tympanis
914 1235 1099 1275 Abarum
1137 1243 1178 1275 et
1221 1236 1272 1275 de
1305 1236 1405 1275 Boni
1434 1236 1546 1276 ducis
1574 1237 1762 1275 antistra-

315 1297 527 1344 tegemate.
585 1291 688 1331 Item
710 1292 753 1330 in
785 1289 1050 1341 Μαυρίκιος,
1072 1290 1122 1330 de
1148 1290 1334 1329 laudibus
1371 1291 1557 1330 Mauricii
1582 1290 1764 1340 Magistri

315 1346 491 1385 militum
517 1346 709 1386 Orientis.
770 1346 872 1384 Item
900 1346 943 1383 in
977 1357 1076 1385 voce
1105 1344 1335 1390 σπαλίωνες
1353 1352 1392 1385 et
1413 1346 1454 1384 in
1490 1345 1760 1397 Τανχοσδρῶ.

316 1400 382 1439 Ne
409 1402 498 1454 quis
525 1409 660 1440 autem
685 1402 870 1451 miretur,
898 1398 997 1438 haec
1026 1399 1248 1453 fragmenta
1283 1400 1383 1439 adeo
1408 1400 1572 1439 confusa
1597 1415 1643 1440 ac
1667 1414 1761 1453 per-

314 1455 478 1494 turbata
508 1455 560 1494 ad
587 1470 660 1495 nos
686 1456 914 1509 pervenisse
929 1482 940 1504 ,
968 1455 1196 1493 meminisse
1216 1455 1335 1493 debet
1362 1455 1520 1503 Lector,
1554 1454 1659 1494 banc
1677 1454 1762 1494 edi·-

315 1510 468 1555 tionem
498 1523 544 1548 ex
574 1510 732 1549 duobus
773 1509 889 1549 MSS.
934 1508 1134 1547 codicibus
1160 1523 1184 1547 a
1218 1509 1377 1548 Davide
1409 1508 1646 1548 Hoeschelio
1677 1511 1779 1549 esse'

315 1566 624 1616 concinnatam,
651 1565 772 1604 Boico
800 1563 950 1604 scilicet
985 1570 1024 1603 et
1041 1562 1229 1602 Andreae
1250 1563 1427 1612 Schotti‚
1459 1578 1632 1617 quorum
1656 1563 1758 1604 alter

315 1617 443 1658 altero
480 1619 673 1672 integrior
712 1620 789 1658 fuit
807 1648 819 1670 ‚
858 1625 904 1656 ut
941 1620 984 1656 in
1024 1618 1269 1670 praefatione
1294 1619 1451 1657 monuit
1482 1618 1757 1658 Hoeschelius.

315 1673 433 1713 Duae
462 1674 631 1726 proinde
654 1674 801 1723 horum
825 1672 1117 1725 Excerptorum
1142 1672 1395 1711 collectiones
1427 1673 1590 1712 filerunt
1605 1702 1617 1723 ,
1646 1673 1756 1726 quod

315 1742 440 1780 supra
463 1730 508 1767 in
524 1729 631 1767 notis
658 1726 883 1768 observavi.
943 1726 1079 1779 Atque
1098 1726 1195 1766 huic
1219 1729 1330 1780 operi
1356 1727 1462 1766 idem
1481 1727 1642 1767 videtur
1663 1742 1759 1766 con-

316 1783 468 1836 tigisse,
517 1783 626 1835 quod
666 1782 936 1821 Bibliothecae
969 1781 1106 1821 Photii
1123 1812 1134 1830 ‚
1173 1783 1238 1820 cui
1271 1782 1396 1821 altera
1430 1782 1607 1822 eiusdem
1639 1796 1758 1836 argu-

318 1839 443 1876 menti
477 1838 632 1876 adiecta
661 1845 740 1888 est,
765 1836 811 1876 ut
845 1842 955 1889 patet
994 1850 1039 1875 ex
1069 1836 1211 1877 iisdem
1241 1837 1470 1878 auctoribus
1488 1867 1501 1891 ,
1526 1837 1595 1892 qui
1624 1837 1687 1877 bis
1715 1838 1758 1878 in

316 1892 386 1935 illa
406 1891 652 1936 Bibliotheca
671 1892 858 1947 descripti
887 1891 1156 1946 reperiuntur.
