1924 3164
756 177 1155 224 PANEGYmcth.
1271 247 1278 252 „
1568 166 1683 242 495

228 279 278 321 δὲ
309 278 473 329 πάντως
500 279 554 322 τά
579 278 686 333 μετὰ
715 282 847 325 ταῦτα
869 284 1036 340 χρηστὰ
1065 286 1150 328 τῶν
1174 285 1471 342 προλαβόντων
1498 288 1686 344 λυπῆσαι

225 341 300 400 τήν
326 343 509 402 μνήμην.
565 343 619 403 ἧν
644 346 725 404 γὰρ
757 365 828 390 οτε
856 355 969 404 τοῖς,
997 346 1088 393 όσοι
1115 349 1194 406 την
1220 352 1304 393 τῶν
1325 352 1548 407 Ῥωμαίων
1577 358 1682 410 πλη-

225 412 376 466 ροῦσιν
416 408 579 468 ἀρχὴν,
620 415 698 455 οὐκ
741 415 935 470 εὐτυχῶς
975 413 1060 471 εἶχε
1096 416 1149 459 τὰ
1190 414 1440 473 πράγματα·
1476 415 1585 461 ἄλλά
1621 437 1685 471 τις

223 493 403 527 ατακτος
430 476 538 535 ἔρως
577 480 817 531 πλεονεξίας
856 477 1042 537 ηκμαζε,
1076 500 1149 526 και
1186 500 1353 539 γνωμης
1381 486 1585 528 α’πιστία·
1613 486 1687 529 και

139 593 144 595 μ
197 543 488 601 5συκοφάνται
523 543 693 589 πάντων
726 548 942 603 ἐκράτουν.
1002 549 1026 591 ὁ
1067 551 1115 592 δὲ
1152 552 1229 592 νῦν
1257 550 1494 605 εὐδαίμων,
1532 551 1685 608 μικρὸν

222 626 412 666 υστερον,
441 610 518 661 τὰς
540 611 733 668 χρηστὰς
759 615 936 664 ἐλπίδας
963 614 1204 671 ἀποβαλων,
1230 618 1293 666 εἰς
1321 613 1593 672 ἀτυχούντων
1607 620 1696 673 με-”

220 674 438 731 τεβάλλετο
467 680 628 733 σχῆμα.
658 681 704 722 ἐν
731 679 810 739 ἶσῳ
841 682 888 723 δὲ
919 677 974 738 ἤν
1001 680 1116 736 ἔχειν
1142 700 1183 725 τι
1209 682 1284 724 καί
1310 682 1592 740 απορεῖσθαι,
1609 684 1681 729 dui

220 741 311 821 τίῆν,
325 745 406 785 τῶν
433 743 590 798 ομοίων
615 747 783 789 ἐλπι’.δα
811 749 928 799 ξένον
956 749 1014 790 δέ’
1030 765 1073 791 τι
1098 751 1274 804 πρᾶγμα
1303 751 1379 791 καί
1404 749 1522 807 παρὰ
1553 750 1685 808 φύσιν

219 806 438 864 υπῆρχεν·
485 809 508 853 ὅ
536 810 618 867 γὰρ
647 815 827 862 πλοῦτος
853 812 949 862 τᾶὐς
978 816 1252 871 κεκτημένους
1277 813 1437 859 ἐλύπει.
1493 815 1606 860 ου’τω
1635 819 1684 862 δὲ

170 873 384 919 ιοτοότων
412 877 594 931 ἐχόντων
611 911 623 934 ,
665 896 738 921 και
781 880 948 923 πάντων
978 880 1264 936 ἀπειρηκότων
1289 887 1384 931 ταῖς
1411 890 1681 939 συμφοραῖς,

216 957 357 999 ωσπερ
386 941 489 993 θεὸς
517 946 564 986 ἐκ
589 949 781 1002 μηχανῆς
810 948 1040 1004 α’ναφανείς
1066 952 1193 1003 χεῖρα
1232 962 1478 1003 προυτεινες
1506 940 1680 993 ελευῖθέ-

215 1023 336 1064 ριον·
372 1009 543 1053 κάκεῖνα
572 1014 706 1068 πέρας
735 1008 869 1067 εἶχεν·
900 1013 927 1069 ἦ
958 1015 1005 1055 δὲ
1031 1014 1114 1055 τῶν
1139 1012 1399 1070 πραγμάτων
1427 1009 1562 1068 ἆχλὺς
1591 1017 1679 1058 διε-

213 1072 349 1118 adero.
405 1075 540 1131 δόγμα
567 1093 610 1119 τι
638 1081 756 1120 θεῖον
780 1077 838 1128 ὥς
866 1075 1039 1134 ἀληθῶς
1065 1078 1137 1122 ἐπὶ
1163 1078 1234 1121 aot*
1257 1078 1335 1134 τήν
1361 1082 1509 1136 ψῆφον
1535 1081 1675 1124 ἐκύει·

213 1142 288 1183 καί
315 1158 458 1199 ωσπερ
489 1145 536 1186 ἐκ
561 1145 665 1198 μιᾶς
690 1142 861 1200 γνώμης
880 1144 904 1187 ὅ
925 1147 1055 1200 δημος
1083 1142 1199 1194 ἅπας
1226 1142 1356 1198 ἐβόα·
1387 1144 1547 1202 μεγάλη
1573 1150 1677 1201 βου-

164 1205 265 1264 15λὴ
285 1207 576 1262 προσετίθετο·
606 1210 810 1265 βασιλίς’
788 1213 1004 1255 επένευεν·
1037 1212 1064 1267 ἧ
1094 1213 1141 1254 δὲ
1169 1213 1315 1267 ψῆφος
1341 1213 1532 1268 ἐφέρετο.
1560 1211 1710 1272 αὕτηΑ,
1731 1231 1769 1265 c
1783 1232 1846 1279 49¹

212 1277 289 1331 τῆς
316 1274 527 1331 ἡμετέρας
546 1277 836 1331 εὐδαιμονίας
853 1295 906 1333 αρ
909 1295 966 1334 γη
995 1279 1070 1320 καί
1085 1274 1345 1326 κατάστασις
1362 1295 1519 1334 πρωτη,
1547 1283 1670 1324 τοῦτο

210 1343 354 1384 πᾶσαν
391 1358 534 1398 ηγειρε
570 1344 694 1385 πόλιν
723 1349 818 1393 ταῖς
862 1340 1135 1400 ευπραγιάις,
1179 1345 1378 1386 ἐντεῦθεν
1407 1342 1588 1398 α’κμάζει
1614 1347 1669 1390 τὰ

209 1411 311 1465 καθ’
328 1407 441 1463 ἡμᾶς
469 1409 545 1451 καί
569 1412 891 1466 μεταβέβληται,
918 1409 993 1452 καί
1009 1413 1092 1452 τῶν
1112 1411 1361 1453 λυπούντων
1378 1407 1500 1465 λόγος
1517 1413 1671 1462 ου’δείς.

321 1471 371 1523 ς’.
416 1469 588 1525 ’Ἀλλοις
605 1477 686 1529 μὲν
703 1491 778 1519 ουν
798 1478 846 1519 ἐκ
873 1477 1038 1532 πρώτης
1064 1477 1264 1531 γενέσεως
1301 1476 1552 1533 ἆλουργιδες
1595 1495 1670 1521 και

153 1534 262 1582 ποτὰ
290 1554 531 1596 σπαργανα·
564 1541 640 1584 καὶ
661 1545 850 1597 βασιλεῖς
877 1542 1013 1594 ευθύς
1038 1546 1276 1596 καλοῦνται,
1305 1559 1406 1599 πριν
1434 1545 1669 1588 αισθέσθαι

207 1607 282 1662 τῆς
308 1605 455 1662 τύχης.
484 1624 663 1665 υστερον
691 1611 738 1651 δὲ
765 1608 963 1659 πολλάκις
991 1607 1155 1660 α’νάξιοι
1183 1610 1380 1665 φανέντες
1398 1612 1472 1666 τῆς
1505 1611 1669 1667 δωρεᾶς

208 1671 465 1729 κατηγόρους
501 1674 707 1730 ἐφιστῶσι
746 1677 801 1732 τῇ
839 1674 1037 1729 δαιμονι,
1083 1674 1142 1724 ὦς
1185 1676 1311 1719 ου’δὲν
1351 1676 1554 1731 ἠπίστατο
1581 1679 1667 1720 τῶν

306 1775 361 1812 16.
389 1774 621 1814 κατάστασις
644 1776 788 1811 Villois.
802 1802 814 1819 ‚
837 1776 1006 1811 κατάστα
1033 1776 1112 1812 cod.

184 1882 186 1884 -
206 1872 294 1898 vero
322 1873 418 1908 quae
443 1866 567 1896 secuta
593 1867 678 1896 sunt
701 1863 799 1897 bona
823 1863 946 1897 sinent
969 1874 1036 1897 nos
1061 1863 1271 1897 contristari
1299 1867 1550 1897 anteactorum
1586 1875 1666 1898 me-

205 1909 334 1943 moria.
383 1910 471 1943 Erat
494 1911 592 1943 enim
615 1914 783 1955 tempus,
821 1921 901 1944 cum
930 1920 1006 1943 non
1026 1909 1122 1944 bene
1146 1920 1184 1943 se
1226 1921 1282 1943 res
1320 1908 1500 1944 haberent
1537 1922 1664 1945 eorum

206 1956 273 2003 qui
305 1957 459 2002 imperio
491 1956 651 1990 Romano
686 1957 945 1998 continentur,
981 1957 1045 1991 sed
1085 1956 1347 1990 immoderatus
1385 1956 1536 2002 quidam
1569 1958 1663 1993 lucri

206 2013 308 2036 amor
340 2004 489 2047 vigebat
523 2009 561 2038 et
585 2003 698 2037 animi
734 2003 910 2049 perfidia;
950 2008 988 2037 et
1013 2004 1296 2037 calumniatores
1321 2004 1446 2037 omnia
1470 2003 1661 2040 tenebant.

206 2049 283 2096 Qui
307 2049 418 2084 modo
442 2050 557 2092 felix,
582 2052 612 2083 is
641 2052 752 2095 paulo
777 2055 877 2095 post,
902 2051 1001 2084 bona
1025 2062 1089 2095 spe
1114 2050 1278 2091 abiecta,
1310 2051 1527 2084 miserorum
1546 2051 1661 2086 habi-

203 2101 284 2130 tum
323 2097 511 2131 induebat.
560 2097 737 2144 Nihilque
775 2100 977 2137 intererat,
1008 2108 1084 2131 rem
1114 2096 1290 2139 haberes,
1322 2107 1370 2130 an
1394 2107 1539 2141 egeres,
1576 2110 1660 2133 cum

196 2143 303 2182 *idem
331 2145 403 2178 tibi
440 2145 726 2190 exspectandum
758 2150 863 2179 esset.
911 2144 1069 2178 Monstri
1104 2144 1234 2178 similis
1268 2149 1306 2178 et
1339 2149 1466 2178 contra
1487 2150 1659 2180 naturam

204 2191 382 2226 conditio-
396 2197 491 2235 erat3
517 2192 669 2226 divitiae
695 2193 793 2226 enim
822 2192 1051 2246 possidentes
1076 2192 1267 2237 angebant.
1316 2190 1424 2224 Hisce
1448 2192 1499 2224 ita
1525 2202 1564 2225 se
1589 2192 1659 2226 ha-

204 2236 408 2281 bentibus,
439 2239 684 2284 omnibusque
715 2250 782 2284 per
814 2239 997 2272 miseriam
1022 2238 1320 2283 desperantibus,
1357 2239 1453 2272 sicut
1483 2237 1572 2272 deus
1611 2252 1656 2275 ex

202 2284 372 2320 machina
390 2297 569 2332 apparens
587 2296 734 2320 manum
751 2284 998 2319 liberatricem
1010 2286 1206 2321 tendebas.
1231 2291 1270 2319 et
1282 2284 1348 2318 illa
1361 2285 1530 2330 protinus
1549 2286 1655 2322 finita

205 2337 312 2373 sunt,
340 2338 378 2368 et
401 2333 656 2368 difficultatum
693 2333 807 2377 caligo
840 2333 1017 2387 dissipata
1049 2339 1115 2367 est.
1149 2333 1323 2368 Divinum
1349 2343 1433 2367 vere
1464 2332 1653 2378 quoddam

203 2380 381 2424 placitum
404 2392 528 2415 versus
551 2386 589 2415 te
611 2380 780 2415 movebat
804 2379 992 2426 suffragia,
1028 2385 1066 2414 et
1089 2381 1195 2426 quasi
1218 2391 1293 2413 uno
1319 2389 1383 2414 ore
1406 2380 1447 2414 in
1471 2383 1509 2412 te
1531 2392 1655 2426 popu-

203 2425 262 2459 lus
286 2428 476 2462 universus
495 2427 685 2462 clamando
710 2426 985 2469 consentiebat,
1009 2438 1168 2461 summus
1192 2431 1338 2462 senatus
1364 2427 1654 2469 assentiebatur,

202 2473 366 2519 Augusta
398 2475 606 2517 annuebat,
644 2482 682 2509 et
704 2474 852 2508 comitia
883 2475 1045 2519 perfecta
1083 2479 1178 2509 sunt.
1226 2473 1269 2507 Id
1292 2479 1439 2508 nostrae
1461 2474 1653 2509 felicitatis

201 2520 449 2575 principium,
481 2522 571 2557 haec
594 2523 713 2566 prima
740 2522 869 2567 quies3
903 2519 974 2556 hoe
998 2532 1141 2556 omnem
1167 2519 1354 2556 excitabat
1377 2520 1506 2555 urbem
1529 2520 1652 2554 felici-

203 2567 291 2600 tatis
318 2579 437 2604 sensu.
485 2569 541 2604 Ab
578 2569 644 2603 illo
675 2574 855 2625 tempore·
873 2568 1007 2603 florent
1037 2579 1093 2604 res
1117 2573 1264 2603 nostrae
1291 2573 1330 2602 et
1358 2573 1520 2602 mutatae
1544 2572 1651 2604 sunt·

203 2622 314 2663 atque
337 2619 439 2653 nulla
463 2628 587 2652 eorum
609 2618 663 2650 vis
690 2620 768 2657 est,
793 2616 858 2661 qui
881 2627 948 2650 nos
970 2616 1161 2651 laeserant.

295 2668 329 2701 6
378 2663 606 2710 Quibusdam
631 2662 718 2697 inde
740 2674 761 2696 a
784 2663 903 2707 primo
928 2664 1103 2698 nascendi
1127 2667 1292 2708 tempore
1315 2663 1416 2707 ipsae
1440 2661 1575 2694 fasciae
1600 2661 1648 2695 de

203 2720 365 2757 purpura
389 2716 487 2752 sunt,
513 2722 555 2744 ac
574 2711 698 2744 statim
724 2719 824 2755 reges
841 2715 1015 2744 vocantur
1043 2711 1256 2766 priusquam
1281 2710 1479 2743 Fortunam
1505 2708 1648 2753 experti

207 2762 302 2794 sunt.
350 2758 480 2808 Postea
502 2769 586 2795 vero
610 2757 753 2803 saepius
778 2767 822 2791 eo
848 2755 943 2792 dono
969 2757 1112 2804 indigni
1134 2758 1204 2794 visi
1231 2758 1393 2792 excitant
1417 2761 1645 2790 accusatores
