1924 3164
355 158 374 193 1
394 140 459 205 14
968 153 1181 194 EUNAPH
1211 202 1216 205 ,

343 273 406 306 τις
431 254 665 310 βασιλεύων
693 249 719 310 ἢ
750 252 900 308 10'1'276
929 256 1106 307 βασιλέα
1135 252 1208 295 καὶ
1242 252 1317 295 τὸν
1346 254 1544 308 εὐνοῦχον
1571 246 1678 296 κατὰ
1703 253 1786 303 πάτ-

346 321 498 379 ρεργόν
520 339 559 364 τι
586 319 759 363 παιδιὰν
783 317 1028 375 θησόμενος,
1056 322 1095 362 εἰ
1119 317 1326 374 βούλοιτο.
1383 321 1430 361 V
1425 335 1484 362 oc.
1518 319 1719 374 Τιμάσιος
1747 330 1785 362 et

344 389 516 442 γαῦρος.

453 451 526 507 κβ.
588 445 719 500 Οὗτος
749 451 930 507 (Λέων)
961 450 1190 507 στρατηγὸς
1228 452 1426 507 ἐπέμφθη
1465 448 1580 505 παρὰ
1622 451 1784 506 Εὐτρο-

343 519 441 560 πίου
470 517 545 558 τοῦ
571 514 775 570 εὐνούχου
804 514 912 558 κατὰ
941 519 1024 559 τῶν
1049 518 1301 573 βαρβάρων,
1331 510 1499 564 εὔκολος
1525 510 1590 556 (ὃν
1611 514 1684 557 καὶ
1708 511 1808 557 διαὸ

322 585 524 638 -Ῑ-μελέτην
550 582 685 636 μέθης
711 581 1030 638 εὐπαράγωγος·
1085 577 1138 638 ἦν
1165 579 1246 638 γὰρ
1275 580 1394 639 αὐτῷ
1425 579 1470 623 τὸ
1501 580 1690 636 ἀνδρεῖον
1715 579 1789 622 ἐπὶ

341 649 464 690 τοῦτο
494 642 862 701 συνενεγκάμενος,
906 650 1075 698 πλείους
1115 645 1228 703 ἔχειν
1266 648 1524 695 παλλακίδας
1549 647 1632 694 τῶν
1660 661 1785 700 στρα-

340 713 522 766 τιωτῶν,
566 711 642 754 καί
674 710 845 756 πλείονα
886 715 1022 756 πίνειν
1049 709 1077 769 ἢ
1106 709 1186 756 ὅσα
1212 711 1365 762 πάντες
1403 711 1443 755 οἱ
1470 707 1688 768 ἄνθρωποι
1715 712 1786 752 πί-

340 792 474 820 νουσι.
530 780 578 820 V
573 793 632 820 oc.
660 780 796 821 Λέων.
1834 807 1836 810 -
1862 822 1874 827 ,.

451 843 524 898 κγ’.
582 837 715 893 Οὗτος
745 843 1104 902 (Σουβαρμάχιος)
1135 846 1218 887 τῶν
1247 843 1495 903 δορυφόρων
1522 839 1575 899 ἦν
1602 839 1834 899 ἦγεμών,ῑο

340 907 581 958 πιστότατος
607 911 666 967 τῷ
705 908 895 968 εὐνούχῳ
923 910 1164 969 Εὕτροπίῳ,
1213 911 1328 968 εἴπερ
1359 926 1424 960 τις
1465 906 1612 959 ἄλλος·
1668 907 1781 950 ἔπινε

341 974 389 1015 δὲ
417 971 525 1016 οἶνον
551 973 721 1016 πλείονα
748 971 777 1029 ἢ
802 971 900 1018 ὅσον
928 972 1108 1031 ἠδυνατο
1137 980 1314 1032 χωρεῖν·
1372 975 1461 1018 ἀλλ’
1490 971 1604 1028 ὅμως
1628 973 1678 1016 τὰ
1707 989 1780 1015 πε-

313 1041 396 1097 ιζ-ρί
420 1041 600 1095 γαστέρα
636 1037 707 1081 διὰ
735 1038 810 1094 τήν
849 1040 1076 1096 συνήθειαν
1104 1037 1215 1082 οὕτω
1243 1042 1316 1082 καί
1340 1040 1574 1092 γυμνασίαν
1598 1036 1780 1094 ἰσχυράν

341 1104 415 1148 καί
449 1102 640 1156 νεανικήν
674 1103 811 1144 πάντα
839 1108 985 1158 φέρειν
1023 1103 1098 1143 ἐπὶ
1129 1102 1204 1158 τήν
1232 1100 1413 1158 φυσικὴν
1437 1105 1519 1146 τῶν
1545 1103 1684 1157 ὖγριὸν
1711 1102 1779 1145 ἔκ-
1809 1139 1830 1143 ,.

337 1182 497 1223 κρισιν·
554 1163 623 1208 ἆεί
647 1169 748 1221 γοῦν
774 1163 839 1222 ἧν,
867 1165 1067 1217 πεπωκώς
1093 1183 1139 1210 τε
1162 1169 1236 1210 καί
1258 1169 1310 1210 ου’
1337 1167 1555 1221 πεπωκώς,
1583 1167 1830 1222 aniliter-¹5

338 1232 413 1289 ,τήν
437 1235 483 1275 δὲ
511 1236 647 1288 μέθην
668 1230 956 1288 παρεκάλυπτε
979 1229 1029 1274 οὖ
1055 1232 1268 1290 σφαλερὸν
1297 1235 1525 1288 διαβαίνων
1544 1241 1628 1283 τοῖς
1655 1233 1778 1287 ποσὶ,

215 1297 417 1354 Β.3ι4ικαι“
429 1296 534 1354 πρὸς
555 1296 630 1353 τὴν
651 1300 807 1351 πτῶσιν
829 1299 1019 1351 πολεμῶν
1037 1298 1113 1354 ὑφ’
1124 1296 1286 1353 ἡλικίας
1310 1297 1381 1340 διὰ
1400 1296 1570 1354 νεότητα
1590 1298 1661 1341 καί
1677 1296 1790 1356 συν-ς’

336 1362 553 1417 ιστάμενος
569 1392 581 1404 .
608 1359 661 1418 ἦν
689 1365 734 1406 δὲ
762 1365 983 1417 βασιλικοῦ
1005 1365 1084 1417 μὲν
1104 1366 1259 1418 γένους,
1297 1361 1468 1418 Κόλχος
1493 1364 1668 1420 α’κριβὴς
1696 1364 1778 1421 τῶν

335 1429 440 1485 ὑπὲρ
458 1430 596 1482 Φασιν
621 1431 700 1471 καί.
712 1428 1005 1484 Θερμώδοντα,
1034 1428 1204 1485 τοξότης
1233 1424 1419 1485 ἄριστος,
1442 1429 1545 1484 εἴγε
1567 1429 1626 1486 μή
1654 1446 1776 1472 κατε-

335 1492 500 1546 τόξευεν
529 1490 660 1536 αὖτὸν
684 1493 729 1536 τὸ
764 1492 956 1550 περιττὸν
983 1495 1054 1549 τῆς
1079 1496 1259 1551 τρυφῆς.
1304 1497 1349 1537 V
1346 1510 1407 1539 oc.
1437 1494 1829 1549 Eovssappaedxtogao

444 1559 520 1601 κδ’.
576 1554 724 1608 Οὗτος
741 1558 1000 1616 (Φράβιθος)
1029 1557 1255 1615 στρατηγὸς
1281 1554 1333 1615 ἦν
1359 1562 1433 1615 τῆς
1461 1560 1690 1615 ἀνατολῆς,
1732 1557 1779 1610 ὃς
1801 1560 1803 1563 ’

336 1623 533 1677 ἀκμάζων
559 1622 634 1679 τήν
672 1623 824 1679 ἀρετὴν
862 1622 998 1666 ἐνόσει
1024 1621 1071 1665 τὸ
1102 1626 1252 1678 σῶμα,
1294 1627 1367 1680 τῆς
1392 1627 1537 1680 ψυχῆς
1561 1622 1777 1679 ὑγιαινού-

335 1706 411 1746 σης
437 1692 586 1733 πλέον·
639 1688 713 1731 καί
737 1687 784 1731 τό
810 1705 856 1744 γε
884 1691 1006 1743 σῶμα
1034 1686 1305 1743 διαλυόμενον
1329 1685 1411 1746 ἤδη
1439 1690 1513 1732 καί
1538 1690 1775 1734 α’ποκολλοό-

268 1854 270 1856 ‚
336 1812 434 1844 diam
472 1811 601 1852 rediit,
633 1817 804 1857 tanquam
833 1810 979 1858 quidam
1002 1822 1088 1853 rex,
1122 1817 1185 1845 aut
1213 1817 1256 1846 ut
1278 1812 1366 1854 ille,
1396 1814 1460 1859 qui
1481 1813 1540 1847 vel
1558 1814 1677 1858 ipsum
1697 1814 1772 1848 Im-

330 1865 532 1904 peratorem
563 1864 600 1891 et
629 1858 835 1892 eunuchum
872 1859 992 1893 obiter
1020 1863 1062 1892 ut
1097 1858 1279 1904 quendam
1311 1859 1438 1893 ludum
1471 1860 1630 1894 facturus
1655 1866 1749 1894 esset
1760 1886 1793 1903 „

333 1906 364 1939 si
394 1905 515 1938 vellet.
973 1907 975 1909 ’

426 1963 480 1985 22.
530 1949 597 1982 Hic
619 1947 740 1995 (Leo)
777 1947 823 1981 ab
848 1948 1022 1994 Eutropio
1050 1950 1215 1986 eunucho
1241 1950 1333 1996 belli
1357 1951 1430 1985 dux
1458 1953 1586 1986 missus
1609 1957 1664 1986 est
1683 1964 1770 1986 con-

332 2003 388 2032 tra
421 1996 603 2031 barbaros.
660 1995 747 2029 Fuit
775 2000 895 2029 autem
929 1995 1038 2030 bomo
1061 1998 1148 2031 levis
1179 2004 1216 2032 et
1249 1998 1296 2031 ob
1322 1998 1482 2031 studium
1504 1998 1689 2032 ebrietatis
1716 2000 1771 2032 fa-

333 2045 413 2078 cilis
442 2044 606 2087 deceptu.
656 2042 765 2075 Suam
793 2041 889 2075 enim
921 2041 1174 2076 fortitudinem
1199 2045 1237 2077 in
1271 2043 1341 2078 hoc
1377 2045 1596 2085 contulerat,
1621 2049 1662 2078 ut
1684 2045 1770 2089 plu-

334 2102 390 2124 res
424 2089 578 2123 haberet
610 2088 779 2132 pellices,
805 2098 914 2133 quam
942 2088 1099 2130 milites,
1137 2094 1174 2122 et
1193 2091 1273 2134 plus
1308 2090 1474 2132 biberet,
1501 2101 1610 2137 quam
1637 2090 1770 2126 bibant

333 2147 457 2170 omues
489 2136 664 2172 homines.

425 2185 479 2216 23.
530 2183 597 2216 Hic
629 2178 961 2227 (Subarmachius)
991 2180 1064 2213 fuit
1098 2180 1296 2214 satellitum
1323 2179 1416 2222 dux,
1449 2181 1679 2218 fidelissimus
1703 2195 1770 2218 eu-

332 2229 452 2263 nucho
477 2229 671 2272 Eutropio,
703 2227 733 2259 si
757 2226 838 2271 quis
864 2226 976 2259 alins:
1010 2225 1074 2258 sed
1098 2227 1178 2270 plus
1202 2228 1279 2260 vini
1295 2225 1475 2269 bibebat,
1508 2239 1615 2274 quam
1640 2240 1767 2275 capere

331 2280 485 2321 poterat.
536 2275 607 2308 Sed
631 2280 750 2307 tamen
784 2272 861 2305 eius
903 2276 1028 2305 venter
1062 2278 1212 2318 propter
1243 2273 1541 2308 consuetudinem
1567 2281 1604 2310 et
1631 2278 1770 2311 exerci-

331 2323 507 2356 tationem
538 2321 628 2354 adeo
666 2320 851 2353 robustam
887 2323 925 2352 et
955 2319 1151 2353 iuvenilem
1176 2320 1295 2353 omnia
1327 2319 1467 2354 ferebat
1491 2320 1538 2354 ad
1561 2324 1768 2359 naturalem

332 2368 523 2401 humorum
549 2368 802 2400 excretionem.
851 2364 999 2409 Semper
1024 2366 1133 2411 igitur
1157 2371 1235 2399 erat
1260 2365 1402 2407 ebrius,
1424 2367 1498 2401 sive
1521 2374 1692 2412 potasset,
1716 2363 1767 2404 εἰς

330 2425 375 2449 ve
401 2426 476 2447 non
499 2418 667 2458 potasset.
703 2412 923 2445 Ebrietatem
947 2422 1031 2444 vero
1056 2412 1200 2457 tegebat
1226 2422 1300 2445 non
1324 2413 1461 2446 incerto
1484 2415 1618 2458 pedum
1648 2415 1767 2451 inces÷

333 2473 395 2502 su,
422 2467 459 2495 et
484 2465 631 2505 propter
656 2459 852 2492 iuvenilem
879 2462 1032 2491 aetatem
1058 2458 1155 2491 casui
1178 2459 1346 2491 resistens
1371 2465 1408 2492 et
1426 2471 1584 2504 gressum
1609 2462 1765 2496 firmans.

331 2509 417 2542 Erat
442 2511 562 2540 autem
587 2506 675 2548 regii
703 2505 843 2549 generis
871 2503 1026 2538 Colchus
1060 2515 1247 2548 germanus
1273 2515 1316 2538 ex
1342 2505 1400 2546 iis,
1426 2507 1489 2551 qui
1515 2509 1608 2541 ultra
1639 2508 1764 2542 Phasi-

333 2553 414 2587 ‹lem
439 2559 475 2587 et
499 2551 804 2586 Thermodontem
827 2548 1014 2590 habitant,
1041 2552 1197 2595 optimus
1220 2551 1445 2594 sagittarius,
1469 2555 1540 2587 nisi
1565 2555 1668 2588 luxus
1691 2555 1763 2589 im-

332 2601 493 2636 modicus
520 2600 637 2640 ipsum
663 2597 735 2629 suis
765 2596 903 2640 sagittis
927 2597 1151 2630 confecisset.
1734 2604 1738 2609 ·

425 2647 482 2690 24.
523 2645 597 2680 ‘Hic
661 2643 843 2687 Fravitta)
881 2643 952 2676 fuit
987 2643 1147 2676 Orientis
1181 2643 1394 2687 imperator,
1438 2644 1501 2689 qui
1534 2644 1666 2678 virtute
1697 2645 1765 2679 llo-.-

330 2703 419 2732 rens
436 2702 584 2739 corpore
607 2690 641 2722 la
671 2687 821 2729 orabat,
846 2700 958 2733 quum
983 2689 1123 2723 animus
1146 2689 1280 2723 maiore
1305 2690 1459 2723 sanitate
1484 2691 1670 2725 frueretur.
1718 2693 1764 2726 Et
