1924 3164
644 134 679 193 E
717 152 891 195 Pmscl
929 152 1202 195 fflSTomA.
1535 154 1642 209 207

201 255 361 310 χρῆναι
403 254 515 308 ἡμᾶς
559 255 821 309 διαφεθῆναι
861 255 1047 310 λέγοντες
1073 255 1149 298 καὶ
1172 253 1232 310 μὴ
1260 254 1472 311 τηνάλλως
1496 258 1833 314 τρίβεινᾼ,(1,448

202 319 276 363 τὸν
297 317 478 375 χρόνον-
520 318 596 361 καὶ
620 317 668 369 ὃς
704 318 787 377 ἔφη
815 322 978 364 ἐθέλειν
1004 321 1078 364 καὶ
1101 319 1172 364 τὸν
1205 318 1420 376 Ἀπήλαν
1458 315 1735 395 ‹incusat-11¹¹?-
1754 328 1790 396 'd

203 401 297 428 πειν
322 385 450 440 ἡμᾶς.
506 386 581 428 καί
603 384 756 442 μικρὸν
784 386 991 430 διαλιπών
1020 385 1112 441 ἅμα
1142 393 1228 437 τοῖς
1253 384 1424 441 λογάσιν
1453 364 1683 440 ἐβουλεύω,1
1719 373 1763 396 ⁶⁰
1791 361 1846 407 ‘4¹

205 467 274 492 ετο
302 450 400 507 περὶ
424 453 510 494 τῶν
532 447 726 509 ’Λττήλᾳ
756 453 1041 507 δεδογμένων,
1067 455 1144 495 καί
1169 450 1221 494 τά
1249 455 1422 507 βασιλεῖ
1441 452 1655 508 ἀποδοθη-

181 515 362 570 5σόμενα
397 518 619 559 συνέταττε
657 514 916 572 γράμματα,
956 516 1238 575 ὖπογραφέων
1281 519 1396 576 αὐτῷ
1434 518 1656 575 παρόντων

206 585 280 625 καί
313 581 610 634 εΡουστικίου,
654 581 809 637 α’νδρὸς
840 582 1087 639 ὁρμωμένου
1114 586 1194 637 μὲν
1221 585 1268 625 ἐκ
1292 586 1366 638 τῆς
1393 579 1479 627 ἅνω
1506 584 1656 626 ΙΡΙυσί-

208 666 280 703 ας,
308 646 477 697 ἁλόντος
505 649 552 690 δὲ
579 649 625 690 ἓν
651 649 708 706 τῷ
735 650 914 707 πολέμῳ,
943 651 1018 692 καί
1043 649 1116 692 διὰ
1141 649 1275 705 λόγων
1299 649 1452 707 ἀρετήν
1470 653 1528 708 τῷ
1548 653 1691 706 βαρ-(ἔ

203 713 323 772 βάρῳ
376 713 449 756 ἐπὶ
484 716 536 771 τῇ
577 716 660 756 τῶν
694 712 956 770 γραμμάτων
990 718 1324 770 διαπονουμένου
1353 716 1570 768 συντάξει.
1597 717 1658 766 ὦς

206 782 253 821 δὲ
281 782 328 822 ἐκ
359 780 432 834 τῆς
461 777 642 822 συνόδου
672 781 896 836 διανέστη,
927 780 1161 838 ἐδεήθημεν
1202 784 1338 825 αὐτοῦ
1374 783 1473 838 περὶ
1497 782 1658 833 λύσεως

127 870 131 873 -
155 847 278 900 ιοτῆς
305 842 468 887 Σύλλου
502 847 686 901 γαμετῆς
714 848 788 888 καί
814 849 899 890 τῶν
926 847 1086 903 ἐκείνης
1118 850 1307 902 παίδων,
1348 850 1394 891 ἐν
1420 852 1474 906 τῇ
1508 849 1659 891 ‘Pau-

205 910 330 967 αρίας
368 909 796 967 ἀνδραποδισθέντων
823 911 994 960 ἁλώσει.
1050 917 1125 956 καί
1150 913 1258 970 πρὸς
1285 916 1364 968 μὲν
1404 914 1481 971 τὴν
1512 911 1656 956 ‹2616›-

204 978 281 1019 οὐκ
320 977 578 1033 ιῖπηγόρευσε
615 977 758 1032 λύσιν,
806 980 878 1021 ἐπὶ
909 984 1075 1030 πολλοῖς
1103 982 1150 1022 δὲ
1178 983 1292 1037 σφᾶς
1331 979 1522 1035 ἐβούλετο
1546 981 1658 1036 χρή-

203 1060 334 1097 μασιν
362 1044 621 1101 α’πεμπολᾷν.
675 1043 800 1098 ἡμῶν,
828 1046 875 1087 δὲ
904 1047 1035 1088 ἐλεεῖν
1062 1045 1217 1096 αὐτούς
1244 1048 1318 1102 τῆς
1344 1044 1474 1102 τύχης
1498 1045 1659 1088 ἱκετευ-

205 1106 388 1162 σάντων,
433 1108 512 1163 τὴν
543 1113 760 1166 ,προτέραν
798 1107 1071 1164 εὐδαιμονίαν
1112 1112 1404 1167 λογιζόμενον,
1457 1114 1577 1167 διέβη
1613 1128 1660 1154 τε

157 1173 314 1231 ι5πρὸς
349 1173 422 1218 τὸν
458 1175 697 1230 ’Λττήλαν,
743 1179 820 1217 καί
862 1174 936 1232 τὴν
960 1178 1040 1230 μὲν
1069 1183 1247 1232 γυναῖκα
1274 1177 1348 1221 ε’πί
1371 1180 1659 1227 πεντακοσίοις

205 1241 387 1296 διαφῆκε
413 1247 614 1295 χρυσοῖς,
641 1241 740 1291 τούς
769 1243 816 1283 δὲ
845 1244 1002 1292 παῖδας
1030 1245 1168 1299 δῶρον
1192 1241 1351 1296 ἔπεμπε
1377 1247 1556 1297 βασιλεῖ’.
1603 1245 1688 1284 §vn

202 1305 331 1365 τούτῳ
359 1308 406 1348 δὲ
434 1305 509 1348 καί
531 1307 557 1361 ἦ
582 1307 737 1349 “Ρέκαν
763 1306 789 1362 ἡ
821 1309 899 1349 τοῦ
922 1306 1113 1363 Ἀττήλα
1140 1307 1298 1363 γαμετή
1325 1307 1444 1363 παρὰ
1469 1309 1659 1361 Ἀδάμει

202 1374 284 1414 τῶν
327 1372 461 1427 αὕτῆς
499 1373 756 1428 πραγμάτων
805 1371 883 1428 την
910 1372 1137 1429 ἐπιτροπήν
1165 1372 1302 1428 ἔχοντι
1333 1376 1513 1416 δειπνεῖν
1545 1372 1658 1429 ἡμᾶς

202 1439 444 1494 παρεκάλει.
498 1440 573 1481 καί
607 1442 710 1495 παρ’
753 1438 888 1482 αὐτὸν
925 1436 1118 1489 ἐλθόντες
1154 1437 1246 1494 ἅμα
1282 1439 1371 1482 τισὶ
1393 1442 1477 1482 τῶν
1505 1440 1551 1481 ἐκ
1578 1441 1658 1480 τοῦ

146 1502 354 1552 ἳοέθνους
379 1503 566 1558 λογάδων
598 1505 914 1562 φιλοφροσύνης
942 1502 1164 1559 ἐτύχομεν.
1223 1507 1431 1557 ἐδεξιοῦτο
1468 1507 1516 1548 δὲ
1542 1503 1658 1560 ἡμᾶς

201 1570 427 1623 μειλιχίοις
454 1586 499 1612 τε
531 1567 668 1625 λόγοις
696 1571 770 1613 καί
794 1573 849 1628 τῇ
877 1573 963 1613 τῶν
1005 1573 1236 1625 ἐδωδίμων
1264 1573 1528 1629 παρασκευῇ.
1582 1569 1659 1612 καὶ

203 1637 376 1684 ἕκαστος
405 1638 488 1682 τῶν
514 1634 735 1693 παρόντων
759 1639 950 1695 Σκυθικῇ
980 1640 1198 1696 φιλοτιμίᾳ
1226 1636 1376 1679 κύλικα
1396 1634 1497 1692 ἡμῖν
1515 1634 1654 1692 πλήρη

300 1749 350 1782 ¹7·
375 1737 516 1774 ‘Pt‘xay
544 1749 653 1783 supra
676 1749 755 1783 pag.
785 1750 882 1784 197.,
905 1739 929 1772 1.
943 1751 976 1784 9.
1000 1740 1134 1784 Κρέκα
1156 1739 1343 1773 nominata
1365 1744 1429 1773 est.

202 1838 323 1873 neque
346 1826 453 1860 nobis
481 1827 618 1860 diutius
643 1832 785 1873 tempus
806 1829 998 1863 terendum
1021 1840 1110 1863 esse.
1159 1830 1249 1872 Ille,
1268 1829 1420 1863 Attilam
1440 1839 1588 1873 quoque
1619 1829 1660 1862 in

203 1886 247 1911 ea
266 1884 343 1907 esse
363 1875 562 1914 voluntate,
587 1879 624 1907 et
639 1885 706 1907 nos
721 1875 906 1910 dimittere
928 1876 1160 1910 constituisse
1175 1901 1184 1916 ,
1204 1876 1404 1921 respondit.
1426 1877 1555 1920 ltaque
1583 1888 1658 1910 non

202 1921 319 1955 multo
339 1926 422 1965 post
468 1921 664 1954 consilium
686 1932 877 1965 procerum
921 1922 967 1955 dc
991 1921 1049 1955 his
1064 1947 1074 1961 ,
1095 1932 1187 1966 quae
1213 1923 1343 1956 Attilas
1372 1926 1568 1962 statuerat,
1591 1922 1658 1955 ha·-

203 1968 309 2008 buit,
346 1972 383 2000 et
406 1968 572 2009 litteras,
610 1979 703 2012 quae
734 1968 950 2012 Imperatori
981 1968 1240 2008 redderentur,
1280 1968 1439 2014 digessit.
1494 1968 1659 2003 Aderant

204 2025 371 2060 quoque,
397 2025 551 2060 quorum
573 2026 678 2047 curae
702 2014 873 2059 epistolas
897 2014 1054 2048 scribere
1075 2014 1331 2055 incumbebat,
1354 2016 1452 2048 inter
1469 2026 1559 2060 quos
1577 2020 1658 2048 erat

203 2060 386 2095 Rusticius
401 2085 410 2101 ‚
434 2061 488 2094 vir
517 2072 537 2093 e
558 2061 745 2105 superiore
765 2061 882 2104 Mysia
906 2067 1029 2103 ortus,
1056 2061 1122 2107 qui
1143 2060 1190 2094 ab
1210 2060 1379 2095 hostibus
1401 2068 1546 2107 eaptus,
1572 2072 1654 2095 cum

205 2106 352 2141 dicendi
382 2107 556 2140 facultate
581 2109 736 2147 valeret,
776 2106 930 2140 barbaro
955 2118 1101 2151 operam
1125 2109 1164 2140 in
1189 2108 1461 2142 conscribendis
1486 2109 1653 2152 epistolis

204 2154 369 2187 navabat„
417 2155 574 2188 Dimisso
611 2154 784 2194 consilio,
810 2154 856 2188 ab
883 2155 1062 2199 Onegesio
1096 2154 1267 2199 precibus
1299 2154 1575 2195 contendimus,
1610 2160 1654 2188 ut

205 2200 326 2244 Syllae
351 2201 456 2234 uxori
500 2206 538 2233 et
572 2202 650 2235 eius
675 2201 822 2240 liberis,
856 2202 919 2247 qui
961 2201 999 2233 in
1030 2202 1301 2246 expugnatione
1334 2201 1435 2235 urbis
1467 2202 1651 2235 Ratiariae

204 2259 277 2280 una
310 2258 390 2280 cum
422 2253 538 2280 matre
585 2248 624 2282 in
655 2250 867 2281 servitutem
894 2247 1037 2281 redacti
1074 2254 1201 2289 erant,
1234 2248 1444 2282 libertatem
1478 2249 1650 2281 restitue-

203 2299 269 2329 ret.
317 2294 364 2327 Et
383 2304 468 2326 vero
495 2293 540 2326 ab
565 2294 622 2328 his
646 2294 847 2328 liberandis
871 2294 1021 2328 minime
1044 2293 1282 2336 abhorrebat,
1305 2295 1372 2328 sed
1393 2305 1519 2328 eorum
1535 2295 1649 2328 liber-

204 2344 316 2373 tatem
341 2351 464 2386 magna
487 2341 663 2386 pecuniae
689 2353 827 2374 summa
853 2340 1003 2387 anobis
1028 2346 1184 2385 emptam
1208 2340 1364 2375 volebat.
1428 2342 1559 2386 ltaque
1582 2353 1649 2375 nos

205 2396 290 2418 eum
314 2386 497 2432 supplices
521 2399 623 2421 orare
650 2394 686 2422 et
713 2387 903 2429 obtestari,
924 2393 977 2427 ut,
1000 2386 1128 2421 habita
1150 2399 1274 2423 eorum
1287 2388 1464 2432 pristinae
1482 2389 1651 2422 fortunae

205 2433 366 2475 ratione,
401 2436 605 2478 praesentis
642 2435 855 2468 calamitatis
892 2434 1208 2469 commiseratione
1230 2439 1445 2469 moveretur.
1492 2436 1578 2477 Ille,
1608 2441 1650 2468 ut

205 2479 357 2513 Attilam
382 2479 495 2522 adiit,
531 2482 722 2515 mulierem
747 2493 813 2526 pro
838 2481 1047 2527 quingentis
1071 2482 1190 2515 aureis
1227 2481 1379 2515 liberam
1412 2481 1579 2522 dimisit,
1612 2486 1652 2515 et

206 2526 285 2558 eius
305 2525 400 2559 filios
425 2526 521 2561 dono
547 2527 594 2560 ad
617 2529 874 2573 Imperatorem
897 2528 1007 2560 misit.
1054 2528 1198 2562 Interea
1213 2529 1504 2570 Recan,Attilae
1535 2540 1648 2568 uxor,

206 2572 247 2605 in
270 2571 376 2605 aedes
397 2572 564 2616 Adamis,
609 2577 674 2620 qui
708 2576 786 2608 eius
812 2585 867 2607 res
891 2573 1111 2608 domesticas
1134 2573 1305 2617 curabat,
1338 2586 1404 2609 nos
1427 2576 1475 2609 ad
1499 2586 1648 2608 coenam

205 2618 384 2652 invitavit.
430 2620 486 2653 Ab
510 2633 552 2655 eo
577 2633 650 2654 una
676 2633 757 2655 eum
781 2621 949 2666 pluribus
976 2620 1143 2665 Scythiae
1170 2622 1396 2668 principibus
1412 2622 1564 2655 comiter
1581 2631 1646 2654 ex-

205 2666 302 2710 cepti
334 2676 456 2698 sumus
499 2673 537 2700 et
572 2668 742 2702 iucundis
765 2668 991 2701 sermonibus
1036 2673 1073 2700 et
1103 2669 1292 2714 magnifico
1318 2669 1506 2713 epularum
1531 2678 1645 2712 appa-

205 2717 295 2746 ratu.
345 2710 439 2745 Tum
469 2715 720 2762 unusquisque
750 2725 886 2758 eorum,
911 2712 977 2761 qui
999 2714 1171 2758 aderant,
1200 2726 1369 2762 surgens,
1393 2715 1565 2760 Scythica·
1583 2726 1645 2748 eo-

1436 2852 1450 2870 6
