1924 3164
456 199 511 239 IN
551 196 805 239 PRocoPn
844 193 1252 238 PANEGYmch.
1455 173 1573 229 603

130 305 268 342 eiectus
296 307 355 339 est
383 306 422 339 et
451 301 618 341 Ioannes
650 302 923 350 Constantini,
964 307 1084 354 atque
1121 297 1353 337 Anastasius
1382 296 1571 336 Silentia-

132 360 242 407 rius,
290 357 359 410 qui
393 356 497 395 male
539 356 703 410 posthac
729 357 941 409 imperavit
958 355 993 394 :”
1030 355 1102 394 ubi
1128 368 1203 407 pro
1236 355 1374 391 eiectus
1400 352 1574 391 emendo

132 414 295 460 electas,
327 424 420 449 cum
446 418 576 450 textus
597 412 772 450 Graecus
800 410 1088 463 Theophanis,
1122 423 1242 462 quem
1276 421 1431 460 semper
1462 403 1572 445 κατὰ

132 465 245 505 πόδα
288 467 470 519 sequitur
497 466 730 506 Anastasius
755 465 1086 504 Bibliothecarius
1104 493 1116 514 ,
1152 463 1298 502 habeat
1333 461 1571 514 συνεψηφί-

130 522 216 573 affl]
232 551 244 572 ,
273 520 314 559 id
343 527 401 559 est
417 551 428 568 ,
462 522 579 560 simul
614 522 865 573 eleetzoefitit.
923 520 985 559 Cl.
1014 519 1234 558 Tillemont
1252 548 1263 569 ,
1293 519 1363 571 qui
1395 516 1569 555 Anasta-

131 577 235 615 sium
271 575 520 628 designatum
539 576 662 615 fuisse
689 575 928 614 Antiochiae
957 576 1186 628 episcopum
1217 572 1448 626 ignorabat,
1478 586 1570 623 gra-

132 631 236 670 viter
268 630 402 683 lapsus
433 637 517 676 est,
549 630 648 670 haec
673 629 933 684 Theophanis
949 630 1075 669 verba
1099 631 1155 668 sic
1177 636 1336 668 vertens
1351 660 1364 676 ‚
1392 626 1573 665 Histoire

128 686 199 724 des
215 686 453 739 Empereurs
482 686 532 725 T.
548 686 623 724 Vl.
642 693 720 725 art.
739 686 773 724 1.
806 700 848 738 p.
875 685 972 725 552.
1000 684 1080 724 Ed.
1110 684 1252 726 Venet.
1272 683 1388 736 1739.
1413 694 1424 720 t
1454 681 1571 721 Arza-

131 750 230 779 stase
260 740 353 778 e'toit
376 742 403 778 ὰ
419 739 609 780 Antioche
637 755 734 779 avec
756 748 850 779 cette
878 739 1034 793 dignite'
1055 739 1115 792 (de
1136 739 1362 791 Silentz'gn're
1387 751 1436 775 en
1456 735 1570 787 448.)

131 795 311 850 lorsqu'il
331 809 411 834 con
419 796 577 834 tribua
607 797 634 833 ὰ
649 794 780 834 e'lever
803 809 872 834 sur
895 795 931 834 le
951 794 1123 834 tr6nede
1145 803 1237 832 cette
1245 793 1387 845 Eglise
1398 792 1572 830 Pallade

132 850 352 901 Eutychien
376 864 522 888 comme
550 851 632 898 lui5
658 850 806 889 scilicet
824 864 896 902 per
916 847 1216 902 συνεψηφίσθη
1237 848 1335 886 falso
1362 846 1570 886 intellexit:

130 919 240 943 saum
270 905 461 943 calculum
489 905 672 954 addidit,
699 914 741 943 ut
762 904 974 943 Palladius
992 912 1190 943 crearetur
1211 905 1439 957 episcopuS3
1478 915 1571 940 cum

131 961 264 1012 potius
279 959 485 1012 significet,
514 961 636 998 simul
658 975 743 998 cum
764 975 808 998 eo
834 960 971 998 electus
985 960 1088 1010 fait.
1122 958 1234 997 Idem
1245 958 1416 996 Histoir.
1429 956 1472 994 E
1472 957 1573 995 ccle-

128 1016 239 1053 siast.
275 1015 328 1052 T.
354 1015 467 1054 XVI.
497 1023 572 1057 art.
599 1015 666 1054 51.
685 1029 726 1068 p.
746 1014 843 1054 381.
878 1014 940 1053 ed.
963 1015 1109 1053 Venet.
1142 1014 1289 1067 ¹732st
1325 1012 1391 1051 οη
1428 1013 1501 1065 mjt
1522 1027 1572 1051 en

130 1083 176 1107 sa
208 1070 326 1124 place
372 1069 434 1120 (de
470 1070 611 1109 Pierre
647 1070 684 1108 le
710 1070 877 1120 Foulon)
906 1069 1078 1108 Pallade
1091 1097 1102 1118 ,
1129 1069 1262 1122 pretre
1292 1067 1343 1106 de
1374 1067 1405 1105 l’
1434 1067 1574 1119 Eglise

129 1124 180 1162 de
218 1123 263 1162 S.
303 1124 441 1163 lee'cle
481 1127 509 1163 ὰ
542 1124 740 1172 Se'leucie,
774 1139 871 1183 par
914 1125 967 1163 la
990 1125 1184 1176 faveat·
1215 1123 1266 1161 de
1294 1123 1395 1160 Jean
1418 1122 1499 1177 fils
1522 1122 1573 1161 de

131 1179 360 1218 Constantia
378 1188 416 1218 et
438 1179 481 1218 d'
513 1179 706 1219 Anastase
723 1181 793 1235 qui
802 1180 880 1231 fut
901 1178 1044 1218 bient6c
1063 1179 1178 1233 apres
1214 1177 1445 1231 Empereur.
1485 1177 1572 1215 Sci-

128 1231 223 1272 licet
250 1247 334 1271 non
367 1241 567 1274 assecutus
592 1241 650 1273 est
680 1236 764 1273 vim
790 1235 898 1273 vocis
924 1233 1222 1285 συνεψηφίσθη
1239 1261 1251 1281 ,
1279 1246 1399 1285 quam
1423 1232 1575 1284 optime

131 1287 352 1327 declaravit
372 1289 547 1341 Cangius
571 1291 612 1328 in
639 1303 713 1328 suo
739 1289 893 1341 mediae
904 1289 1139 1327 Graecitatis
1156 1287 1373 1334 Glossario,
1403 1288 1443 1324 in
1456 1281 1571 1337 Σύμ-

132 1351 293 1395 ψηφοι,
320 1358 422 1398 quos
451 1344 548 1383 dicit
576 1358 643 1383 eos
671 1358 781 1390 esse,
828 1345 898 1397 qui
925 1342 1063 1397 populi
1091 1343 1268 1395 clerique
1296 1341 1492 1395 suffragiis
1521 1342 1574 1380 si-

132 1397 219 1436 mul
256 1397 307 1436 ad
354 1400 627 1452 episcopatum
664 1399 914 1452 eligebantur
952 1413 1022 1437 seu
1058 1397 1406 1451 proponebantur:
1446 1410 1542 1435 nam
1559 1426 1573 1446 ,

131 1459 178 1490 ut
204 1452 290 1491 fieri
316 1452 416 1492 solet
441 1455 483 1491 in
514 1454 707 1493 eiusmodi
735 1453 995 1492 electionibus
1011 1483 1022 1502 ,
1053 1452 1122 1492 alii
1151 1452 1274 1491 alium
1301 1450 1572 1505 postulabant,

129 1507 260 1560 inquit
278 1507 458 1547 Socrates
472 1509 520 1547 L.
547 1510 600 1547 V.
631 1523 668 1548 c.
693 1523 732 1547 2.
750 1515 789 1547 et
807 1509 857 1547 L.
879 1509 956 1547 VI.
975 1523 1012 1547 c.
1040 1522 1052 1546 1
1067 1522 1122 1558 1.,
1142 1515 1335 1559 tanquam
1360 1503 1456 1552 τούς
1484 1505 1576 1544 ἑπι-

129 1564 299 1601 oxon-etv
316 1560 587 1615 ἐπιτηδείους,
617 1558 645 1616 ἢ
671 1562 1060 1615 προσδοκωμένους,
1090 1570 1136 1602 ut
1163 1562 1342 1615 loquitur
1362 1562 1573 1601 Sozomen.

130 1616 178 1655 L.
194 1617 291 1655 VII.
317 1631 354 1655 c.
372 1618 412 1656 3.
434 1647 445 1664 ,
484 1617 628 1669 donec,
658 1618 977 1671 conspirantibus
1006 1618 1187 1656 omnium
1227 1617 1443 1670 suffragiis,
1470 1630 1575 1654 unus

130 1670 370 1723 eligeretur,
399 1671 464 1711 vel
483 1686 506 1711 e
532 1673 664 1712 tribus
693 1673 745 1711 ad
772 1674 1002 1725 Principem
1040 1672 1182 1712 delatis
1209 1672 1357 1711 borum
1389 1685 1494 1709 unus
1522 1671 1575 1710 ad

131 1727 402 1778 episcopatum
429 1727 746 1780 proveheretur3
800 1727 910 1780 quod
939 1727 1115 1779 Cangius
1142 1727 1220 1766 hoc
1249 1728 1333 1780 ipso
1362 1726 1576 1764 confirmat

131 1780 390 1833 Theophanis
418 1781 530 1828 loco,
561 1782 633 1820 ubi
664 1782 851 1821 observat
878 1788 958 1820 tres
985 1781 1052 1820 hic
1075 1778 1335 1834 συμψήφους
1362 1780 1570 1833 appellari,

132 1833 227 1874 licet
254 1834 390 1887 plures
427 1836 591 1875 forsitan
621 1844 776 1886 essent3
823 1836 933 1889 quod
958 1850 1004 1874 ex
1033 1837 1080 1874 iis
1107 1850 1232 1873 unum
1260 1836 1478 1886 Princeps,
1507 1835 1574 1873 vel

130 1897 238 1928 certe
265 1890 521 1943 Metropolita
553 1891 734 1945 seligeret
761 1906 835 1944 pro
864 1890 1058 1940 arbitrio;
1084 1891 1230 1943 quippe
1250 1920 1262 1941 ,
1293 1890 1352 1928 uti
1382 1890 1574 1928 docemur

131 1958 154 1983 e
172 1945 339 1983 Novella
367 1944 454 1984 138.
485 1946 693 1985 Iustiniani
723 1960 756 1988 c.
780 1961 839 1997 2.,
869 1953 1029 1984 mortuo
1052 1948 1253 1998 episcopo,
1285 1944 1446 1983 coibant
1474 1947 1574 1995 κλη-

131 1998 244 2052 ρικοί
271 1996 344 2038 καί
369 2000 529 2052 πρῶτοι
556 2001 629 2053 τῆς
655 1997 836 2050 πόλεως,
866 2002 998 2054 iique,
1027 2002 1237 2053 propositis
1266 2001 1410 2038 sanctis
1432 1999 1572 2038 Evan-

130 2053 264 2106 geliis,
296 2051 368 2093 ἐπί
391 2053 506 2105 τρισί
533 2052 772 2108 προσώποις
801 2052 1002 2107 ψήφισμα
1047 2055 1266 2104 faciebant,
1307 2052 1364 2100 (ὃς
1402 2053 1447 2092 ἐκ
1489 2054 1574 2092 τῶν

132 2108 435 2161 ψηφιζομένων
457 2110 585 2160 τριῶν
613 2105 848 2163 προσώπων
867 2107 887 2148 ὁ
908 2109 1079 2160 βελτίων
1102 2109 1382 2162 χειροτονηθῇ
1407 2107 1461 2162 τῇ
1481 2107 1574 2147 ἐπι-

129 2162 231 2216 λογῇ
259 2162 329 2202 καὶ
357 2163 416 2217 τῷ
443 2164 611 2217 κρίματι
639 2164 717 2203 τοῦ
760 2164 1109 2216 χειροτονοῦντος.
1167 2165 1249 2214 Qui
1289 2164 1451 2217 quidem
1491 2170 1574 2202 tres

130 2217 245 2255 electi
270 2218 444 2257 invicem
460 2248 471 2268 ‚
500 2219 607 2269 sive,
637 2227 683 2258 ut
709 2220 903 2259 horumce
929 2226 1155 2272 temporum
1191 2219 1325 2257 Latini
1363 2218 1574 2267 dicebant,

129 2271 397 2326 suffraganei,
428 2270 655 2326 σύμψηφοι
703 2282 743 2313 et
787 2274 991 2313 interdum
1026 2276 1145 2312 etiam
1183 2269 1407 2326 ὑπόψηφοι
1436 2272 1575 2326 appel-

129 2326 342 2375 labantur,
373 2327 714 2380 quemadmodum
742 2330 848 2382 apud
876 2329 1048 2368 eundem
1076 2329 1282 2367 Socratem
1310 2330 1359 2367 L.
1378 2329 1432 2367 V.
1450 2342 1487 2366 c.
1511 2327 1570 2367 5.:

127 2379 430 2432 συναγαγόντες
478 2379 579 2428 τούς
622 2378 880 2437 ὖποψήφους
922 2382 981 2429 εἰς
1030 2379 1282 2434 ἐπισκοπὴν,
1330 2378 1574 2434 εὑρίσκουσι

128 2431 228 2481 τούς
265 2433 421 2482 πάντας
459 2433 534 2475 τὸν
571 2435 758 2488 α’ριθμόν
801 2437 856 2486 ἕξ.
914 2439 963 2476 In
1001 2438 1171 2477 eundem
1210 2452 1256 2476 ac
1292 2437 1573 2476 Tillemontius

130 2503 308 2528 errorem
331 2492 558 2530 inciderunt
579 2492 795 2531 doctissimi
823 2492 1094 2532 Bollandistae
1122 2495 1163 2531 in
1188 2493 1365 2531 Historia
1387 2493 1574 2531 Chrono-

128 2542 259 2596 logica
286 2545 611 2585 patriarcharum
640 2546 988 2587 Antiochenorum
1027 2563 1068 2600 p.
1100 2562 1167 2601 90.
1205 2547 1293 2587 Col.
1321 2562 1360 2586 2.
1398 2548 1448 2585 T.
1489 2548 1563 2585 IV.
1581 2549 1715 2593 Pag-31

131 2597 274 2637 Actor.
290 2600 359 2638 SS.
382 2601 495 2649 Iulii,
526 2602 605 2640 Ed.
633 2603 775 2642 Venet.
805 2602 938 2656 ¹74&
968 2602 1038 2641 ubi
1067 2604 1122 2642 sic
1147 2603 1396 2655 loquuntur:
1434 2602 1575 2650 „Hinc

132 2652 248 2691 facile
277 2656 466 2707 suspicari
499 2657 588 2709 quis
610 2665 766 2709 posset,
793 2659 875 2696 imo
908 2657 1071 2696 deberet
1091 2686 1103 2707 ,
1131 2673 1214 2697 non
1237 2672 1365 2696 unum
1389 2657 1454 2694 hic
1482 2663 1573 2694 tan-

122 2714 219 2745 =tum
245 2707 415 2748 electum
447 2725 531 2749 esse
561 2712 836 2752 Patriarcham
870 2711 1164 2751 Antiochenam
1182 2744 1192 2760 ‚
1227 2713 1295 2752 sed
1324 2720 1405 2750 tres
1435 2710 1575 2749 eodem

130 2768 326 2816 tempore.
383 2765 537 2806 Verum
580 2766 679 2806 haec
714 2768 986 2821 interpretatio
1019 2769 1182 2807 omnino
1212 2766 1440 2820 corrigenda
1481 2772 1568 2815 est;
