1924 3164
337 144 435 209 142
907 157 1189 199 ExcERPTA

142 267 311 314 A.C.447
433 262 483 318 γ’.
530 259 618 304 Ὅτι
645 258 753 314 μετὰ
780 258 854 313 τὴν
882 259 927 299 ἐν
956 257 1213 316 Χερ’ῥονήσῳ
1242 256 1382 313 μα’χην
1404 255 1627 315 “Ρωμαι’ων
1654 260 1759 319 πρὸς
1790 245 1795 256 ⁴

134 314 263 395 Thlggld
278 316 513 406 '4501'1'vvov9
541 329 717 382 ἐγίνοντο
745 322 819 365 καί
855 321 901 365 αῖ
928 322 1179 376 συμβάσεις,
1216 324 1456 366 Ἀνατολιόυ
1498 331 1757 383 πρεσβευσα-

223 374 465 454 ν.ἠ4ο,ιιένου.
492 393 563 435 καί
589 394 659 433 ἐπὶ
684 390 822 431 τοῖσδε
850 390 1102 442 ἐσπένδοντο,
1133 384 1245 438 ὅπως
1263 391 1473 433 ἐκδοθεῖεν
1491 393 1570 445 μὲν
1594 389 1645 436 ἂν
1671 399 1759 444 τοῖς

332 455 509 508 Οῦννοις
539 457 578 498 οἱ
606 453 814 512 φυγάδες,
869 452 944 499 καὶ
982 455 1027 503 ἓξ
1049 453 1239 508 χιλιάδες
1263 456 1442 511 χρυσίου
1470 459 1622 512 λιτρῶν
1647 458 1756 513 ὑπὲρ

326 528 408 569 τῶν
444 521 574 564 πάλαι
601 518 836 571 συντάξεων
876 521 1039 561 δοθεῖεν
1068 516 1233 570 αὗτοῑς.
1291 517 1420 577 φόρον
1446 522 1492 563 δὲ
1522 519 1639 571 ἔτους
1665 520 1787 565 ἑκά-5

329 605 430 633 στου
461 587 669 641 δισχιλίας
695 584 770 627 καὶ
795 581 943 627 ἑκατὸν
982 586 1124 641 λίτρας
1147 587 1315 641 χρυσοῦ
1342 602 1488 642 σφισιν
1517 589 1760 641 τεταγμένον

325 653 445 698 εἶναι.
500 653 606 706 ὑπὲρ
638 652 685 694 δὲ
714 649 986 706 αἰχμαλώτου
1021 650 1240 704 εΡωμαίου
1267 652 1493 707 φεύγοντος
1520 654 1592 694 καί
1615 654 1658 702 ἐς
1685 650 1761 708 τὴν

288 721 534 776 Βσφετέραν
561 718 636 772 γῆν
664 711 764 759 ἄνευ
793 713 957 772 λύτρων
985 717 1265 769 διαβαίνοντος
1301 713 1461 758 δώδεκα
1488 719 1674 773 χρυσοῦς
1700 714 1760 761 εἶ-

321 801 391 827 ναι
418 778 684 839 ἅποτιμησιν·
739 780 799 837 μὴ
838 780 1168 836 καταβάλλοντας
1210 783 1256 824 δὲ
1291 779 1390 831 τούς
1424 782 1762 837 ὑποδεχομένους

322 847 536 892 ἐκδιδόναι
577 846 652 890 τὸν
690 846 927 907 φεύγοντα.
980 848 1141 902 μηδέ-να
1182 847 1228 888 δὲ
1268 847 1484 903 βάρβαρον
1516 845 1815 902 “Ρωμαίουςιο

321 913 428 958 κατὰ
466 915 579 970 σφᾶς
615 914 823 970 φεύγοντα
861 914 1093 966 δέχεσθαι.
1148 909 1306 962 ταύτας
1333 916 1657 968 προσεποιοῦντο
1683 916 1762 967 μὲν

321 981 542 1025 ἐθελονταὶ
576 979 792 1032 ζΡωμαῖοι
833 976 907 1027 τὰς
942 975 1159 1032 συνθήκας
1184 978 1401 1020 τίθεσθαι·
1457 975 1608 1037 ἀνάγκῃ
1638 981 1684 1022 δὲ
1711 976 1763 1020 ῦ-

324 1044 596 1102 περβάλλοντι
636 1045 748 1097 δέει,
796 1040 897 1099 ὅπερ
929 1049 1096 1096 κατεῖχε
1135 1042 1233 1091 τούς
1270 1045 1391 1099 σφῶν
1418 1038 1644 1100 ἄρχοντας,
1680 1047 1763 1087 πᾶν

321 1114 528 1166 ἐπίταγμα
556 1110 701 1166 καίπερ
733 1104 780 1150 ὃν
807 1105 1022 1163 χαλεπὸν,
1053 1112 1196 1161 τυχεῖν
1221 1109 1291 1163 τῆς
1318 1106 1481 1164 εἰρήνης
1508 1109 1765 1152 ἐσπουδακό-

321 1193 399 1230 τες,
429 1177 673 1231 ἠσμένιζον,
718 1175 793 1215 καί
818 1171 896 1228 τήν
922 1174 1007 1215 τῶν
1036 1172 1177 1229 φόρων
1203 1172 1396 1224 σύνταξιν
1421 1170 1660 1230 βαρυτάτην
1689 1168 1816 1220 ozi-15

323 1258 402 1284 σαν
428 1242 663 1296 προσίεντο,
692 1242 772 1286 τῶν
798 1237 1028 1294 χρημάτων
1056 1239 1196 1287 αὐτοῖς
1225 1236 1299 1280 καί
1322 1240 1405 1280 ταῖν
1431 1242 1657 1293 βασιλικῶν
1681 1242 1763 1295 θη-

221 1318 316 1357 Ρ.35
328 1309 499 1362 σαυρῶν
552 1304 628 1347 οῦκ
678 1307 737 1356 εἷς
777 1306 870 1346 δέον
925 1305 1345 1363 ἐκδεδαπανημένων,
1389 1301 1493 1346 ἀλλὰ
1536 1307 1634 1360 περὶ
1658 1307 1762 1354 θέας

321 1370 503 1421 ἀτόπους
530 1372 603 1412 καί
640 1371 881 1427 φιλοτιμίας
917 1368 992 1410 οὐκ
1027 1365 1223 1423 εὐλόγους
1250 1370 1323 1413 καί
1347 1366 1500 1424 ἡδονὰς
1527 1371 1600 1411 καί
1626 1367 1764 1412 δαπά-

320 1454 396 1487 νας
435 1437 674 1490 ἀνειμένας,
724 1436 773 1484 ἃς
812 1435 950 1484 οὐδεὶς
987 1435 1069 1479 τῶν
1107 1429 1158 1475 εὖ
1196 1433 1461 1490 φρονούντων
1494 1432 1593 1476 οῦδὲ
1617 1436 1662 1476 ἐν
1688 1436 1761 1476 εύ-

320 1504 518 1560 πραγίαις
546 1499 751 1556 ὑποσταίη
761 1534 773 1553 ,
820 1496 879 1555 μή
908 1500 953 1541 τί
973 1515 1019 1554 γε
1048 1498 1098 1554 δὴ
1131 1499 1170 1541 οἱ
1199 1502 1283 1542 ταῖν
1314 1496 1452 1541 ὅπλων
1479 1496 1821 1556 ὄλιγωρήσαν-αο

320 1585 398 1623 τες,
427 1564 531 1610 (ὅστε
556 1565 613 1622 μὴ
642 1565 769 1619 μόνον
789 1565 987 1617 Σκύθαις,
1018 1563 1125 1606 οἷλλιὶ
1153 1562 1232 1620 γὰρ
1263 1564 1335 1606 καὶ
1358 1571 1445 1614 τοῖς
1470 1569 1628 1614 λοιποῖς
1653 1568 1762 1620 βαρ-

323 1626 471 1692 βάροις
498 1638 586 1682 τοῖς
613 1632 887 1687 παροικοῦσιν
915 1629 992 1685 τήν
1027 1630 1256 1683 “Ρωμαίων
1284 1628 1510 1672 ὑπακούειν
1538 1632 1598 1681 εἰς
1626 1628 1758 1687 φόρου

394 1751 448 1775 11-
473 1735 576 1786 παρὰ
610 1739 714 1783 σφᾶς
743 1736 838 1771 coni.
865 1737 902 1770 B.
964 1748 1014 1770 12.
1036 1735 1078 1770 δὲ
1101 1737 1166 1770 καὶ
1189 1735 1316 1783 ὗπερβ.
1340 1736 1386 1774 Ν.

411 1831 442 1864 3.
489 1829 571 1862 Post
595 1837 751 1873 pugnam
775 1827 815 1861 in
839 1826 1062 1861 Chersoneso
1088 1828 1309 1861 commissam
1342 1829 1492 1862 Romani
1516 1838 1596 1861 cum
1616 1828 1763 1863 Hunnis,

318 1887 441 1922 pacem
464 1886 529 1920 per
549 1874 757 1908 Anatolium
782 1874 940 1917 legatum
971 1873 1146 1913 fecerunt,
1172 1879 1208 1906 et
1232 1875 1270 1907 in
1294 1874 1357 1907 has
1383 1874 1610 1908 conditiones
1630 1885 1762 1909 conve-

318 1926 469 1958 nerunt:
495 1920 666 1965 profugos
692 1919 834 1955 Hunnis
858 1920 981 1960 reddi,
1014 1931 1076 1954 sex
1099 1920 1215 1952 millia
1247 1922 1326 1953 auri
1357 1920 1531 1954 librarum
1562 1932 1627 1965 pro
1652 1931 1758 1964 prae-

318 1969 437 2003 teritis
473 1966 664 2011 stipendiis
699 1965 812 2009 solvi;
836 1965 907 1999 duo
938 1966 1055 2000 millia
1090 1972 1127 2000 et
1159 1972 1301 2001 centum
1333 1967 1373 2000 in
1396 1972 1580 2011 posterum
1606 1967 1757 2010 singulis

320 2016 425 2049 annis
458 2013 589 2046 tributi
619 2013 766 2057 nomine
788 2012 910 2057 pendi.
958 2014 1023 2047 Pro
1055 2024 1276 2059 unoquoque
1309 2014 1447 2058 captivo
1475 2014 1653 2052 Romano,
1691 2013 1757 2057 qui

318 2064 361 2096 in
386 2063 625 2095 Romanorum
650 2060 750 2099 fineS‚
774 2071 846 2095 non
871 2059 988 2093 soluto
1013 2059 1271 2104 redemptionis
1297 2061 1427 2104 pretio,
1454 2060 1634 2100 evasisset,
1662 2059 1755 2093 duo-

321 2109 439 2142 decim
464 2117 655 2140 aureorum
688 2105 858 2138 mulctam
896 2105 1034 2138 inferri.
1086 2106 1188 2150 Quae
1215 2107 1245 2138 si
1270 2118 1343 2139 non
1367 2106 1584 2147 solveretur,
1608 2107 1671 2151 qui
1695 2117 1755 2138 ca-

319 2157 462 2201 ptivum
486 2154 693 2198 recepisset,
719 2152 911 2188 restituere
936 2153 1064 2186 teneri.
1110 2153 1287 2186 Romanos
1322 2153 1502 2185 neminem
1526 2162 1570 2185 ex
1590 2152 1755 2189 barbaris

321 2201 370 2233 ad
394 2213 431 2234 se
457 2199 720 2243 confugientem
746 2197 948 2233 admittere.
995 2199 1038 2232 In
1069 2198 1131 2232 has
1156 2199 1302 2244 quidem
1336 2198 1518 2233 foederum
1552 2199 1647 2243 leges
1683 2200 1759 2232 Ro-v

320 2249 421 2281 mani
445 2251 572 2291 sponte
598 2245 821 2279 consensisse
831 2245 947 2278 videri
967 2245 1148 2279 volebant:
1174 2244 1237 2279 sed
1259 2245 1471 2282 necessitate
1495 2246 1620 2286 coacti,
1645 2256 1755 2290 supe-

322 2299 425 2328 rante
450 2298 546 2326 metu
562 2318 571 2332 ,
595 2293 658 2338 qui
683 2292 921 2328 Romanorum
953 2291 1084 2327 ducum
1117 2297 1255 2325 mentes
1281 2297 1536 2335 occupaverat,
1561 2296 1757 2336 quantum-

321 2341 375 2374 vis
402 2339 506 2372 dui-as
539 2345 575 2372 et
610 2339 754 2384 iniquas
778 2338 1002 2373 conditiones
1026 2338 1097 2372 sihi
1132 2335 1318 2384 impositas
1341 2348 1478 2373 summo
1502 2339 1600 2382 pacis
1625 2349 1755 2372 conse-

323 2384 490 2433 quendae
514 2384 633 2418 studio
657 2385 756 2418 ducti
781 2383 992 2420 lubentibus
1018 2385 1145 2418 animis
1171 2390 1424 2428 susceperunt,
1449 2390 1485 2418 et
1509 2385 1759 2428 gravissimum

322 2432 500 2467 tributum
530 2430 689 2476 pendere
722 2443 796 2465 non
819 2430 1052 2475 recusabant,
1085 2442 1294 2477 quamquam
1325 2441 1411 2474 opes
1436 2431 1580 2474 imperii
1604 2436 1641 2465 et
1663 2431 1756 2476 regii.

322 2478 485 2513 thesauri
508 2488 582 2510 non
607 2477 653 2515 ad
676 2478 894 2512 necessarios
923 2490 1005 2511 usus
1019 2503 1028 2518 ‚
1060 2479 1123 2513 sed
1148 2480 1187 2512 in
1210 2476 1361 2513 absurda
1383 2477 1610 2522 spectacula,
1627 2479 1667 2511 in
1689 2489 1756 2511 va·-

324 2537 391 2559 nos
420 2525 596 2558 hononum
628 2524 795 2564 ambitus,
818 2526 858 2558 in
891 2525 1100 2559 immodicas
1134 2525 1333 2567 volup-tates
1366 2530 1402 2557 et
1425 2525 1632 2568 largitiones
1666 2535 1754 2561 con-

325 2577 487 2617 sumptae
514 2571 677 2610 fuerant,
701 2571 825 2615 quales
848 2582 957 2605 nemo
981 2583 1083 2606 sanae
1107 2573 1239 2609 mentis,
1266 2570 1324 2602 v-el
1357 2571 1396 2605 in
1420 2572 1573 2604 maxime
1597 2570 1753 2607 affluen-

325 2619 425 2652 tibus
451 2617 659 2651 divitiarum
680 2617 792 2660 copiis
817 2619 1028 2659 sustineret,
1052 2618 1183 2654 nedum
1211 2617 1356 2653 Romani
1380 2616 1462 2657 isti,
1490 2618 1555 2662 qui
1577 2617 1630 2650 rei
1653 2617 1751 2655 mili-

326 2665 415 2700 taris
440 2663 598 2697 studium
624 2661 713 2697 adeo
749 2663 1000 2707 neglexerant,
1034 2669 1075 2698 ut
1097 2675 1168 2700 uon
1192 2663 1306 2694 solum
1331 2662 1490 2705 Scythis,
1515 2663 1578 2701 sed
1602 2668 1639 2697 et
1662 2664 1750 2699 reli-

330 2711 410 2758 quis
453 2709 635 2756 barbaris,
663 2709 727 2755 qui
763 2712 941 2754 proximas
977 2710 1122 2755 imperii
1149 2709 1298 2747 Romani
1326 2710 1488 2754 regiones
1519 2709 1754 2751 incolebant,
