1924 3164
511 152 546 191 E
586 150 871 192 MENANnm
910 147 1186 192 msromA.
1464 130 1576 206 347

126 250 263 303 ἔλεξεν
291 243 399 293 ὦδε·
457 250 723 308 ,,ποέρεσμεν,
755 246 791 293 αἶ
819 246 970 308 ἄνδρες
998 253 1171 307 Πέρσαι
1190 283 1202 304 ,
1230 250 1337 308 πρὸς
1364 252 1442 293 τοῦ
1463 251 1630 295 ‘Pto-A.
1643 253 1680 289 C.
1694 256 1763 291 562

124 319 264 371 μαίων
291 319 500 370 βασιλέως
528 321 760 368 σταλέντες.
799 317 942 369 ὁποῖος
972 319 1019 360 δὲ
1047 319 1071 360 ὁ
1099 319 1197 361 καθ’
1226 317 1339 374 ἡμᾶς
1366 301 1778 386 βασιλεύςᾶεέέίὲᾍδ

125 381 321 438 περιττὸν
348 378 400 425 ἂν
428 382 492 440 εἴη
521 385 675 439 λέγειν,
724 380 982 439 πραγμάτων
1022 382 1097 427 τὸν
1135 379 1272 440 ἄνδρα
1301 383 1586 439 διηγουμένων

124 447 241 501 ὑμῖν.
295 447 476 504 πάρειμι
503 452 582 503 μὲν
612 445 688 491 οὖν
715 450 782 504 ἐφ’
813 443 847 506 ᾧ
873 447 924 491 τοὶ
952 451 1023 504 τῆς
1048 444 1128 505 ἤδη
1151 451 1420 505 γεγενημένης
1447 450 1490 498 ἐς
1516 464 1586 491 τε-

97 511 342 569 5λεωτάτην
383 511 555 570 εἰρήνην
587 514 911 568 μετασκευάσαι.
979 515 1230 567 ἇναὸιὸάξαι
1283 516 1330 557 δὲ
1374 512 1584 569 βούλομαι

122 577 328 635 πρότερον
351 579 454 636 πρὸς
486 582 582 623 οἵαν
608 581 712 633 ὑμῖν
743 582 957 623 πολιτείαν
983 580 1057 623 καί
1085 578 1187 636 ὅσην
1218 580 1263 623 αἱ
1291 581 1472 624 σπονδαὶ
1512 584 1583 634 βε·-

120 646 452 701 βαιωθήσονται.
509 643 602 688 ἄλλ’
643 649 684 702 εἰ
721 647 800 689 καί
828 663 890 697 τις
930 644 1267 703 μεγαλοῤῥήμων
1305 643 1412 690 εἶναι
1444 646 1581 701 δόξω,

120 709 168 752 τὸ
202 718 395 754 συνοῖσον
423 713 687 768 ἀμφοτέραις
717 719 810 762 ταῖς
837 715 1070 762 πολιτείαις
1088 713 1330 770 θηρώμενοι
1353 711 1412 769 μή
1447 710 1585 767 ἆχθε-”

119 779 253 832 σθῆτε
280 779 335 835 τῇ
360 781 658 837 περιττολογιζκ.
716 779 792 820 οὐκ
819 780 862 828 ές
889 777 1061 835 μακράν
1087 779 1168 835 γὰρ
1214 781 1260 821 έν
1289 781 1426 822 δέοντι
1468 777 1581 831 δόξει

69 840 169 884 roni
207 846 385 886 τοιαῦτα
426 847 650 899 λελέχθαι,
701 843 1044 901 ἑπαινεθὴσομαί
1075 861 1121 887 τε
1160 843 1268 901 πρὸς
1305 845 1444 899 ὑμῶν,
1493 847 1579 888 ταῖν

116 908 376 965 πραγμάτων
405 911 521 965 ὑμᾶς
558 911 926 955 α’ναδιδασκόντων
963 910 1041 967 τὴν
1080 913 1127 954 ἐκ
1170 912 1253 954 τῶν
1290 907 1426 965 λόγων
1454 910 1695 968 ὥφέ-Ριι34

115 979 247 1018 λειαν.
302 977 545 1033 γενήσονται
574 978 714 1020 τοίνυν
743 975 846 1031 ὑμῖν
879 978 924 1020 αἱ
952 980 1162 1033 ξυνθῆκαι
1187 975 1295 1033 πρὸς
1327 977 1578 1031 Ῥωμαίους.

115 1038 292 1098 ἀρκέσει
331 1045 379 1085 δὲ
413 1043 653 1097 Ῥωμαίους
698 1044 851 1086 εἰπεῖν·
897 1045 1018 1099 δηλοῖ
1055 1043 1138 1100 γὰρ
1180 1043 1492 1099 ἧπροσηγορία
1521 1043 1576 1087 τοὶ

114 1107 357 1162 λειπόμενα.
410 1108 555 1165 χρεών
596 1106 672 1152 οὖν
712 1108 848 1164 ὑμᾶς,
884 1110 942 1160 ὥς
981 1109 1089 1164 πρὸς
1117 1110 1328 1164 τοσαύτην
1362 1112 1577 1153 πολιτείαν

64 1173 415 1229 ι5σπεισομένους
443 1175 518 1217 καί
554 1175 606 1217 οὔ
645 1178 746 1233 περὶ
782 1178 982 1231 βραχέων
1008 1177 1362 1230 βουλευομένους,
1391 1173 1442 1218 τοὶ
1472 1173 1576 1218 κάλ-

111 1239 236 1284 λιστά
265 1257 311 1284 τε
339 1242 413 1284 καί
438 1244 686 1285 συνοίσοντα
713 1245 876 1295 μᾶλλον
902 1241 1103 1295 ἑλέσθαι,
1133 1241 1207 1284 καί
1234 1241 1329 1284 a‘vu‘
1353 1243 1439 1284 τῶν
1466 1238 1574 1298 ἄδή-

110 1311 197 1350 λων
237 1310 311 1350 τοῦ
348 1310 532 1361 πολέμου
575 1306 621 1350 τὸ
660 1307 976 1364 προδηλότατον
1012 1309 1142 1350 πᾶσιν
1181 1304 1422 1363 ἀνθρώποις
1433 1341 1446 1360 ,
1494 1306 1572 1363 τήν

111 1371 301 1430 εἰρήνην,
349 1372 513 1428 ἀγαθὸν
555 1371 837 1426 ἀσπάζεσθαι.
894 1375 970 1416 καί
1001 1372 1062 1428 μή
1106 1390 1168 1424 τις
1204 1372 1321 1427 ὑμᾶς
1366 1372 1572 1418 οἶπατὰτω

109 1438 339 1494 λογισμὸς,
392 1439 448 1488 ὥς
501 1439 741 1494 νενικήκατε
790 1440 1062 1494 εΡωμαιόυς,
1118 1440 1348 1495 ἐπηρμένοι
1386 1441 1446 1497 τῷ
1495 1438 1573 1494 τήν

54 1502 362 1560 2οἈντιὸχειαν
402 1505 563 1548 ἁλῶναι
608 1504 715 1561 πρὸς
754 1505 875 1558 ὑμῶν
901 1507 976 1548 καί
1015 1500 1119 1548 ἄττα
1159 1503 1378 1558 Ῥωμαϊκὰ
1412 1505 1611 1560 χωρία.Β

108 1569 155 1613 τό
184 1570 264 1627 γὰρ
294 1570 557 1627 ὑπερβάλλον
585 1572 660 1627 τῆς
681 1569 929 1627 εΡωμαϊκῆς
957 1571 1160 1626 εὐτυχίας
1189 1569 1211 1613 ὃ
1239 1570 1341 1620 θεὸς
1369 1563 1569 1613 ἐκόλασεν

110 1637 155 1679 ἐν
199 1633 362 1696 τούτῳ,
403 1639 462 1696 τῷ
490 1636 548 1694 μὴ
592 1637 779 1691 νομίζειν
819 1633 1047 1694 ἄνθρωπον
1087 1637 1318 1693 α’νθρώπου
1347 1636 1570 1694 διαφέρειν

204 1749 238 1783 6.
266 1748 354 1784 οἵαν
378 1748 446 1791 H..
472 1742 534 1782 οἷα
558 1749 654 1795 vulg.
776 1762 810 1796 9.
839 1747 941 1790 δόξει
967 1750 1045 1791 CL,
1069 1748 1184 1790 δείξει
1206 1750 1302 1796 vulg.

107 1861 221 1897 quum
243 1849 414 1883 omnibus
439 1849 642 1895 disciplinis
668 1850 774 1884 valde
801 1853 982 1894 excultus,
1007 1856 1087 1887 tum
1110 1853 1308 1897 praecipue
1327 1852 1367 1886 in
1387 1854 1467 1886 iure
1488 1863 1570 1887 ver-

106 1902 228 1938 satus,
255 1897 478 1938 „Adsumus‚
503 1908 524 1930 o
549 1898 619 1930 viri
642 1897 794 1938 Persae,
822 1898 967 1944 inquit,
1008 1909 1028 1930 a
1066 1899 1310 1932 Romanorum
1344 1900 1568 1944 Imperatore

105 1944 218 1978 missi.
269 1943 362 1988 Quis
385 1955 471 1978 vero
507 1948 545 1977 et
578 1943 698 1991 qualis
735 1946 783 1977 sit
815 1951 940 1979 noster
965 1946 1176 1991 Imperator,
1215 1956 1478 1990 supervacuum
1513 1952 1571 1980 est

107 1990 242 2024 dicere.
290 1991 435 2025 Etenim
471 1992 550 2023 eius
585 2001 696 2036 opera
725 1991 837 2024 ‘vobis
874 1993 991 2025 virum
1030 1992 1283 2025 demonstrant
1320 1998 1357 2026 et
1391 1993 1567 2027 indicant.

105 2038 244 2072 Adsum
269 2038 401 2082 igitur,
435 2043 476 2071 ut
510 2039 582 2071 iam
610 2038 720 2072 initas
745 2043 783 2071 et
806 2037 919 2072 factas
945 2039 1207 2073 conventiones
1234 2038 1280 2072 ad
1305 2038 1506 2083 perfectam
1531 2045 1570 2079 et

105 2085 313 2118 absolutam
337 2096 462 2130 pacem
488 2084 685 2119 traducam.
733 2085 807 2130 Ego
833 2096 919 2118 vero
939 2086 1098 2130 primum
1122 2085 1226 2130 quali
1248 2090 1285 2119 et
1304 2097 1412 2131 quam
1431 2093 1566 2132 poten-

105 2132 136 2164 ti
169 2143 251 2165 cum
290 2132 429 2177 populo
465 2133 663 2165 amicitiam
699 2133 921 2166 contracturi
955 2132 1057 2174 sitis,
1098 2131 1202 2166 vobis
1241 2133 1435 2168 ostendere
1467 2134 1566 2168 volo.

106 2177 250 2223 Quodsi
287 2179 424 2212 multus
460 2179 500 2211 in
534 2179 690 2213 dicendo
728 2190 806 2213 esse
842 2178 1011 2220 videbor,
1059 2182 1183 2213 tamen
1207 2178 1308 2225 quod
1330 2181 1503 2214 Romanis
1529 2187 1568 2216 et

104 2226 223 2260 Persis
247 2225 429 2260 conducat
451 2227 690 2271 respicientes
706 2251 715 2267 ,
750 2236 888 2271 quaeso
915 2237 962 2259 ne
986 2225 1163 2260 orationis
1191 2225 1423 2272 longitudine
1449 2229 1564 2263 offen-

106 2271 256 2307 damini.
305 2271 396 2306 Nam
424 2271 549 2315 brevi,
574 2271 665 2306 haee
689 2278 898 2318 opportuno
919 2271 1016 2309 dicta
1043 2283 1146 2314 esse,
1179 2273 1374 2318 apparebit
1407 2279 1445 2307 et
1482 2275 1566 2309 lau-

107 2318 189 2352 dem
214 2331 234 2353 a
259 2317 364 2352 vobis
389 2330 607 2366 consequar,
630 2331 712 2354 cum
736 2328 792 2353 res
817 2321 919 2364 ipsae
949 2330 1012 2353 vos
1033 2318 1227 2355 docuerint
1258 2331 1338 2354 eam
1374 2332 1485 2367 quam
1518 2334 1565 2357 ex

108 2366 275 2400 oratione
307 2377 389 2400 mea
422 2368 575 2412 capietis
609 2367 822 2400 utilitatem.
877 2366 950 2400 Vos
985 2367 1099 2411 igitur
1134 2367 1262 2413 foedus
1294 2373 1332 2401 et
1365 2364 1572 2403 amicitiam‘

106 2412 329 2448 contrahetis
369 2424 452 2447 cum
491 2414 681 2455 Romanis;
717 2413 855 2447 sufficit
889 2424 975 2447 vero
1013 2413 1136 2448 dicere
1170 2413 1360 2465 Romanos.
1417 2416 1565 2450 Etenim

105 2458 174 2492 hac
199 2461 277 2494 sola
298 2460 599 2495 denominatione
625 2461 768 2506 reliqua
795 2460 903 2494 facile
928 2460 1198 2506 intelliguntur.
1247 2460 1404 2506 Oportet
1428 2463 1563 2509 igitur,

108 2505 406 2552 quandoquidem
422 2519 484 2541 vos
503 2520 583 2541 cum
600 2513 673 2541 tam
688 2508 829 2552 potenti
846 2513 952 2551 gente
967 2507 1096 2541 foedus
1110 2508 1235 2548 initis,
1258 2519 1380 2554 neque
1398 2509 1442 2544 de
1454 2510 1562 2544 rebus

107 2552 207 2596 parvi
234 2555 409 2588 momenti
437 2555 630 2588 consilium
654 2555 799 2588 habetis
816 2580 825 2594 ,
859 2554 1114 2588 honestissima
1138 2561 1176 2588 et
1211 2555 1408 2589 utilissima
1444 2567 1560 2602 quae-

106 2612 178 2644 que
205 2611 391 2645 capessere
417 2608 454 2636 et
477 2613 542 2646 pro
568 2603 715 2636 incertis
746 2602 837 2634 belli
870 2601 1110 2635 certissimum
1142 2600 1311 2635 omnibus
1344 2605 1559 2637 mortalibus

104 2644 262 2686 bonum,
289 2659 437 2691 pacem,
463 2649 632 2694 amplecti
664 2656 700 2682 et
727 2659 879 2681 servare.
942 2648 989 2682 At
1024 2659 1070 2682 ne
1104 2660 1175 2695 qua
1210 2648 1348 2683 blanda
1385 2651 1558 2696 cogitatio

104 2702 166 2726 vos
193 2693 368 2735 deludat,
393 2700 565 2741 tanquam
591 2696 770 2729 Romanos
795 2695 976 2734 viceritis,
1002 2695 1110 2736 elati,
1134 2696 1234 2742 quod
1260 2697 1490 2731 Antiochiam
1521 2701 1559 2730 et

106 2740 177 2772 alia
202 2740 380 2787 quaedam
407 2742 585 2787 ignobilia
611 2744 711 2784 loca,
752 2753 845 2787 quae
875 2743 1117 2777 Romanorum
1151 2749 1275 2784 crant,
1308 2745 1479 2790 cepistis,
1517 2746 1556 2779 in
