1924 3164
584 183 618 221 E
657 180 944 223 MENANDM
985 179 1258 222 HISTORIA.
1541 161 1655 235 349

204 300 262 327 τω
298 299 362 333 τις
390 281 512 337 ὗμῶν
547 284 592 326 ἓν
630 287 723 334 ταῖς
761 288 969 337 ψυχικαῖς
1006 285 1210 339 θεωρίαις
1259 277 1400 337 ὥσπερ
1444 279 1654 338 παρόντας
1668 286 1708 320 A.
1728 286 1845 323 (2562

205 349 304 399 τούς
332 349 603 400 πεπτωκότας
643 350 1078 406 κατολοφυρομένους·
1119 348 1433 404 ἄναλογιζέσθω
1471 347 1546 390 καί
1578 334 1853 417 τὰςξὲἑίίίλοὸδ

204 414 377 472 καιρίας
407 416 492 458 τῶν
519 418 689 471 πληγῶν
725 412 1038 464 ἐπιδεικνύντας
1085 413 1453 468 ἅπόικτιζομένους
1500 429 1546 456 τε
1583 413 1660 456 καί
1787 406 1795 415 ”

205 483 536 536 ἒπεγκαλοῦντας
579 482 636 531 ὥς
678 482 730 539 τῇ
770 480 1036 535 κρατούντων
1077 477 1256 539 ἀβουλία
1306 482 1569 536 διέφθαρται
1605 478 1654 522 τὸ

172 546 403 603 5ὖπήκοον·
431 545 522 590 εἶτα
549 545 648 597 τούς
673 547 890 604 περιόντας
917 547 1244 603 εἰσπράττοντας
1283 546 1397 602 ἡμᾶς
1424 545 1524 596 τούς
1551 542 1660 589 cino-

199 613 387 664 λωλότας
426 612 559 669 τυχὸν
591 616 670 668 μὲν
704 620 866 669 γονεῖς,
906 612 1039 668 τυχὸν
1080 615 1128 655 δὲ
1172 614 1349 667 παῖδας,
1397 612 1565 667 ξυμβάν
1607 614 1755 664 δὲν.9ι

199 679 300 729 τούς
329 677 583 736 φιλτάτους,
610 676 640 735 ἢ
672 679 745 723 τὸν
774 679 992 722 ὁντιναοῦν
1020 678 1095 722 καί
1121 679 1265 730 ἁπλαῖς
1296 674 1534 735 ἄνθρωπον.
1589 677 1781 722 ἒν-Ρ.ι35

199 747 466 802 θυμηθῶμεν
489 747 762 802 χηρωθείσας
789 747 867 796 τὰς
898 747 1030 796 οἰκίας
1058 747 1245 802 ἀνδρῶν,
1290 747 1366 788 καὶ
1399 744 1474 800 τήν
1501 743 1658 788 νεωτά-

197 828 271 867 την
297 810 462 867 ἡλικίαν
492 814 858 869 ὄρφανισθεῖσαν,
899 814 973 855 καί
1007 813 1227 866 πανταχοῦ
1266 810 1542 868 μεριζόμενον
1580 809 1656 855 τόν

148 879 380 934 ιοθρῆνον,
411 881 479 936 ἐφ’
507 876 666 937 ἑκάστῳ
699 881 943 934 συγγενείας
971 878 1162 932 ὀνόματι.
1208 879 1249 921 εἰ
1274 877 1356 935 γάρ
1385 877 1461 920 καί
1486 879 1656 934 δοίημεν

195 943 241 988 τὸ
285 948 451 987 πίπτειν
487 943 596 1002 ’ὖπὲρ
639 946 841 1002 πατρίδος
877 942 983 988 εἶναι
1025 944 1181 999 καλὸν,
1229 944 1368 1002 πάσης
1407 943 1657 1002 α’φροσύνης

195 1009 311 1053 ἐστὶν
339 1011 562 1054 ἀνάπλεων
590 1009 805 1054 δύνασθαι
831 1013 909 1065 μὲν
938 1007 1039 1054 ἄνευ
1070 1012 1282 1060 κινδύνων
1310 1009 1445 1067 χάριν
1480 1012 1656 1053 ἐκτίνειν

194 1080 246 1134 τῇ
269 1079 519 1134 θρεψαμένῃ
536 1111 549 1131 ,
588 1080 645 1136 τῷ
687 1079 734 1120 δὲ
773 1080 911 1120 δοκεῖν
937 1081 1275 1131 μειονεκτεῖσθαι
1302 1079 1385 1120 τῶν
1415 1075 1655 1119 ἀντιπάλων

193 1135 253 1198 μὴ
284 1144 531 1197 βούλεσθαι.
569 1140 689 1197 οἶμαι
715 1142 791 1186 καί
814 1143 890 1200 τήν
917 1145 1116 1201 Περσίδα
1143 1146 1223 1199 γῆν
1258 1141 1333 1185 καὶ
1367 1141 1444 1199 τῆν
1479 1138 1655 1197 ε,Ροόμην

145 1206 355 1264 ιόαύτὴν,
403 1207 520 1266 εἴπερ
562 1208 771 1265 ἠδύναντο
811 1208 961 1266 φωνὰς
1014 1210 1213 1266 α’φιέναι,
1261 1211 1395 1252 ταῦτα
1440 1206 1655 1264 δήπουθεν

191 1275 308 1330 ἦμᾶς
345 1276 589 1330 α’ντιβολεῖν.
643 1273 703 1331 μή
736 1270 813 1318 οὖν
856 1277 1160 1330 αἰσχυνθῶμεν
1195 1277 1275 1317 τοῦ
1306 1276 1493 1327 πολέμου
1522 1291 1654 1316 κατα-

190 1342 350 1383 θέσθαι
369 1340 414 1383 τὸ
447 1341 634 1398 φορτίον.
670 1339 717 1383 τὸ
749 1340 832 1397 γὰρ
863 1343 1090 1397 ἐπικαίρως
1119 1338 1283 1383 ἅπαντα
1310 1339 1518 1396 πράσσειν
1543 1342 1691 1393 μάλ-Β

189 1410 264 1449 λον
293 1404 394 1462 ἡμῖν
415 1405 631 1463 προσοίσει
657 1409 732 1462 τῆς
759 1403 957 1463 ἀνδρείοις
984 1406 1060 1462 τήν
1087 1400 1298 1449 εὔκλειαν.
1324 1407 1435 1462 μηδὲ
1456 1421 1518 1455 τις
1537 1402 1653 1460 ἡμῖν,

190 1474 235 1522 ἐς
265 1472 550 1527 προκάλυμμα
576 1474 656 1515 τοῦ
682 1471 742 1528 μὴ
773 1475 949 1516 ἐθέλειν·7
967 1474 1249 1515 κατατιθέναι
1275 1469 1330 1514 τά
1361 1467 1495 1524 ὅπλα,
1525 1473 1652 1513 τοῦτο

136 1537 246 1594 20δὴ
275 1537 323 1580 τὸ
356 1538 574 1582 κάλλιστον
600 1536 676 1596 τήν
706 1536 875 1596 εἰρήνην
903 1538 1154 1595 δυσεύρετον
1184 1535 1300 1581 εἶναι’
1330 1554 1372 1581 τι
1398 1539 1551 1594 χρῆμα
1578 1535 1654 1579 καί

189 1602 472 1662 δυσπόριστον
499 1604 623 1650 εἴποι.
681 1607 732 1649 οὔ
759 1598 868 1662 γάρ,
908 1606 967 1655 ὦς
994 1604 1150 1647 οἴονται
1178 1605 1347 1659 πολλοὶ,
1388 1602 1443 1646 τὰ
1473 1602 1650 1645 κάκιστα

188 1672 268 1724 μὲν
297 1670 603 1728 προχειρότατα
640 1674 715 1715 καί
755 1667 996 1728 αὐθαίρετα
1035 1670 1323 1726 προσίπταται
1361 1676 1449 1719 τοῖς
1480 1666 1648 1724 ἀνθρώ-

187 1751 305 1790 ποις,
347 1736 399 1780 va
438 1740 486 1781 δὲ
529 1735 590 1780 αὖ
617 1741 813 1793 βέλτιστα
849 1741 932 1782 τῶν
960 1739 1152 1795 πράξεων
1182 1734 1476 1793 διαδιδράσκει
1502 1751 1548 1779 τε
1575 1736 1650 1778 καί

286 1840 338 1874 18.
362 1840 568 1886 προσοίσει
592 1841 636 1875 Η.
651 1865 662 1882 ,
690 1838 875 1887 πρόσεισι
898 1841 994 1886 vulg.
1065 1851 1124 1877 τις
1149 1839 1244 1886 ὑμῖν
1267 1838 1362 1883 vulg.

185 1941 290 1964 suum
317 1931 607 1975 contempletur,
633 1936 805 1977 tanquam
829 1936 1058 1976 praesentes,
1070 1941 1147 1970 eos,
1171 1930 1238 1975 qui
1261 1939 1340 1961 cum
1362 1927 1492 1962 acerbo
1514 1926 1641 1960 dolore

188 1977 345 2022 cadunt;
374 1978 583 2012 recordetur
608 1989 758 2016 eorum,
794 1980 859 2024 qui
886 1979 1012 2012 letalia
1044 1978 1196 2012 vulnera
1230 1974 1465 2009 ostendentes
1499 1974 1641 2007 lamen-

187 2029 331 2064 tantur,
359 2030 396 2059 et
422 2024 652 2059 dominantes
677 2025 870 2066 incusant,
902 2026 1006 2071 quasi
1032 2034 1143 2069 pravo
1168 2034 1293 2056 eorum
1317 2021 1470 2055 consilio
1497 2021 1638 2055 subditi

185 2077 363 2116 pereant:
389 2071 523 2106 deinde
549 2073 659 2105 etiam
686 2073 900 2117 superstites
932 2070 1223 2110 consideremus,
1261 2069 1327 2115 qui
1352 2078 1372 2099 a
1397 2067 1504 2101 nobis
1529 2078 1638 2114 repe-

185 2124 271 2153 tunt
294 2129 369 2159 eos,
392 2130 483 2165 quos
509 2119 549 2152 in
573 2117 673 2152 bello
700 2120 921 2160 amiserunt,
949 2118 1043 2152 sorte
1074 2121 1268 2163 parentes,
1290 2114 1386 2149 forte
1412 2115 1568 2155 liberos,
1595 2119 1638 2148 ut

183 2165 381 2209 plurimum
407 2171 503 2199 certe
528 2166 763 2198 amicissimos
791 2177 982 2212 quosque,
1011 2170 1074 2198 aut
1101 2164 1212 2197 alium
1238 2162 1401 2209 quemvis
1435 2161 1634 2196 hominem.

184 2211 355 2259 Denique
379 2214 499 2247 animo
524 2214 718 2246 lustremus
742 2212 907 2247 viduatas
931 2213 1018 2246 viris
1043 2210 1168 2245 domos
1195 2214 1232 2243 et
1257 2208 1540 2242 infirmissimam
1570 2220 1634 2242 ae-

185 2263 296 2293 tatem
311 2287 321 2302 ,
345 2259 511 2305 patribus
535 2265 573 2294 et
599 2260 776 2293 matribus
804 2259 990 2300 orbatam,
1020 2263 1058 2293 et
1081 2258 1215 2302 passim
1240 2256 1409 2290 diffusum
1434 2266 1500 2300 per
1526 2266 1634 2289 omne

184 2307 409 2352 cognationis
444 2317 579 2341 nomen
610 2308 760 2340 luctum.
810 2308 900 2340 Nam
936 2305 1005 2339 etsi
1047 2304 1279 2344 dederimus,
1323 2302 1517 2337 honestum
1554 2312 1633 2336 esse

183 2354 278 2385 mori
306 2366 371 2400 pro
397 2354 533 2400 patria,
560 2359 682 2388 tamen
708 2365 866 2387 summae
890 2352 1097 2387 dementiae
1121 2356 1193 2392 est,
1225 2361 1336 2397 quum
1366 2350 1548 2395 possimus
1580 2349 1634 2383 si-

184 2410 233 2433 ne
256 2401 420 2445 periculo
446 2406 566 2436 terrae
593 2401 712 2434 altrici
737 2402 888 2445 gratiam
916 2400 1076 2440 referre,
1109 2397 1150 2431 id
1184 2408 1368 2438 recusare,
1401 2397 1490 2443 quia
1522 2395 1632 2429 nobis

184 2457 261 2480 non
289 2448 384 2482 idem
410 2459 491 2482 cum
516 2448 732 2483 adversariis
757 2447 940 2481 consecuti
966 2457 1043 2480 esse
1062 2445 1238 2479 videmur.
1288 2444 1429 2489 Opinor
1448 2442 1634 2477 Persidem

185 2497 319 2527 terram
353 2501 390 2529 et
410 2498 607 2528 Romanam
626 2521 635 2536 ,
668 2495 699 2528 si
723 2495 866 2539 possint
886 2503 1011 2530 vocem
1029 2491 1194 2526 emittere
1208 2517 1218 2532 ‚
1240 2490 1311 2524 hoc
1335 2503 1355 2524 a
1375 2489 1483 2524 nobis
1503 2494 1633 2535 postu-

183 2540 321 2575 laturas
358 2542 481 2576 fuisse.
544 2542 666 2588 Quare
711 2543 894 2575 neminem
934 2545 1098 2574 nostrum
1138 2538 1276 2584 pudeat
1314 2536 1500 2582 deponere
1538 2535 1631 2569 belli

184 2598 286 2620 onus.
334 2589 426 2622 Nam
450 2590 650 2633 prudenter
674 2591 793 2623 omnia
818 2586 1046 2622 instituendo
1073 2587 1202 2619 melius
1227 2586 1346 2618 famae
1370 2589 1516 2618 nostrae
1541 2594 1631 2616 con-

183 2634 341 2669 sulemus
359 2662 367 2676 ‚
400 2647 508 2681 quam
531 2636 665 2669 bellica
691 2638 834 2670 virtute.
884 2637 937 2667 Ne
961 2644 1046 2669 vero
1071 2634 1261 2680 quisquam
1285 2631 1380 2664 hanc
1404 2631 1512 2664 nobis
1537 2629 1631 2662 belli

182 2692 259 2714 non
281 2682 473 2716 omittendi
497 2694 638 2716 causam
667 2682 831 2724 obiiciat,
855 2681 953 2726 quod
975 2680 1259 2726 pulcherrimum
1284 2678 1379 2712 illud
1397 2678 1495 2723 pacis
1512 2676 1629 2710 bene-

182 2729 304 2761 ficium
330 2729 428 2763 haud
452 2729 559 2764 facile
582 2730 740 2764 inveniri
769 2736 807 2764 et
830 2728 1029 2775 comparari
1053 2728 1176 2773 possit.
1210 2726 1294 2760 Non
1318 2726 1428 2766 enim,
1453 2728 1495 2757 ut
1519 2723 1628 2756 multi

180 2776 412 2821 existimant,
442 2778 597 2824 pessima
623 2788 789 2824 quaeque
814 2782 979 2824 prompte
1011 2780 1048 2810 et
1080 2775 1177 2810 ultro
1207 2774 1247 2808 in
1280 2773 1401 2807 sinum
1434 2770 1626 2806 hominum
