1924 3164
621 175 692 218 Ex
734 171 1148 218 ommmonono
1489 153 1603 223 463

168 281 346 333 κοσίους,
375 277 465 322 ἔσθ’
508 275 580 320 ὅτε
618 279 669 320 δὲ
699 277 773 320 καί
797 280 856 328 εἷς
883 281 1175 328 πεντακοσίους
1200 275 1346 334 πήχεις
1373 274 1609 334 ὄρυσσόμο-

166 365 232 402 να,
261 343 548 401 ἅναβλύζουσι
573 342 622 387 τὸ
653 345 840 401 ῥεῖθρον,
865 342 995 388 αῧτοῦ
1011 347 1088 388 τοῦ
1113 346 1288 399 στομίου
1317 342 1607 400 προχεόμενον·

167 417 216 466 ἐξ
243 407 295 455 οὗ
332 411 440 457 κατὰ
479 409 691 467 διαδοχήν
713 408 956 468 ἀρυόμενοι,
987 409 1102 462 ὅσοις
1135 410 1272 454 κοινὸν
1297 410 1436 466 γέγονε
1462 408 1510 452 τὸ
1538 407 1610 465 ἔρα

167 496 265 535 γον,
309 477 388 529 τὰς
432 479 585 527 οἰκείας
632 475 820 534 α’ρούρας
854 479 1092 530 ποτίζουσιν
1137 475 1177 519 οἱ
1212 474 1401 533 γεωργοί.
1452 475 1524 518 καὶ
1548 470 1611 517 ὅτι

141 545 216 594 5αἱ
242 542 407 602 ὄπῶραι
434 539 504 586 ἀεὶ
526 547 615 594 τοῖς
642 544 832 600 δένδρεσι
861 544 1079 599 φέρονται·
1136 544 1209 586 καί
1235 540 1302 585 ὅτι
1321 542 1344 585 ὅ
1371 547 1482 592 σῖτος
1506 557 1611 583 παν·
1652 587 1654 590 ,

165 609 235 662 τὸς
261 613 466 667 κρείσσων
494 611 614 652 σίτου
645 611 722 651 καί
758 606 903 664 χιόνος
930 608 1184 665 λευκότερος,
1237 608 1312 652 καὶ
1336 605 1400 651 ὅτι
1426 607 1515 652 ἔσθ’
1543 603 1611 650 ὅτε

168 679 235 727 δίς
281 678 357 720 τοῦ
395 674 516 726 ἔτους
555 677 771 731 σπείρεται
805 672 832 730 ἧ
868 674 1020 732 κριθή,
1065 675 1156 732 τρίς
1183 677 1229 719 δὲ
1273 676 1344 718 ἀεὶ
1370 672 1397 731 ἦ
1422 677 1652 730 κέγχρᾶς.ῐ)

169 742 402 800 ἀρδεύουσι
439 744 486 785 δὲ
505 739 559 784 τοὶ
585 740 712 798 γήὃια
743 739 881 784 αὗτῶν
920 743 965 784 ἐν
991 740 1111 797 θέρει
1137 744 1216 796 μὲν
1243 740 1315 784 διὰ
1343 743 1483 798 τρίτης
1509 738 1614 797 ἧμέ-·

170 824 268 864 ρας,
297 810 350 852 ἐν’
365 810 546 863 χειμῶνι
573 810 622 850 δὲ
661 805 733 849 διὰ
761 809 904 863 ἕκτης,
934 809 979 858 ἐξ
1008 803 1060 849 οὗ
1087 807 1161 849 καί
1185 807 1211 864 ἧ
1241 803 1423 864 εὖφορία
1447 808 1619 862 γίνεται.

119 876 244 921 zonat*
269 871 332 916 ὅτι
361 871 562 917 οὐδέποτε
586 875 792 931 συννεφία
819 875 992 927 γίνεται.
1029 876 1105 916 καί
1129 872 1230 928 περὶ
1251 876 1333 916 τῶν
1358 875 1617 926 ποιουμένων

169 941 307 983 αὐτοῦ’
343 939 596 996 ὡρολογίων.
651 941 762 995 λέγει
807 942 843 982 δ’
884 936 951 982 ὅτι
986 942 1111 995 νῆσος
1147 938 1192 982 τὰ
1236 939 1419 982 παλαιὸν
1445 934 1510 995 ἦν,
1546 940 1620 980 καί

169 1003 479 1064 οἷπεχερσώθη,
508 1009 581 1049 καί
625 1022 692 1049 οτι
733 1004 888 1062 ταύτην
923 1011 1046 1048 καλεῖ
1056 1005 1283 1063 εΗρόδοτος
1315 1006 1520 1062 μακάρων
1545 1003 1619 1061 νη’-

169 1089 283 1123 σους·
333 1072 576 1130 “Ηρόὸ“ωρος
604 1074 665 1128 δὲ,
705 1069 727 1114 ὅ
756 1071 834 1128 τὴν
855 1073 1040 1130 Ὀρφέως
1079 1071 1152 1115 καὶ
1178 1074 1408 1115 Μουσαίου
1436 1071 1618 1127 συγγρά-

169 1151 259 1195 ψας
285 1139 500 1195 ἱστορίαν,
533 1141 748 1182 Φαιακίὸα
783 1136 940 1195 ταύτην
985 1142 1115 1182 καλεῖ.
1167 1144 1388 1196 τεκμηριοῖ
1420 1139 1468 1181 δὲ
1493 1139 1617 1194 νῆσον

119 1203 306 1263 ιὸαὖτῆν
331 1208 543 1262 γεγονέναι
598 1204 644 1248 ἔκ
695 1221 741 1247 τε
775 1208 850 1248 τοῦ
887 1201 1074 1262 ὄστρακα
1110 1205 1327 1248 θαλάσσια
1354 1206 1429 1248 καί
1462 1201 1618 1260 ὄστρεα

169 1272 306 1322 λίθοις
333 1274 409 1314 τοῦ
437 1268 564 1328 ὅρους
591 1274 969 1327 προσπεπλασμένα
1009 1271 1283 1328 εὑρίσκεσθαι
1329 1273 1407 1315 τοῦ
1448 1273 1521 1313 §nl
1544 1268 1618 1325 τὴν

158 1333 309 1382 ’Όασιν
347 1338 430 1380 ἀπὸ
468 1340 539 1394 τῆς
568 1340 780 1394 Θηβαΐδος
824 1340 1046 1395 φέροντος,
1088 1337 1285 1394 δεύτερον
1312 1333 1375 1380 ὅτι
1413 1334 1619 1391 ψάμαθος

170 1403 302 1460 πολλὴ
357 1406 591 1459 ἐπεκχεῖται
643 1405 735 1458 del,
776 1407 850 1447 καί
898 1404 976 1454 τὰς
1016 1410 1130 1460 τρεῖς
1174 1404 1414 1460 οἷναπληροῑ·
1445 1400 1617 1451 Ὀάσεις.
1629 1410 1672 1446 V.
1693 1410 1752 1446 ι5ι

172 1477 284 1528 τρεῖς
310 1470 390 1528 γάρ
420 1487 549 1528 φησιν
572 1469 739 1522 'Odom-
765 1473 840 1514 καί
865 1470 998 1521 αὐτὸς
1029 1469 1139 1514 εἶναι
1154 1505 1168 1525 ,
1198 1469 1275 1512 δύο
1302 1471 1488 1525 μεγάλας
1506 1503 1519 1522 ,
1548 1467 1625 1524 τὴν

119 1540 249 1593 αομὲν
274 1539 475 1594 ἐξωτέρω,
504 1537 582 1593 τὴν
602 1539 650 1580 δὲ
677 1539 883 1595 ἐσωτέρω,
913 1536 1166 1594 καταντικρυ
1188 1538 1380 1591 κειμένας
1410 1535 1625 1591 ἀλλήλαις,

173 1602 454 1654 συντείνοντος
504 1605 566 1654 εἷς
603 1601 752 1647 ἑκατόν
796 1610 952 1660 σημεῖα
996 1605 1070 1646 τοῦ
1118 1602 1274 1658 μεταξὺ
1330 1599 1669 1658 διαστήματος.Ρ,
1688 1623 1728 1648 12

174 1669 266 1714 ἔστι
294 1671 341 1712 δὲ
379 1669 456 1712 καὶ
494 1666 600 1726 ἄλλη
636 1673 756 1727 τρίτη
796 1670 947 1727 μικροὶ,
987 1672 1126 1728 πολλῷ
1155 1668 1410 1724 διαστήματι
1436 1671 1519 1712 τῶν
1547 1666 1625 1710 δύο

173 1737 475 1794 κεχωρισμένη.
530 1738 641 1792 λέγει
660 1739 708 1780 δὲ
735 1738 795 1786 εἰς
822 1736 963 1779 πίστιν
984 1739 1060 1779 τοῦ
1086 1739 1212 1792 νῆσον
1237 1739 1447 1791 γενέσθαι,
1463 1732 1531 1777 ὅτι
1554 1739 1628 1778 καί

178 1864 226 1899 ad
250 1864 468 1911 quingentos
505 1863 647 1898 cubitos
682 1865 797 1906 facta,
829 1865 1059 1910 scaturiginis
1087 1865 1181 1898 rivos
1214 1875 1280 1909 per
1305 1864 1485 1898 orificium
1510 1865 1627 1898 effun-

179 1912 293 1945 dunt:
320 1910 417 1944 unde
444 1921 509 1956 per
533 1912 629 1944 vices
654 1912 706 1952 ii,
739 1912 803 1958 qui
836 1914 1020 1946 communi
1053 1911 1180 1944 labore
1206 1921 1295 1957 opus
1320 1911 1508 1952 fecerunt,
1536 1910 1627 1944 hau-

178 1960 304 1999 riunt,
330 1963 367 1991 et
391 1967 474 1992 arva
513 1969 577 1992 sua
602 1959 742 2004 rigant,
779 1959 971 2002 agricolae.
1035 1958 1189 1991 Arbores
1220 1963 1400 2003 perpetuo
1438 1957 1493 1991 ibi
1522 1968 1626 2002 poma

177 2005 292 2039 ferre:
325 2010 362 2038 et
393 2005 613 2039 frumentum
648 2006 727 2038 illie
759 2011 883 2038 natum
922 2005 1020 2037 omni
1045 2005 1229 2038 frumento
1270 2015 1348 2038 esse
1381 2006 1627 2050 praestantius

177 2053 336 2099 niveque
362 2051 562 2085 candidius.
613 2051 796 2086 Interdum
823 2052 880 2085 bis
913 2051 1109 2097 quotannis
1134 2051 1312 2085 hordeum
1335 2051 1390 2085 ibi
1414 2052 1506 2093 seri,
1530 2051 1631 2084 mili-

178 2110 241 2133 um
278 2103 399 2131 autem
434 2103 612 2143 perpetuo
648 2104 720 2134 ter..
764 2099 890 2144 Rigare
915 2098 1050 2131 incolas
1076 2099 1219 2131 ruscula
1244 2109 1308 2131 sua
1340 2103 1479 2132 aestate
1514 2098 1626 2131 tertio

180 2155 329 2192 quoque
357 2145 439 2186 die,
463 2144 585 2180 hieme
610 2152 724 2187 sexto,
749 2150 859 2193 atque
882 2146 968 2179 hinc
992 2148 1130 2179 tantam
1147 2150 1265 2179 terrae
1290 2144 1519 2179 fertilitatem
1540 2155 1627 2178 con-

180 2192 310 2226 ciliari.
360 2192 555 2238 Nunquam
590 2193 646 2227 ibi
677 2193 818 2226 coelum
853 2192 970 2226 nubes
1008 2190 1231 2226 contrahere.
1288 2192 1344 2227 Ad
1370 2191 1461 2226 haec
1488 2191 1534 2225 de
1559 2191 1628 2226 ho·-

182 2238 332 2284 rologiis
347 2264 356 2280 ,
390 2250 485 2285 quae
523 2239 662 2274 ibidem
696 2240 948 2273 conficiuntur.
970 2248 994 2283 J,
1010 2239 1133 2272 oasim
1157 2244 1335 2272 memorat
1362 2238 1518 2272 insulam
1543 2239 1631 2272 olim

182 2285 318 2325 fuisse,
343 2291 452 2332 atque
478 2297 499 2319 a
523 2289 736 2321 continente
769 2286 946 2320 divulsam
962 2309 973 2326 ,
1009 2285 1238 2331 eandemque
1271 2286 1317 2319 ab
1349 2285 1538 2320 Herodoto
1564 2296 1630 2318 vo-

185 2332 459 2367 cariBeatorum
483 2334 653 2376 insulam,
678 2333 724 2366 ab
738 2333 924 2367 Herodoro
950 2338 1072 2366 autem
1095 2343 1158 2372 eo,
1185 2332 1249 2378 qui
1264 2332 1403 2377 Orphei
1427 2343 1469 2365 ac
1487 2332 1630 2365 Musaei

184 2380 397 2424 conscripsit
420 2380 622 2420 historiam,
646 2380 827 2415 nominari
855 2379 1102 2413 Phaeacidem.
1150 2379 1311 2413 Insulam
1337 2385 1422 2414 ante
1447 2379 1561 2413 fuisse
1586 2390 1631 2412 ex

187 2435 232 2458 eo
264 2427 487 2460 coniecturas
522 2427 643 2468 ducit,
677 2427 777 2474 quod
815 2431 932 2460 testae
955 2426 1117 2459 marinae
1150 2430 1187 2459 et
1210 2422 1326 2459 ostrea
1349 2425 1536 2471 lapidibus
1565 2425 1632 2459 ad-

186 2470 374 2505 haerentia
399 2474 438 2506 in
464 2485 507 2508 eo
532 2481 656 2508 monte
675 2474 918 2512 inveniantur,
942 2475 1006 2518 qui
1031 2484 1076 2506 ex
1090 2471 1281 2507 Thebaide
1306 2473 1346 2507 in
1370 2473 1494 2507 oasim
1519 2472 1631 2505 ducit.

143 2558 146 2562 ⁴
188 2517 333 2552 Deinde
363 2520 488 2561 etiam,
515 2521 614 2567 quod
639 2526 816 2567 perpetuo
841 2520 987 2564 copiosa
1015 2520 1070 2560 ibj
1095 2530 1202 2553 arena
1235 2525 1362 2560 scatet,
1386 2525 1534 2566 tresque
1559 2520 1633 2553 Oa-

189 2574 246 2597 ses
271 2564 400 2608 replet.
445 2567 537 2601 Nam
563 2569 671 2602 etiam
696 2569 774 2612 ipse
799 2573 871 2601 tres
882 2567 994 2600 Oases
1020 2577 1098 2600 esse
1123 2567 1248 2606 tradit,
1273 2566 1359 2600 duas
1384 2577 1542 2610 magnus,
1568 2577 1634 2598 ex-

190 2611 362 2644 teriorem
388 2622 493 2648 unam
509 2639 519 2654 ‚
551 2616 702 2648 alteram
728 2615 958 2656 interiorem,
998 2623 1017 2645 e
1040 2614 1188 2659 regione
1209 2614 1280 2647 sibi
1306 2614 1460 2648 invicem
1484 2613 1634 2657 opposi-

190 2663 268 2697 tas,
301 2658 444 2691 centum
480 2663 676 2695 miliarium
719 2659 841 2706 spatio
871 2661 1085 2701 interiecto,
1121 2671 1201 2692 cum
1235 2660 1345 2694 tertia
1369 2671 1498 2705 parva,
1524 2659 1633 2702 longo

193 2704 394 2739 interstitio
426 2705 472 2738 ab
510 2710 631 2742 alteris
679 2708 820 2742 duabus
858 2712 1033 2752 separata.
1081 2707 1233 2752 Insuper
1268 2707 1338 2740 hoc
1374 2708 1486 2741 etiam
1526 2717 1636 2750 argu-

192 2757 316 2787 mento
342 2751 496 2787 insulam
531 2753 641 2790 fuisse
676 2755 810 2798 tradit,
841 2753 940 2801 quod
976 2764 1237 2799 saepenumero
1271 2753 1430 2796 accidit,
1455 2758 1496 2787 ut
1518 2754 1636 2798 pisces
