<?xml version="1.0" encoding="UTF-8"?>
<!DOCTYPE html PUBLIC "-//W3C//DTD XHTML 1.0 Transitional//EN"
    "http://www.w3.org/TR/xhtml1/DTD/xhtml1-transitional.dtd">
<html xmlns="http://www.w3.org/1999/xhtml" xml:lang="en" lang="en">
 <head>
  <title>
</title>
<meta http-equiv="Content-Type" content="text/html;charset=utf-8" />
  <meta name='ocr-system' content='tesseract 3.04.00' />
  <meta name='ocr-capabilities' content='ocr_page ocr_carea ocr_par ocr_line ocrx_word'/>
</head>
<body>
  <div class='ocr_page' id='page_1' title='image "./corpusscriptorum10niebuoft_0469.png"; bbox 0 0 1924 3164; ppageno 0'>
   <div class='ocr_carea' id='block_1_1' title="bbox 544 132 1590 200">
    <p class='ocr_par' dir='ltr' id='par_1_1' title="bbox 544 132 1590 200">
     <span class='ocr_line' id='line_1_1' title="bbox 544 132 1590 200; baseline -0.004 -9"><span class='ocrx_word' id='word_1_1' title='bbox 544 151 579 191; x_wconf 86' lang='lat' dir='ltr'><strong>E</strong></span> <span class='ocrx_word' id='word_1_2' title='bbox 618 149 906 192; x_wconf 77' lang='lat' dir='ltr'><strong>MENANnm</strong></span> <span class='ocrx_word' id='word_1_3' title='bbox 946 141 1222 191; x_wconf 74' lang='lat' dir='ltr'><strong>ms&#39;ToluA.</strong></span> <span class='ocrx_word' id='word_1_4' title='bbox 1465 132 1513 200; x_wconf 63' lang='lat' dir='ltr'><em>A</em></span> <span class='ocrx_word' id='word_1_5' title='bbox 1526 153 1543 187; x_wconf 93' lang='lat'>1</span> <span class='ocrx_word' id='word_1_6' title='bbox 1558 132 1590 188; x_wconf 87' lang='lat'>5</span> 
     </span>
    </p>
   </div>
   <div class='ocr_carea' id='block_1_2' title="bbox 129 249 1777 396">
    <p class='ocr_par' dir='ltr' id='par_1_2' title="bbox 129 249 1777 396">
     <span class='ocr_line' id='line_1_2' title="bbox 133 249 1777 311; baseline 0.004 -16"><span class='ocrx_word' id='word_1_7' title='bbox 133 253 377 307; x_wconf 72' lang='grc' dir='ltr'><em>ἀντιλαβεῖν</em></span> <span class='ocrx_word' id='word_1_8' title='bbox 407 252 591 308; x_wconf 75' lang='grc' dir='ltr'><strong><em>χρῆναι,</em></strong></span> <span class='ocrx_word' id='word_1_9' title='bbox 619 250 697 293; x_wconf 74' lang='grc' dir='ltr'><strong><em>καὶ</em></strong></span> <span class='ocrx_word' id='word_1_10' title='bbox 731 251 791 301; x_wconf 75' lang='grc' dir='ltr'><strong>ὥς</strong></span> <span class='ocrx_word' id='word_1_11' title='bbox 817 249 978 294; x_wconf 76' lang='grc' dir='ltr'><strong><em>θᾶττόν</em></strong></span> <span class='ocrx_word' id='word_1_12' title='bbox 1024 266 1072 306; x_wconf 80' lang='grc' dir='ltr'><strong><em>γε</em></strong></span> <span class='ocrx_word' id='word_1_13' title='bbox 1110 250 1248 308; x_wconf 80' lang='grc' dir='ltr'><em>δήπου</em></span> <span class='ocrx_word' id='word_1_14' title='bbox 1286 252 1360 308; x_wconf 74' lang='grc' dir='ltr'><strong>τῆς</strong></span> <span class='ocrx_word' id='word_1_15' title='bbox 1403 256 1777 311; x_wconf 78' lang='grc' dir='ltr'><strong><em>ΠερσῶνΛ.Ο.5Βο</em></strong></span> 
     </span>
     <span class='ocr_line' id='line_1_3' title="bbox 129 307 1761 396; baseline 0.002 -35"><span class='ocrx_word' id='word_1_16' title='bbox 129 307 441 373; x_wconf 73' lang='grc' dir='ltr'><strong><em>ἀπαλλαγῆναι.</em></strong></span> <span class='ocrx_word' id='word_1_17' title='bbox 483 319 530 361; x_wconf 81' lang='grc' dir='ltr'><strong><em>ἐν</em></strong></span> <span class='ocrx_word' id='word_1_18' title='bbox 558 319 731 375; x_wconf 78' lang='grc' dir='ltr'><strong><em>φανερῷ</em></strong></span> <span class='ocrx_word' id='word_1_19' title='bbox 767 318 909 361; x_wconf 78' lang='grc' dir='ltr'><strong><em>τοίνυν</em></strong></span> <span class='ocrx_word' id='word_1_20' title='bbox 943 319 1240 374; x_wconf 82' lang='grc' dir='ltr'><strong><em>ποιησαμένων</em></strong></span> <span class='ocrx_word' id='word_1_21' title='bbox 1275 316 1352 375; x_wconf 76' lang='grc' dir='ltr'><strong>τὴν</strong></span> <span class='ocrx_word' id='word_1_22' title='bbox 1397 320 1594 377; x_wconf 78' lang='grc' dir='ltr'><strong><em>ἐφιεΐσαν</em></strong></span> <span class='ocrx_word' id='word_1_23' title='bbox 1605 312 1761 396; x_wconf 50' lang='grc' dir='ltr'><strong>,Ῑιξῗιξέῐῖῧὸ</strong></span> 
     </span>
    </p>
   </div>
   <div class='ocr_carea' id='block_1_3' title="bbox 53 380 1709 1702">
    <p class='ocr_par' dir='ltr' id='par_1_3' title="bbox 53 380 1709 1702">
     <span class='ocr_line' id='line_1_4' title="bbox 128 380 1591 444; baseline 0 -17"><span class='ocrx_word' id='word_1_24' title='bbox 128 385 274 435; x_wconf 76' lang='grc' dir='ltr'><strong><em>αὐτοῖς</em></strong></span> <span class='ocrx_word' id='word_1_25' title='bbox 301 385 426 427; x_wconf 81' lang='grc' dir='ltr'><strong><em>τοῦτο</em></strong></span> <span class='ocrx_word' id='word_1_26' title='bbox 457 384 670 437; x_wconf 83' lang='grc' dir='ltr'><strong><em>κέλευσιν,</em></strong></span> <span class='ocrx_word' id='word_1_27' title='bbox 707 381 897 439; x_wconf 80' lang='grc' dir='ltr'><strong><em>ἔγνωσαν</em></strong></span> <span class='ocrx_word' id='word_1_28' title='bbox 923 385 970 427; x_wconf 82' lang='grc' dir='ltr'><strong><em>ἒν</em></strong></span> <span class='ocrx_word' id='word_1_29' title='bbox 1006 388 1188 440; x_wconf 79' lang='grc' dir='ltr'><strong><em>βραχεῖ’,</em></strong></span> <span class='ocrx_word' id='word_1_30' title='bbox 1219 380 1303 438; x_wconf 75' lang='grc' dir='ltr'><strong><em>δ’,τι</em></strong></span> <span class='ocrx_word' id='word_1_31' title='bbox 1342 381 1527 429; x_wconf 79' lang='grc' dir='ltr'><strong><em>δύναται</em></strong></span> <span class='ocrx_word' id='word_1_32' title='bbox 1563 384 1591 444; x_wconf 84' lang='grc' dir='ltr'><em>ἧ</em></span> 
     </span>
     <span class='ocr_line' id='line_1_5' title="bbox 125 446 1594 508; baseline 0.002 -15"><span class='ocrx_word' id='word_1_33' title='bbox 125 449 323 506; x_wconf 75' lang='grc' dir='ltr'><strong><em>ἐπιστολή</em></strong></span> <span class='ocrx_word' id='word_1_34' title='bbox 346 452 425 493; x_wconf 79' lang='grc' dir='ltr'><strong>τοῦ</strong></span> <span class='ocrx_word' id='word_1_35' title='bbox 437 448 658 505; x_wconf 87' lang='grc' dir='ltr'><strong><em>Ῥωμαίων</em></strong></span> <span class='ocrx_word' id='word_1_36' title='bbox 672 448 975 507; x_wconf 78' lang='grc' dir='ltr'><em>αὐτοκράτορος</em></span> <span class='ocrx_word' id='word_1_37' title='bbox 987 484 1001 504; x_wconf 88' lang='grc'><strong><em>,</em></strong></span> <span class='ocrx_word' id='word_1_38' title='bbox 1019 452 1094 493; x_wconf 84' lang='grc' dir='ltr'><em>καί</em></span> <span class='ocrx_word' id='word_1_39' title='bbox 1109 449 1188 507; x_wconf 81' lang='grc' dir='ltr'><strong>τὴν</strong></span> <span class='ocrx_word' id='word_1_40' title='bbox 1219 446 1367 507; x_wconf 72' lang='grc' dir='ltr'><strong><em>ἄφιξιν</em></strong></span> <span class='ocrx_word' id='word_1_41' title='bbox 1388 453 1465 508; x_wconf 84' lang='grc' dir='ltr'><strong>τῆς</strong></span> <span class='ocrx_word' id='word_1_42' title='bbox 1489 469 1594 508; x_wconf 79' lang='grc' dir='ltr'><strong><em>πρε-</em></strong></span> 
     </span>
     <span class='ocr_line' id='line_1_6' title="bbox 98 512 1592 572; baseline 0.002 -14"><span class='ocrx_word' id='word_1_43' title='bbox 98 515 272 572; x_wconf 77' lang='grc' dir='ltr'><strong><em>δσβείας</em></strong></span> <span class='ocrx_word' id='word_1_44' title='bbox 286 513 469 570; x_wconf 83' lang='grc' dir='ltr'><strong><em>ἅπασαν,</em></strong></span> <span class='ocrx_word' id='word_1_45' title='bbox 485 515 545 566; x_wconf 77' lang='grc' dir='ltr'><strong>ὥς</strong></span> <span class='ocrx_word' id='word_1_46' title='bbox 563 515 729 570; x_wconf 76' lang='grc' dir='ltr'><strong><em>ἕτοιμος</em></strong></span> <span class='ocrx_word' id='word_1_47' title='bbox 747 512 813 572; x_wconf 85' lang='grc' dir='ltr'><strong><em>εἴη</em></strong></span> <span class='ocrx_word' id='word_1_48' title='bbox 825 512 1163 570; x_wconf 77' lang='grc' dir='ltr'><strong><em>κατασβεννύναι</em></strong></span> <span class='ocrx_word' id='word_1_49' title='bbox 1178 515 1296 570; x_wconf 69' lang='grc' dir='ltr'><strong><em>τά,ε’κ</em></strong></span> <span class='ocrx_word' id='word_1_50' title='bbox 1309 518 1387 560; x_wconf 74' lang='grc' dir='ltr'><strong>τοῦ</strong></span> <span class='ocrx_word' id='word_1_51' title='bbox 1402 520 1592 572; x_wconf 85' lang='grc' dir='ltr'><strong><em>πολέμου</em></strong></span> 
     </span>
     <span class='ocr_line' id='line_1_7' title="bbox 118 577 1593 639; baseline 0.002 -15"><span class='ocrx_word' id='word_1_52' title='bbox 118 581 394 637; x_wconf 80' lang='grc' dir='ltr'><strong><em>χαλεπὰ,και“</em></strong></span> <span class='ocrx_word' id='word_1_53' title='bbox 417 581 496 639; x_wconf 75' lang='grc' dir='ltr'><strong>τήν</strong></span> <span class='ocrx_word' id='word_1_54' title='bbox 526 579 818 637; x_wconf 79' lang='grc' dir='ltr'><strong><em>περιμάχητον</em></strong></span> <span class='ocrx_word' id='word_1_55' title='bbox 845 581 989 633; x_wconf 71' lang='grc' dir='ltr'><strong><em>αὐτοῖς</em></strong></span> <span class='ocrx_word' id='word_1_56' title='bbox 1009 577 1249 639; x_wconf 80' lang='grc' dir='ltr'><strong><em>Ἀρμενίαν</em></strong></span> <span class='ocrx_word' id='word_1_57' title='bbox 1277 579 1449 627; x_wconf 78' lang='grc' dir='ltr'><strong><em>ἅπασαν</em></strong></span> <span class='ocrx_word' id='word_1_58' title='bbox 1477 580 1593 639; x_wconf 78' lang='grc' dir='ltr'><strong><em>ἆμα-</em></strong></span> 
     </span>
     <span class='ocr_line' id='line_1_8' title="bbox 117 647 1592 707; baseline 0.003 -17"><span class='ocrx_word' id='word_1_59' title='bbox 117 647 224 705; x_wconf 72' lang='grc' dir='ltr'><strong>χητὶ</strong></span> <span class='ocrx_word' id='word_1_60' title='bbox 259 650 480 702; x_wconf 76' lang='grc' dir='ltr'><strong><em>ἐνδοῦναι,</em></strong></span> <span class='ocrx_word' id='word_1_61' title='bbox 523 648 843 705; x_wconf 80' lang='grc' dir='ltr'><strong><em>παραχωρῆσαι</em></strong></span> <span class='ocrx_word' id='word_1_62' title='bbox 871 649 922 691; x_wconf 78' lang='grc' dir='ltr'><strong>δέ</strong></span> <span class='ocrx_word' id='word_1_63' title='bbox 950 663 1079 706; x_wconf 83' lang='grc' dir='ltr'><strong><em>σφισι</em></strong></span> <span class='ocrx_word' id='word_1_64' title='bbox 1105 647 1182 691; x_wconf 81' lang='grc' dir='ltr'><em>καί</em></span> <span class='ocrx_word' id='word_1_65' title='bbox 1206 650 1487 707; x_wconf 76' lang='grc' dir='ltr'><strong><em>Ἀρζανηνῆς,</em></strong></span> <span class='ocrx_word' id='word_1_66' title='bbox 1516 651 1592 694; x_wconf 80' lang='grc' dir='ltr'><strong><em>οἷν-</em></strong></span> 
     </span>
     <span class='ocr_line' id='line_1_9' title="bbox 117 712 1709 778; baseline 0.003 -20"><span class='ocrx_word' id='word_1_67' title='bbox 117 714 441 772; x_wconf 82' lang='grc' dir='ltr'><strong><em>τιχαριζόμενος</em></strong></span> <span class='ocrx_word' id='word_1_68' title='bbox 466 717 545 758; x_wconf 78' lang='grc' dir='ltr'><strong>τοῦ</strong></span> <span class='ocrx_word' id='word_1_69' title='bbox 581 712 734 771; x_wconf 79' lang='grc' dir='ltr'><strong><em>Δάρας</em></strong></span> <span class='ocrx_word' id='word_1_70' title='bbox 770 712 819 757; x_wconf 81' lang='grc' dir='ltr'><strong>τὸ</strong></span> <span class='ocrx_word' id='word_1_71' title='bbox 861 715 1103 772; x_wconf 78' lang='grc' dir='ltr'><strong><em>Ἀφουμαῗν</em></strong></span> <span class='ocrx_word' id='word_1_72' title='bbox 1156 717 1380 774; x_wconf 77' lang='grc' dir='ltr'><strong><em>φρούριον.</em></strong></span> <span class='ocrx_word' id='word_1_73' title='bbox 1415 719 1630 770; x_wconf 80' lang='grc' dir='ltr'><strong><em>ἐδέξατοΡ.</em></strong></span> <span class='ocrx_word' id='word_1_74' title='bbox 1645 741 1709 778; x_wconf 86' lang='lat'><strong>¹7⁰</strong></span> 
     </span>
     <span class='ocr_line' id='line_1_10' title="bbox 118 776 1594 841; baseline 0.002 -17"><span class='ocrx_word' id='word_1_75' title='bbox 118 784 200 835; x_wconf 81' lang='grc' dir='ltr'><strong>μὲν</strong></span> <span class='ocrx_word' id='word_1_76' title='bbox 230 776 306 825; x_wconf 75' lang='grc' dir='ltr'><strong><em>οὖν</em></strong></span> <span class='ocrx_word' id='word_1_77' title='bbox 334 780 410 824; x_wconf 81' lang='grc' dir='ltr'><em>καί</em></span> <span class='ocrx_word' id='word_1_78' title='bbox 434 776 565 831; x_wconf 76' lang='grc' dir='ltr'><strong><em>αὖθις</em></strong></span> <span class='ocrx_word' id='word_1_79' title='bbox 608 778 764 830; x_wconf 58' lang='lat' dir='ltr'><strong>adron),-</strong></span> <span class='ocrx_word' id='word_1_80' title='bbox 802 779 1008 836; x_wconf 72' lang='grc' dir='ltr'><strong><em>βασιλεύς</em></strong></span> <span class='ocrx_word' id='word_1_81' title='bbox 1051 778 1075 823; x_wconf 80' lang='grc' dir='ltr'>ὅ</span> <span class='ocrx_word' id='word_1_82' title='bbox 1100 784 1330 838; x_wconf 63' lang='grc' dir='ltr'><strong><em>’Περσῶν,</em></strong></span> <span class='ocrx_word' id='word_1_83' title='bbox 1362 785 1594 841; x_wconf 79' lang='grc' dir='ltr'><strong><em>τραχύτητι</em></strong></span> 
     </span>
     <span class='ocr_line' id='line_1_11' title="bbox 69 845 1594 906; baseline 0.002 -15"><span class='ocrx_word' id='word_1_84' title='bbox 69 849 171 891; x_wconf 58' lang='lat' dir='ltr'><strong>lod&amp;</strong></span> <span class='ocrx_word' id='word_1_85' title='bbox 196 845 415 905; x_wconf 77' lang='grc' dir='ltr'><strong><em>χρώμενος</em></strong></span> <span class='ocrx_word' id='word_1_86' title='bbox 454 846 563 905; x_wconf 83' lang='grc' dir='ltr'><strong><em>πρὸς</em></strong></span> <span class='ocrx_word' id='word_1_87' title='bbox 600 847 757 891; x_wconf 75' lang='grc' dir='ltr'><strong><em>ἕκαστα</em></strong></span> <span class='ocrx_word' id='word_1_88' title='bbox 797 849 883 890; x_wconf 74' lang='grc' dir='ltr'><strong>τῶν</strong></span> <span class='ocrx_word' id='word_1_89' title='bbox 925 847 1243 905; x_wconf 70' lang='grc' dir='ltr'><strong><em>φιλανθρώπως</em></strong></span> <span class='ocrx_word' id='word_1_90' title='bbox 1286 852 1594 906; x_wconf 78' lang='grc' dir='ltr'><strong><em>γεγραμμένων</em></strong></span> 
     </span>
     <span class='ocr_line' id='line_1_12' title="bbox 118 909 1592 974; baseline 0.003 -18"><span class='ocrx_word' id='word_1_91' title='bbox 118 909 215 959; x_wconf 71' lang='grc' dir='ltr'><strong><em>οἶῖτε</em></strong></span> <span class='ocrx_word' id='word_1_92' title='bbox 245 912 563 972; x_wconf 74' lang='grc' dir='ltr'><strong><em>ἀποστήσεσθαι</em></strong></span> <span class='ocrx_word' id='word_1_93' title='bbox 591 912 675 971; x_wconf 79' lang='grc' dir='ltr'><strong>ἔφη</strong></span> <span class='ocrx_word' id='word_1_94' title='bbox 703 912 870 957; x_wconf 77' lang='grc' dir='ltr'><strong><em>πώποτε</em></strong></span> <span class='ocrx_word' id='word_1_95' title='bbox 897 915 975 956; x_wconf 83' lang='grc' dir='ltr'><strong>τοῦ</strong></span> <span class='ocrx_word' id='word_1_96' title='bbox 1001 911 1163 972; x_wconf 78' lang='grc' dir='ltr'><strong><em>Δάρας,</em></strong></span> <span class='ocrx_word' id='word_1_97' title='bbox 1206 910 1256 957; x_wconf 81' lang='grc' dir='ltr'><strong>οὗ</strong></span> <span class='ocrx_word' id='word_1_98' title='bbox 1283 914 1447 970; x_wconf 82' lang='grc' dir='ltr'><strong><em>μᾶλλόν</em></strong></span> <span class='ocrx_word' id='word_1_99' title='bbox 1473 933 1521 972; x_wconf 88' lang='grc' dir='ltr'><strong><em>γε</em></strong></span> <span class='ocrx_word' id='word_1_100' title='bbox 1559 913 1592 974; x_wconf 81' lang='grc' dir='ltr'><em>ἢ</em></span> 
     </span>
     <span class='ocr_line' id='line_1_13' title="bbox 115 976 1592 1037; baseline 0.001 -13"><span class='ocrx_word' id='word_1_101' title='bbox 115 984 191 1037; x_wconf 80' lang='grc' dir='ltr'><strong><em>τῆς</em></strong></span> <span class='ocrx_word' id='word_1_102' title='bbox 232 981 428 1035; x_wconf 63' lang='grc' dir='ltr'><strong><em>Νισιζθιος</em></strong></span> <span class='ocrx_word' id='word_1_103' title='bbox 469 976 498 1037; x_wconf 79' lang='grc' dir='ltr'><strong><em>ἢ</em></strong></span> <span class='ocrx_word' id='word_1_104' title='bbox 549 980 779 1037; x_wconf 79' lang='grc' dir='ltr'><strong><em>Σηγγάρων</em></strong></span> <span class='ocrx_word' id='word_1_105' title='bbox 802 1014 816 1035; x_wconf 93' lang='grc'><strong><em>,</em></strong></span> <span class='ocrx_word' id='word_1_106' title='bbox 863 977 969 1036; x_wconf 75' lang='grc' dir='ltr'><strong><em>ἅπερ</em></strong></span> <span class='ocrx_word' id='word_1_107' title='bbox 1011 979 1086 1023; x_wconf 75' lang='grc' dir='ltr'><strong><em>καὶ</em></strong></span> <span class='ocrx_word' id='word_1_108' title='bbox 1122 979 1235 1024; x_wconf 77' lang='grc' dir='ltr'><strong><em>αὐτοὶ</em></strong></span> <span class='ocrx_word' id='word_1_109' title='bbox 1272 983 1319 1024; x_wconf 79' lang='grc' dir='ltr'><strong>ἐκ</strong></span> <span class='ocrx_word' id='word_1_110' title='bbox 1354 978 1592 1037; x_wconf 79' lang='grc' dir='ltr'><strong><em>Ῥωμαίων</em></strong></span> 
     </span>
     <span class='ocr_line' id='line_1_14' title="bbox 120 1042 1586 1104; baseline 0.002 -15"><span class='ocrx_word' id='word_1_111' title='bbox 120 1045 427 1104; x_wconf 73' lang='grc' dir='ltr'><strong><em>ἀπισχυρίζετο</em></strong></span> <span class='ocrx_word' id='word_1_112' title='bbox 471 1046 586 1102; x_wconf 81' lang='grc' dir='ltr'><strong><em>ἔχειν</em></strong></span> <span class='ocrx_word' id='word_1_113' title='bbox 625 1048 834 1103; x_wconf 86' lang='grc' dir='ltr'><strong><em>Πέρσας,</em></strong></span> <span class='ocrx_word' id='word_1_114' title='bbox 876 1042 976 1089; x_wconf 65' lang='grc' dir='ltr'><strong><em>οὔτε</em></strong></span> <span class='ocrx_word' id='word_1_115' title='bbox 1012 1045 1100 1102; x_wconf 83' lang='grc' dir='ltr'><strong>μὴν</strong></span> <span class='ocrx_word' id='word_1_116' title='bbox 1136 1048 1386 1091; x_wconf 79' lang='grc' dir='ltr'><strong><em>ἐλαττώσειν</em></strong></span> <span class='ocrx_word' id='word_1_117' title='bbox 1423 1065 1465 1092; x_wconf 88' lang='grc' dir='ltr'><strong>τι</strong></span> <span class='ocrx_word' id='word_1_118' title='bbox 1502 1051 1586 1092; x_wconf 70' lang='grc' dir='ltr'><strong><em>ταῖν</em></strong></span> 
     </span>
     <span class='ocr_line' id='line_1_15' title="bbox 116 1109 1586 1173; baseline 0.001 -17"><span class='ocrx_word' id='word_1_119' title='bbox 116 1111 322 1173; x_wconf 67' lang='grc' dir='ltr'><strong><em>πατρῴων</em></strong></span> <span class='ocrx_word' id='word_1_120' title='bbox 350 1111 594 1169; x_wconf 77' lang='grc' dir='ltr'><strong><em>κτημάτων,</em></strong></span> <span class='ocrx_word' id='word_1_121' title='bbox 624 1109 713 1155; x_wconf 75' lang='grc' dir='ltr'><strong><em>ἀλλ’</em></strong></span> <span class='ocrx_word' id='word_1_122' title='bbox 751 1114 793 1156; x_wconf 83' lang='grc' dir='ltr'><strong><em>εἰ</em></strong></span> <span class='ocrx_word' id='word_1_123' title='bbox 828 1115 907 1167; x_wconf 81' lang='grc' dir='ltr'><strong>μὲν</strong></span> <span class='ocrx_word' id='word_1_124' title='bbox 952 1109 1086 1157; x_wconf 83' lang='grc' dir='ltr'><strong><em>οἶόντέ</em></strong></span> <span class='ocrx_word' id='word_1_125' title='bbox 1144 1115 1281 1168; x_wconf 80' lang='grc' dir='ltr'><strong><em>ἐστιν,</em></strong></span> <span class='ocrx_word' id='word_1_126' title='bbox 1321 1116 1366 1164; x_wconf 80' lang='grc' dir='ltr'><strong>ἐς</strong></span> <span class='ocrx_word' id='word_1_127' title='bbox 1408 1109 1586 1171; x_wconf 68' lang='grc' dir='ltr'><strong><em>αὔξησιν</em></strong></span> 
     </span>
     <span class='ocr_line' id='line_1_16' title="bbox 66 1177 1584 1238; baseline 0.001 -16"><span class='ocrx_word' id='word_1_128' title='bbox 66 1179 231 1223; x_wconf 72' lang='grc' dir='ltr'><strong>15αότὰ</strong></span> <span class='ocrx_word' id='word_1_129' title='bbox 261 1182 440 1234; x_wconf 82' lang='grc' dir='ltr'><strong><em>ἐνεγκεῖν</em></strong></span> <span class='ocrx_word' id='word_1_130' title='bbox 458 1212 470 1235; x_wconf 87' lang='grc'><strong><em>,</em></strong></span> <span class='ocrx_word' id='word_1_131' title='bbox 501 1181 541 1222; x_wconf 85' lang='grc' dir='ltr'><strong><em>εἷ</em></strong></span> <span class='ocrx_word' id='word_1_132' title='bbox 569 1181 616 1223; x_wconf 82' lang='grc' dir='ltr'><strong>δὲ</strong></span> <span class='ocrx_word' id='word_1_133' title='bbox 643 1178 732 1235; x_wconf 81' lang='grc' dir='ltr'><strong><em>μὴ,</em></strong></span> <span class='ocrx_word' id='word_1_134' title='bbox 774 1177 884 1222; x_wconf 69' lang='grc' dir='ltr'><strong><em>ἀλλὰ</em></strong></span> <span class='ocrx_word' id='word_1_135' title='bbox 923 1178 1004 1237; x_wconf 81' lang='grc' dir='ltr'><strong><em>γὰρ</em></strong></span> <span class='ocrx_word' id='word_1_136' title='bbox 1041 1181 1402 1235; x_wconf 82' lang='grc' dir='ltr'><strong><em>καταλελειμμένα</em></strong></span> <span class='ocrx_word' id='word_1_137' title='bbox 1441 1178 1584 1238; x_wconf 76' lang='grc' dir='ltr'><strong><em>φυλά-</em></strong></span> 
     </span>
     <span class='ocr_line' id='line_1_17' title="bbox 113 1243 1581 1303; baseline 0.001 -15"><span class='ocrx_word' id='word_1_138' title='bbox 113 1249 214 1298; x_wconf 82' lang='grc' dir='ltr'><strong><em>ξειν.</em></strong></span> <span class='ocrx_word' id='word_1_139' title='bbox 266 1243 466 1302; x_wconf 85' lang='grc' dir='ltr'><strong><em>Χοσρόην</em></strong></span> <span class='ocrx_word' id='word_1_140' title='bbox 501 1249 581 1300; x_wconf 84' lang='grc' dir='ltr'><strong>μὲν</strong></span> <span class='ocrx_word' id='word_1_141' title='bbox 622 1247 700 1303; x_wconf 83' lang='grc' dir='ltr'><strong><em>γὰρ</em></strong></span> <span class='ocrx_word' id='word_1_142' title='bbox 730 1244 806 1289; x_wconf 88' lang='grc' dir='ltr'><strong><em>τόν</em></strong></span> <span class='ocrx_word' id='word_1_143' title='bbox 832 1247 999 1303; x_wconf 83' lang='grc' dir='ltr'><strong><em>πατέρα</em></strong></span> <span class='ocrx_word' id='word_1_144' title='bbox 1040 1244 1143 1303; x_wconf 77' lang='grc' dir='ltr'><strong><em>ἔφη,</em></strong></span> <span class='ocrx_word' id='word_1_145' title='bbox 1177 1246 1258 1301; x_wconf 80' lang='grc' dir='ltr'><strong>ὥς,</strong></span> <span class='ocrx_word' id='word_1_146' title='bbox 1296 1245 1381 1302; x_wconf 83' lang='grc' dir='ltr'><strong><em>εἴγε</em></strong></span> <span class='ocrx_word' id='word_1_147' title='bbox 1410 1250 1581 1303; x_wconf 79' lang='grc' dir='ltr'><strong><em>περιῆν,</em></strong></span> 
     </span>
     <span class='ocr_line' id='line_1_18' title="bbox 111 1306 1583 1370; baseline 0.001 -15"><span class='ocrx_word' id='word_1_148' title='bbox 111 1312 216 1363; x_wconf 84' lang='grc' dir='ltr'><strong><em>ἴσως</em></strong></span> <span class='ocrx_word' id='word_1_149' title='bbox 245 1312 294 1355; x_wconf 83' lang='grc' dir='ltr'><strong>τὸ</strong></span> <span class='ocrx_word' id='word_1_150' title='bbox 324 1311 489 1355; x_wconf 76' lang='grc' dir='ltr'><strong><em>τοιόνδε</em></strong></span> <span class='ocrx_word' id='word_1_151' title='bbox 520 1311 701 1370; x_wconf 80' lang='grc' dir='ltr'><strong><em>ἔπραξεν</em></strong></span> <span class='ocrx_word' id='word_1_152' title='bbox 728 1306 780 1355; x_wconf 71' lang='grc' dir='ltr'><strong><em>ἂν</em></strong></span> <span class='ocrx_word' id='word_1_153' title='bbox 808 1314 884 1355; x_wconf 83' lang='grc' dir='ltr'>καί</span> <span class='ocrx_word' id='word_1_154' title='bbox 908 1310 958 1354; x_wconf 85' lang='grc' dir='ltr'><strong>τὸ</strong></span> <span class='ocrx_word' id='word_1_155' title='bbox 989 1311 1141 1368; x_wconf 80' lang='grc' dir='ltr'><strong><em>Δάρας</em></strong></span> <span class='ocrx_word' id='word_1_156' title='bbox 1168 1314 1308 1369; x_wconf 76' lang='grc' dir='ltr'><strong><em>α’φῆκε</em></strong></span> <span class='ocrx_word' id='word_1_157' title='bbox 1329 1310 1583 1367; x_wconf 83' lang='grc' dir='ltr'><strong><em>Ῥωμαίοις.</em></strong></span> 
     </span>
     <span class='ocr_line' id='line_1_19' title="bbox 112 1376 1617 1438; baseline 0 -16"><span class='ocrx_word' id='word_1_158' title='bbox 112 1381 174 1438; x_wconf 72' lang='grc' dir='ltr'><strong>τῷ</strong></span> <span class='ocrx_word' id='word_1_159' title='bbox 201 1377 283 1436; x_wconf 74' lang='grc' dir='ltr'><strong><em>γὰρ</em></strong></span> <span class='ocrx_word' id='word_1_160' title='bbox 314 1382 671 1438; x_wconf 75' lang='grc' dir='ltr'><strong><em>προσκτησαμένῳ</em></strong></span> <span class='ocrx_word' id='word_1_161' title='bbox 699 1396 740 1422; x_wconf 92' lang='grc' dir='ltr'><strong>τι</strong></span> <span class='ocrx_word' id='word_1_162' title='bbox 765 1380 841 1422; x_wconf 86' lang='grc' dir='ltr'><em>καί</em></span> <span class='ocrx_word' id='word_1_163' title='bbox 878 1380 1001 1422; x_wconf 82' lang='grc' dir='ltr'><strong><em>τοῦτο</em></strong></span> <span class='ocrx_word' id='word_1_164' title='bbox 1047 1376 1354 1435; x_wconf 75' lang='grc' dir='ltr'><strong><em>ἀποβεβληκότι</em></strong></span> <span class='ocrx_word' id='word_1_165' title='bbox 1394 1381 1478 1434; x_wconf 68' lang='grc' dir='ltr'><strong>οὐχ</strong></span> <span class='ocrx_word' id='word_1_166' title='bbox 1508 1376 1617 1422; x_wconf 77' lang='grc' dir='ltr'><strong><em>οῧ-Β</em></strong></span> 
     </span>
     <span class='ocr_line' id='line_1_20' title="bbox 110 1440 1580 1502; baseline 0.001 -15"><span class='ocrx_word' id='word_1_167' title='bbox 110 1461 193 1494; x_wconf 87' lang='grc' dir='ltr'><strong>τως</strong></span> <span class='ocrx_word' id='word_1_168' title='bbox 223 1444 420 1502; x_wconf 81' lang='grc' dir='ltr'><strong><em>αἰσχρόν·</em></strong></span> <span class='ocrx_word' id='word_1_169' title='bbox 461 1443 646 1502; x_wconf 78' lang='grc' dir='ltr'><strong><em>αἰσχύνη</em></strong></span> <span class='ocrx_word' id='word_1_170' title='bbox 698 1446 746 1488; x_wconf 82' lang='grc' dir='ltr'><strong>δὲ</strong></span> <span class='ocrx_word' id='word_1_171' title='bbox 783 1443 939 1499; x_wconf 84' lang='grc' dir='ltr'><strong><em>ὁμοίως</em></strong></span> <span class='ocrx_word' id='word_1_172' title='bbox 978 1440 1136 1487; x_wconf 78' lang='grc' dir='ltr'><strong><em>ἅπασιν</em></strong></span> <span class='ocrx_word' id='word_1_173' title='bbox 1167 1443 1412 1502; x_wconf 73' lang='grc' dir='ltr'><strong><em>ἀνθρώποις</em></strong></span> <span class='ocrx_word' id='word_1_174' title='bbox 1446 1461 1580 1489; x_wconf 78' lang='grc' dir='ltr'><strong><em>κατα-</em></strong></span> 
     </span>
     <span class='ocr_line' id='line_1_21' title="bbox 53 1506 1578 1570; baseline 0.001 -17"><span class='ocrx_word' id='word_1_175' title='bbox 53 1506 321 1567; x_wconf 73' lang='grc' dir='ltr'><strong><em>ςιοπροέσθαι</em></strong></span> <span class='ocrx_word' id='word_1_176' title='bbox 349 1509 402 1554; x_wconf 78' lang='grc' dir='ltr'><strong>τὰ</strong></span> <span class='ocrx_word' id='word_1_177' title='bbox 431 1512 620 1570; x_wconf 74' lang='grc' dir='ltr'><strong><em>πατρῷα.</em></strong></span> <span class='ocrx_word' id='word_1_178' title='bbox 666 1513 800 1554; x_wconf 78' lang='grc' dir='ltr'><strong><em>ταῦτα</em></strong></span> <span class='ocrx_word' id='word_1_179' title='bbox 837 1508 1038 1566; x_wconf 78' lang='grc' dir='ltr'><strong><em>εἰρηκώς,</em></strong></span> <span class='ocrx_word' id='word_1_180' title='bbox 1077 1508 1149 1553; x_wconf 76' lang='grc' dir='ltr'><strong><em>διὰ</em></strong></span> <span class='ocrx_word' id='word_1_181' title='bbox 1187 1509 1410 1566; x_wconf 78' lang='grc' dir='ltr'><strong><em>Μεβώδου</em></strong></span> <span class='ocrx_word' id='word_1_182' title='bbox 1449 1510 1578 1554; x_wconf 80' lang='grc' dir='ltr'><strong><em>πάλιν</em></strong></span> 
     </span>
     <span class='ocr_line' id='line_1_22' title="bbox 108 1574 1577 1635; baseline 0.001 -16"><span class='ocrx_word' id='word_1_183' title='bbox 108 1578 255 1628; x_wconf 80' lang='grc' dir='ltr'><strong><em>αὐτοῖς</em></strong></span> <span class='ocrx_word' id='word_1_184' title='bbox 294 1576 462 1634; x_wconf 75' lang='grc' dir='ltr'><strong><em>ἐποίησε</em></strong></span> <span class='ocrx_word' id='word_1_185' title='bbox 501 1575 740 1633; x_wconf 78' lang='grc' dir='ltr'><strong><em>κατάδηλον</em></strong></span> <span class='ocrx_word' id='word_1_186' title='bbox 782 1574 842 1626; x_wconf 76' lang='grc' dir='ltr'><strong>ὥς</strong></span> <span class='ocrx_word' id='word_1_187' title='bbox 882 1578 989 1631; x_wconf 77' lang='grc' dir='ltr'><strong><em>,,ἒπι“</em></strong></span> <span class='ocrx_word' id='word_1_188' title='bbox 1029 1579 1114 1620; x_wconf 86' lang='grc' dir='ltr'><strong><em>τίνι</em></strong></span> <span class='ocrx_word' id='word_1_189' title='bbox 1167 1578 1278 1633; x_wconf 86' lang='grc' dir='ltr'><strong><em>μέγα</em></strong></span> <span class='ocrx_word' id='word_1_190' title='bbox 1319 1580 1577 1635; x_wconf 80' lang='grc' dir='ltr'><strong><em>φρονοῦντες</em></strong></span> 
     </span>
     <span class='ocr_line' id='line_1_23' title="bbox 107 1639 1574 1702; baseline 0.001 -17"><span class='ocrx_word' id='word_1_191' title='bbox 107 1643 278 1695; x_wconf 76' lang='grc' dir='ltr'><strong><em>ἀξιοῦσι</em></strong></span> <span class='ocrx_word' id='word_1_192' title='bbox 305 1641 412 1701; x_wconf 81' lang='grc' dir='ltr'><strong><em>πρὸς</em></strong></span> <span class='ocrx_word' id='word_1_193' title='bbox 439 1643 560 1700; x_wconf 76' lang='grc' dir='ltr'><strong><em>ἡμῶν</em></strong></span> <span class='ocrx_word' id='word_1_194' title='bbox 588 1639 923 1698; x_wconf 75' lang='grc' dir='ltr'><strong><em>ἆνακομίζεσθαι</em></strong></span> <span class='ocrx_word' id='word_1_195' title='bbox 954 1642 1001 1687; x_wconf 85' lang='grc' dir='ltr'><strong>τὸ</strong></span> <span class='ocrx_word' id='word_1_196' title='bbox 1031 1640 1211 1701; x_wconf 70' lang='grc' dir='ltr'><strong><em>Δάραςς</em></strong></span> <span class='ocrx_word' id='word_1_197' title='bbox 1250 1650 1372 1687; x_wconf 87' lang='grc' dir='ltr'><strong><em>ποῖον</em></strong></span> <span class='ocrx_word' id='word_1_198' title='bbox 1412 1660 1574 1702; x_wconf 77' lang='grc' dir='ltr'><strong><em>νενικη-</em></strong></span> 
     </span>
    </p>
   </div>
   <div class='ocr_carea' id='block_1_4' title="bbox 201 1751 1570 1850">
    <p class='ocr_par' dir='ltr' id='par_1_4' title="bbox 201 1751 1570 1850">
     <span class='ocr_line' id='line_1_24' title="bbox 201 1751 1570 1804; baseline 0.001 -13"><span class='ocrx_word' id='word_1_199' title='bbox 201 1769 234 1792; x_wconf 81' lang='lat'><strong>2.</strong></span> <span class='ocrx_word' id='word_1_200' title='bbox 259 1755 527 1801; x_wconf 75' lang='grc' dir='ltr'><strong><em>ὖπαλλαγῆναι</em></strong></span> <span class='ocrx_word' id='word_1_201' title='bbox 548 1757 646 1802; x_wconf 86' lang='lat' dir='ltr'>vulg.</span> <span class='ocrx_word' id='word_1_202' title='bbox 745 1758 796 1791; x_wconf 80' lang='lat'><strong>¹3.</strong></span> <span class='ocrx_word' id='word_1_203' title='bbox 821 1754 901 1803; x_wconf 67' lang='grc' dir='ltr'><strong><em>μὴν</em></strong></span> <span class='ocrx_word' id='word_1_204' title='bbox 924 1756 976 1798; x_wconf 89' lang='grc' dir='ltr'><strong>Β.,</strong></span> <span class='ocrx_word' id='word_1_205' title='bbox 997 1755 1050 1804; x_wconf 73' lang='grc' dir='ltr'><strong><em>μὴ</em></strong></span> <span class='ocrx_word' id='word_1_206' title='bbox 1069 1757 1164 1803; x_wconf 86' lang='lat' dir='ltr'>vulg.</span> <span class='ocrx_word' id='word_1_207' title='bbox 1272 1768 1326 1803; x_wconf 84' lang='lat'><strong>¹7·</strong></span> <span class='ocrx_word' id='word_1_208' title='bbox 1352 1751 1479 1804; x_wconf 77' lang='grc' dir='ltr'><strong><em>α’φῆκε</em></strong></span> <span class='ocrx_word' id='word_1_209' title='bbox 1501 1757 1570 1800; x_wconf 86' lang='grc' dir='ltr'><strong>Ν.,</strong></span> 
     </span>
     <span class='ocr_line' id='line_1_25' title="bbox 202 1803 884 1850; baseline 0.001 -12"><span class='ocrx_word' id='word_1_210' title='bbox 202 1805 325 1850; x_wconf 76' lang='grc' dir='ltr'><strong><em>ἐφῆκε</em></strong></span> <span class='ocrx_word' id='word_1_211' title='bbox 347 1803 443 1849; x_wconf 85' lang='lat' dir='ltr'>vulg.</span> <span class='ocrx_word' id='word_1_212' title='bbox 518 1815 574 1838; x_wconf 80' lang='lat'><strong>21.</strong></span> <span class='ocrx_word' id='word_1_213' title='bbox 598 1803 665 1838; x_wconf 74' lang='grc' dir='ltr'><strong>ἐπί</strong></span> <span class='ocrx_word' id='word_1_214' title='bbox 682 1813 762 1838; x_wconf 86' lang='grc' dir='ltr'><strong><em>τινι</em></strong></span> <span class='ocrx_word' id='word_1_215' title='bbox 785 1803 884 1848; x_wconf 83' lang='lat' dir='ltr'><strong>vulg.</strong></span> 
     </span>
    </p>
   </div>
   <div class='ocr_carea' id='block_1_5' title="bbox 98 1896 1568 2458">
    <p class='ocr_par' dir='ltr' id='par_1_5' title="bbox 98 1896 1568 2458">
     <span class='ocr_line' id='line_1_26' title="bbox 102 1896 1568 1948; baseline 0 -13"><span class='ocrx_word' id='word_1_216' title='bbox 102 1901 263 1948; x_wconf 88' lang='lat' dir='ltr'><strong>primum</strong></span> <span class='ocrx_word' id='word_1_217' title='bbox 287 1912 308 1934; x_wconf 86' lang='lat' dir='ltr'><strong>a</strong></span> <span class='ocrx_word' id='word_1_218' title='bbox 335 1899 522 1932; x_wconf 84' lang='lat' dir='ltr'><strong>Persarum</strong></span> <span class='ocrx_word' id='word_1_219' title='bbox 547 1896 683 1931; x_wconf 86' lang='lat' dir='ltr'><strong>finibus</strong></span> <span class='ocrx_word' id='word_1_220' title='bbox 708 1897 883 1932; x_wconf 82' lang='lat' dir='ltr'><strong>excedere</strong></span> <span class='ocrx_word' id='word_1_221' title='bbox 908 1898 1107 1931; x_wconf 78' lang='lat' dir='ltr'><strong>iusserunt.</strong></span> <span class='ocrx_word' id='word_1_222' title='bbox 1155 1899 1202 1931; x_wconf 89' lang='lat' dir='ltr'><strong>Et</strong></span> <span class='ocrx_word' id='word_1_223' title='bbox 1225 1908 1304 1931; x_wconf 90' lang='lat' dir='ltr'><strong>cum</strong></span> <span class='ocrx_word' id='word_1_224' title='bbox 1329 1898 1441 1944; x_wconf 82' lang='lat' dir='ltr'><strong>legati</strong></span> <span class='ocrx_word' id='word_1_225' title='bbox 1464 1911 1568 1935; x_wconf 87' lang='lat' dir='ltr'><strong>man-</strong></span> 
     </span>
     <span class='ocr_line' id='line_1_27' title="bbox 103 1945 1567 1991; baseline -0.001 -8"><span class='ocrx_word' id='word_1_226' title='bbox 103 1950 190 1983; x_wconf 87' lang='lat' dir='ltr'><strong>data</strong></span> <span class='ocrx_word' id='word_1_227' title='bbox 215 1959 280 1982; x_wconf 88' lang='lat' dir='ltr'><strong>sua</strong></span> <span class='ocrx_word' id='word_1_228' title='bbox 309 1946 584 1985; x_wconf 83' lang='lat' dir='ltr'><strong>exhibuissent,</strong></span> <span class='ocrx_word' id='word_1_229' title='bbox 618 1946 745 1978; x_wconf 85' lang='lat' dir='ltr'><strong>Persae</strong></span> <span class='ocrx_word' id='word_1_230' title='bbox 769 1945 912 1985; x_wconf 85' lang='lat' dir='ltr'><strong>omnia,</strong></span> <span class='ocrx_word' id='word_1_231' title='bbox 936 1954 1092 1990; x_wconf 81' lang='lat' dir='ltr'><strong>quorum</strong></span> <span class='ocrx_word' id='word_1_232' title='bbox 1128 1954 1234 1978; x_wconf 87' lang='lat' dir='ltr'><strong>causa</strong></span> <span class='ocrx_word' id='word_1_233' title='bbox 1258 1946 1394 1991; x_wconf 83' lang='lat' dir='ltr'><strong>legatio</strong></span> <span class='ocrx_word' id='word_1_234' title='bbox 1420 1946 1567 1982; x_wconf 83' lang='lat' dir='ltr'><strong>decreta</strong></span> 
     </span>
     <span class='ocr_line' id='line_1_28' title="bbox 103 1992 1565 2039; baseline 0.001 -12"><span class='ocrx_word' id='word_1_235' title='bbox 103 2001 223 2036; x_wconf 87' lang='lat' dir='ltr'><strong>esset,</strong></span> <span class='ocrx_word' id='word_1_236' title='bbox 254 1997 523 2039; x_wconf 80' lang='lat' dir='ltr'><strong>cognoverunt:</strong></span> <span class='ocrx_word' id='word_1_237' title='bbox 558 1996 601 2025; x_wconf 90' lang='lat' dir='ltr'><strong>ut</strong></span> <span class='ocrx_word' id='word_1_238' title='bbox 623 1992 825 2037; x_wconf 82' lang='lat' dir='ltr'><strong>Imperator</strong></span> <span class='ocrx_word' id='word_1_239' title='bbox 848 1997 996 2036; x_wconf 86' lang='lat' dir='ltr'><strong>paratus</strong></span> <span class='ocrx_word' id='word_1_240' title='bbox 1021 1995 1140 2032; x_wconf 84' lang='lat' dir='ltr'><strong>esset,</strong></span> <span class='ocrx_word' id='word_1_241' title='bbox 1164 1992 1260 2025; x_wconf 87' lang='lat' dir='ltr'><strong>mala</strong></span> <span class='ocrx_word' id='word_1_242' title='bbox 1286 2003 1331 2025; x_wconf 78' lang='lat' dir='ltr'><strong>ex</strong></span> <span class='ocrx_word' id='word_1_243' title='bbox 1357 1993 1458 2028; x_wconf 85' lang='lat' dir='ltr'><strong>bello</strong></span> <span class='ocrx_word' id='word_1_244' title='bbox 1482 2000 1565 2028; x_wconf 86' lang='lat' dir='ltr'><strong>orta</strong></span> 
     </span>
     <span class='ocr_line' id='line_1_29' title="bbox 102 2037 1564 2087; baseline -0.001 -10"><span class='ocrx_word' id='word_1_245' title='bbox 102 2044 225 2087; x_wconf 81' lang='lat' dir='ltr'><strong>sopire</strong></span> <span class='ocrx_word' id='word_1_246' title='bbox 251 2047 289 2076; x_wconf 93' lang='lat' dir='ltr'><strong>et</strong></span> <span class='ocrx_word' id='word_1_247' title='bbox 312 2039 542 2078; x_wconf 88' lang='lat' dir='ltr'><strong>Armeniam,</strong></span> <span class='ocrx_word' id='word_1_248' title='bbox 578 2038 623 2071; x_wconf 93' lang='lat' dir='ltr'><strong>de</strong></span> <span class='ocrx_word' id='word_1_249' title='bbox 657 2050 730 2083; x_wconf 87' lang='lat' dir='ltr'><strong>qua</strong></span> <span class='ocrx_word' id='word_1_250' title='bbox 764 2042 821 2071; x_wconf 85' lang='lat' dir='ltr'><strong>tot</strong></span> <span class='ocrx_word' id='word_1_251' title='bbox 852 2039 1051 2072; x_wconf 86' lang='lat' dir='ltr'><strong>certamina</strong></span> <span class='ocrx_word' id='word_1_252' title='bbox 1084 2037 1264 2080; x_wconf 84' lang='lat' dir='ltr'><strong>fuissent,</strong></span> <span class='ocrx_word' id='word_1_253' title='bbox 1303 2039 1384 2074; x_wconf 86' lang='lat' dir='ltr'><strong>sine</strong></span> <span class='ocrx_word' id='word_1_254' title='bbox 1419 2042 1564 2087; x_wconf 85' lang='lat' dir='ltr'><strong>proelio</strong></span> 
     </span>
     <span class='ocr_line' id='line_1_30' title="bbox 102 2084 1562 2133; baseline -0.002 -9"><span class='ocrx_word' id='word_1_255' title='bbox 102 2100 230 2123; x_wconf 84' lang='lat' dir='ltr'><strong>eorum</strong></span> <span class='ocrx_word' id='word_1_256' title='bbox 254 2088 344 2122; x_wconf 85' lang='lat' dir='ltr'><strong>iuris</strong></span> <span class='ocrx_word' id='word_1_257' title='bbox 374 2092 412 2121; x_wconf 86' lang='lat' dir='ltr'><strong>et</strong></span> <span class='ocrx_word' id='word_1_258' title='bbox 438 2085 631 2130; x_wconf 84' lang='lat' dir='ltr'><strong>potestatis</strong></span> <span class='ocrx_word' id='word_1_259' title='bbox 657 2085 795 2127; x_wconf 78' lang='lat' dir='ltr'><strong>facere3</strong></span> <span class='ocrx_word' id='word_1_260' title='bbox 823 2085 916 2131; x_wconf 89' lang='lat' dir='ltr'><strong>quin</strong></span> <span class='ocrx_word' id='word_1_261' title='bbox 942 2089 980 2118; x_wconf 89' lang='lat' dir='ltr'><strong>et</strong></span> <span class='ocrx_word' id='word_1_262' title='bbox 1004 2084 1228 2119; x_wconf 82' lang='lat' dir='ltr'><strong>Arzanenem</strong></span> <span class='ocrx_word' id='word_1_263' title='bbox 1253 2085 1406 2128; x_wconf 86' lang='lat' dir='ltr'><strong>cedere,</strong></span> <span class='ocrx_word' id='word_1_264' title='bbox 1429 2092 1467 2122; x_wconf 87' lang='lat' dir='ltr'><strong>et</strong></span> <span class='ocrx_word' id='word_1_265' title='bbox 1493 2099 1562 2133; x_wconf 84' lang='lat' dir='ltr'><strong>pro</strong></span> 
     </span>
     <span class='ocr_line' id='line_1_31' title="bbox 100 2130 1563 2181; baseline 0 -11"><span class='ocrx_word' id='word_1_266' title='bbox 100 2136 214 2170; x_wconf 84' lang='lat' dir='ltr'><strong>Daras</strong></span> <span class='ocrx_word' id='word_1_267' title='bbox 247 2134 384 2181; x_wconf 89' lang='lat' dir='ltr'><strong>oppido</strong></span> <span class='ocrx_word' id='word_1_268' title='bbox 412 2132 627 2167; x_wconf 78' lang='lat' dir='ltr'><strong>Afumorum</strong></span> <span class='ocrx_word' id='word_1_269' title='bbox 660 2132 847 2165; x_wconf 84' lang='lat' dir='ltr'><strong>castellum</strong></span> <span class='ocrx_word' id='word_1_270' title='bbox 880 2132 957 2164; x_wconf 84' lang='lat' dir='ltr'><strong>inis</strong></span> <span class='ocrx_word' id='word_1_271' title='bbox 994 2130 1149 2166; x_wconf 78' lang='lat' dir='ltr'><strong>tradere.</strong></span> <span class='ocrx_word' id='word_1_272' title='bbox 1210 2133 1341 2168; x_wconf 83' lang='lat' dir='ltr'><strong>Denuo</strong></span> <span class='ocrx_word' id='word_1_273' title='bbox 1373 2135 1563 2170; x_wconf 80' lang='lat' dir='ltr'><strong>Persarum</strong></span> 
     </span>
     <span class='ocr_line' id='line_1_32' title="bbox 100 2177 1561 2229; baseline 0.001 -14"><span class='ocrx_word' id='word_1_274' title='bbox 100 2193 164 2217; x_wconf 82' lang='lat' dir='ltr'><strong>rex</strong></span> <span class='ocrx_word' id='word_1_275' title='bbox 187 2183 325 2229; x_wconf 84' lang='lat' dir='ltr'><strong>legatos</strong></span> <span class='ocrx_word' id='word_1_276' title='bbox 353 2181 520 2224; x_wconf 79' lang='lat' dir='ltr'><strong>excepit,</strong></span> <span class='ocrx_word' id='word_1_277' title='bbox 559 2184 598 2211; x_wconf 83' lang='lat' dir='ltr'><strong>et</strong></span> <span class='ocrx_word' id='word_1_278' title='bbox 622 2178 668 2212; x_wconf 89' lang='lat' dir='ltr'><strong>ad</strong></span> <span class='ocrx_word' id='word_1_279' title='bbox 693 2190 735 2212; x_wconf 87' lang='lat' dir='ltr'><strong>ea</strong></span> <span class='ocrx_word' id='word_1_280' title='bbox 752 2204 761 2219; x_wconf 91' lang='lat'><strong>,</strong></span> <span class='ocrx_word' id='word_1_281' title='bbox 787 2189 881 2225; x_wconf 84' lang='lat' dir='ltr'><strong>quae</strong></span> <span class='ocrx_word' id='word_1_282' title='bbox 905 2180 1105 2223; x_wconf 82' lang='lat' dir='ltr'><strong>Imperator</strong></span> <span class='ocrx_word' id='word_1_283' title='bbox 1128 2177 1176 2212; x_wconf 87' lang='lat' dir='ltr'><strong>ad</strong></span> <span class='ocrx_word' id='word_1_284' title='bbox 1205 2179 1311 2213; x_wconf 87' lang='lat' dir='ltr'><strong>illum</strong></span> <span class='ocrx_word' id='word_1_285' title='bbox 1335 2181 1561 2226; x_wconf 84' lang='lat' dir='ltr'><strong>perhumane</strong></span> 
     </span>
     <span class='ocr_line' id='line_1_33' title="bbox 101 2225 1559 2275; baseline 0 -12"><span class='ocrx_word' id='word_1_286' title='bbox 101 2230 321 2274; x_wconf 76' lang='lat' dir='ltr'><strong>scripserat,</strong></span> <span class='ocrx_word' id='word_1_287' title='bbox 355 2226 485 2261; x_wconf 88' lang='lat' dir='ltr'><strong>acerbe</strong></span> <span class='ocrx_word' id='word_1_288' title='bbox 514 2225 779 2259; x_wconf 77' lang='lat' dir='ltr'><strong>admodum&#39;et</strong></span> <span class='ocrx_word' id='word_1_289' title='bbox 806 2230 1015 2269; x_wconf 83' lang='lat' dir='ltr'><strong>arroganter</strong></span> <span class='ocrx_word' id='word_1_290' title='bbox 1044 2225 1257 2271; x_wconf 87' lang='lat' dir='ltr'><strong>respondit,</strong></span> <span class='ocrx_word' id='word_1_291' title='bbox 1295 2238 1333 2261; x_wconf 83' lang='lat' dir='ltr'><strong>se</strong></span> <span class='ocrx_word' id='word_1_292' title='bbox 1366 2239 1559 2275; x_wconf 84' lang='lat' dir='ltr'><strong>nunquam</strong></span> 
     </span>
     <span class='ocr_line' id='line_1_34' title="bbox 99 2271 1557 2322; baseline 0 -13"><span class='ocrx_word' id='word_1_293' title='bbox 99 2275 191 2309; x_wconf 90' lang='lat' dir='ltr'><strong>urbe</strong></span> <span class='ocrx_word' id='word_1_294' title='bbox 217 2277 331 2310; x_wconf 84' lang='lat' dir='ltr'><strong>Daras</strong></span> <span class='ocrx_word' id='word_1_295' title='bbox 359 2284 543 2309; x_wconf 87' lang='lat' dir='ltr'><strong>cessurum</strong></span> <span class='ocrx_word' id='word_1_296' title='bbox 573 2284 649 2306; x_wconf 91' lang='lat' dir='ltr'><strong>non</strong></span> <span class='ocrx_word' id='word_1_297' title='bbox 677 2273 816 2316; x_wconf 85' lang='lat' dir='ltr'><strong>magis,</strong></span> <span class='ocrx_word' id='word_1_298' title='bbox 849 2283 957 2317; x_wconf 85' lang='lat' dir='ltr'><strong>quam</strong></span> <span class='ocrx_word' id='word_1_299' title='bbox 990 2271 1111 2306; x_wconf 82' lang='lat' dir='ltr'><strong>Nisibi</strong></span> <span class='ocrx_word' id='word_1_300' title='bbox 1147 2277 1211 2306; x_wconf 88' lang='lat' dir='ltr'><strong>aut</strong></span> <span class='ocrx_word' id='word_1_301' title='bbox 1247 2273 1427 2319; x_wconf 85' lang='lat' dir='ltr'><strong>Singaris,</strong></span> <span class='ocrx_word' id='word_1_302' title='bbox 1464 2287 1557 2322; x_wconf 82' lang='lat' dir='ltr'><strong>quas</strong></span> 
     </span>
     <span class='ocr_line' id='line_1_35' title="bbox 100 2318 1556 2369; baseline -0.001 -13"><span class='ocrx_word' id='word_1_303' title='bbox 100 2321 209 2357; x_wconf 85' lang='lat' dir='ltr'><strong>urbes</strong></span> <span class='ocrx_word' id='word_1_304' title='bbox 233 2335 254 2356; x_wconf 89' lang='lat' dir='ltr'><strong>a</strong></span> <span class='ocrx_word' id='word_1_305' title='bbox 280 2322 449 2356; x_wconf 85' lang='lat' dir='ltr'><strong>Romanis</strong></span> <span class='ocrx_word' id='word_1_306' title='bbox 477 2330 543 2366; x_wconf 89' lang='lat' dir='ltr'><strong>per</strong></span> <span class='ocrx_word' id='word_1_307' title='bbox 570 2321 646 2353; x_wconf 88' lang='lat' dir='ltr'><strong>vim</strong></span> <span class='ocrx_word' id='word_1_308' title='bbox 671 2325 793 2364; x_wconf 88' lang='lat' dir='ltr'><strong>captas</strong></span> <span class='ocrx_word' id='word_1_309' title='bbox 818 2318 998 2352; x_wconf 85' lang='lat' dir='ltr'><strong>haberent</strong></span> <span class='ocrx_word' id='word_1_310' title='bbox 1026 2318 1172 2360; x_wconf 82' lang='lat' dir='ltr'><strong>Persae,</strong></span> <span class='ocrx_word' id='word_1_311' title='bbox 1206 2330 1328 2367; x_wconf 85' lang='lat' dir='ltr'><strong>neque</strong></span> <span class='ocrx_word' id='word_1_312' title='bbox 1355 2322 1556 2369; x_wconf 88' lang='lat' dir='ltr'><strong>quicquam</strong></span> 
     </span>
     <span class='ocr_line' id='line_1_36' title="bbox 100 2365 1556 2417; baseline -0.003 -14"><span class='ocrx_word' id='word_1_313' title='bbox 100 2381 145 2403; x_wconf 83' lang='lat' dir='ltr'><strong>ex</strong></span> <span class='ocrx_word' id='word_1_314' title='bbox 162 2369 453 2414; x_wconf 83' lang='lat' dir='ltr'><strong>possessionibus</strong></span> <span class='ocrx_word' id='word_1_315' title='bbox 466 2392 476 2406; x_wconf 90' lang='lat'><strong>‚</strong></span> <span class='ocrx_word' id='word_1_316' title='bbox 501 2378 591 2412; x_wconf 87' lang='lat' dir='ltr'><strong>quas</strong></span> <span class='ocrx_word' id='word_1_317' title='bbox 617 2367 674 2399; x_wconf 84' lang='lat' dir='ltr'><strong>illi</strong></span> <span class='ocrx_word' id='word_1_318' title='bbox 695 2371 798 2411; x_wconf 86' lang='lat' dir='ltr'><strong>pater</strong></span> <span class='ocrx_word' id='word_1_319' title='bbox 815 2365 1068 2412; x_wconf 79' lang='lat' dir='ltr'><strong>reliquerit,se</strong></span> <span class='ocrx_word' id='word_1_320' title='bbox 1089 2366 1376 2410; x_wconf 83' lang='lat' dir='ltr'><strong>diminuturum,</strong></span> <span class='ocrx_word' id='word_1_321' title='bbox 1397 2369 1463 2404; x_wconf 86' lang='lat' dir='ltr'><strong>sed</strong></span> <span class='ocrx_word' id='word_1_322' title='bbox 1483 2382 1556 2417; x_wconf 83' lang='lat' dir='ltr'><strong>po-</strong></span> 
     </span>
     <span class='ocr_line' id='line_1_37' title="bbox 98 2412 1555 2458; baseline 0.001 -9"><span class='ocrx_word' id='word_1_323' title='bbox 98 2417 192 2456; x_wconf 81' lang='lat' dir='ltr'><strong>tius,</strong></span> <span class='ocrx_word' id='word_1_324' title='bbox 223 2417 353 2450; x_wconf 89' lang='lat' dir='ltr'><strong>sinon</strong></span> <span class='ocrx_word' id='word_1_325' title='bbox 377 2414 557 2450; x_wconf 81' lang='lat' dir='ltr'><strong>auctiores</strong></span> <span class='ocrx_word' id='word_1_326' title='bbox 582 2412 714 2452; x_wconf 85' lang='lat' dir='ltr'><strong>faciat,</strong></span> <span class='ocrx_word' id='word_1_327' title='bbox 741 2413 870 2446; x_wconf 82' lang='lat' dir='ltr'><strong>saltem</strong></span> <span class='ocrx_word' id='word_1_328' title='bbox 904 2416 1081 2458; x_wconf 84' lang='lat' dir='ltr'><strong>quantum</strong></span> <span class='ocrx_word' id='word_1_329' title='bbox 1117 2412 1158 2446; x_wconf 88' lang='lat' dir='ltr'><strong>in</strong></span> <span class='ocrx_word' id='word_1_330' title='bbox 1192 2425 1231 2448; x_wconf 87' lang='lat' dir='ltr'><strong>se</strong></span> <span class='ocrx_word' id='word_1_331' title='bbox 1263 2419 1382 2456; x_wconf 81' lang='lat' dir='ltr'><strong>esset,</strong></span> <span class='ocrx_word' id='word_1_332' title='bbox 1414 2417 1555 2451; x_wconf 84' lang='lat' dir='ltr'><strong>intacta</strong></span> 
     </span>
    </p>
   </div>
   <div class='ocr_carea' id='block_1_6' title="bbox 98 2457 1553 2505">
    <p class='ocr_par' dir='ltr' id='par_1_6' title="bbox 98 2457 1553 2505">
     <span class='ocr_line' id='line_1_38' title="bbox 98 2457 1553 2505; baseline 0.001 -10"><span class='ocrx_word' id='word_1_333' title='bbox 98 2468 403 2497; x_wconf 86' lang='lat' dir='ltr'><strong>conservaturum.</strong></span> <span class='ocrx_word' id='word_1_334' title='bbox 466 2462 595 2502; x_wconf 83' lang='lat' dir='ltr'><strong>„Pater</strong></span> <span class='ocrx_word' id='word_1_335' title='bbox 634 2459 835 2500; x_wconf 70' lang='lat' dir='ltr'><strong>Chosroes,</strong></span> <span class='ocrx_word' id='word_1_336' title='bbox 872 2457 1018 2505; x_wconf 85' lang='lat' dir='ltr'><strong>inquit,</strong></span> <span class='ocrx_word' id='word_1_337' title='bbox 1063 2460 1095 2493; x_wconf 82' lang='lat' dir='ltr'><strong>si</strong></span> <span class='ocrx_word' id='word_1_338' title='bbox 1124 2460 1287 2503; x_wconf 84' lang='lat' dir='ltr'><strong>vixisset,</strong></span> <span class='ocrx_word' id='word_1_339' title='bbox 1320 2462 1475 2498; x_wconf 82' lang='lat' dir='ltr'><strong>fortasse</strong></span> <span class='ocrx_word' id='word_1_340' title='bbox 1508 2475 1553 2499; x_wconf 86' lang='lat' dir='ltr'><strong>eo</strong></span> 
     </span>
    </p>
   </div>
   <div class='ocr_carea' id='block_1_7' title="bbox 93 2505 1554 2791">
    <p class='ocr_par' dir='ltr' id='par_1_7' title="bbox 93 2505 1554 2791">
     <span class='ocr_line' id='line_1_39' title="bbox 98 2505 1554 2556; baseline -0.002 -15"><span class='ocrx_word' id='word_1_341' title='bbox 98 2509 374 2550; x_wconf 87' lang='lat' dir='ltr'><strong>descendisset,</strong></span> <span class='ocrx_word' id='word_1_342' title='bbox 401 2514 439 2543; x_wconf 90' lang='lat' dir='ltr'><strong>et</strong></span> <span class='ocrx_word' id='word_1_343' title='bbox 461 2509 574 2541; x_wconf 85' lang='lat' dir='ltr'><strong>Daras</strong></span> <span class='ocrx_word' id='word_1_344' title='bbox 607 2505 776 2541; x_wconf 86' lang='lat' dir='ltr'><strong>Romanis</strong></span> <span class='ocrx_word' id='word_1_345' title='bbox 802 2506 1031 2540; x_wconf 84' lang='lat' dir='ltr'><strong>restituisset.</strong></span> <span class='ocrx_word' id='word_1_346' title='bbox 1079 2507 1124 2541; x_wconf 88' lang='lat' dir='ltr'><strong>Ei</strong></span> <span class='ocrx_word' id='word_1_347' title='bbox 1152 2508 1263 2549; x_wconf 87' lang='lat' dir='ltr'><strong>enim,</strong></span> <span class='ocrx_word' id='word_1_348' title='bbox 1288 2509 1352 2556; x_wconf 87' lang='lat' dir='ltr'><strong>qui</strong></span> <span class='ocrx_word' id='word_1_349' title='bbox 1376 2510 1455 2555; x_wconf 80' lang='lat' dir='ltr'><strong>ipse</strong></span> <span class='ocrx_word' id='word_1_350' title='bbox 1477 2511 1554 2544; x_wconf 84' lang='lat' dir='ltr'><strong>im..</strong></span> 
     </span>
     <span class='ocr_line' id='line_1_40' title="bbox 97 2553 1552 2602; baseline 0.002 -14"><span class='ocrx_word' id='word_1_351' title='bbox 97 2556 192 2601; x_wconf 88' lang='lat' dir='ltr'><strong>perii</strong></span> <span class='ocrx_word' id='word_1_352' title='bbox 225 2556 316 2590; x_wconf 83' lang='lat' dir='ltr'><strong>fines</strong></span> <span class='ocrx_word' id='word_1_353' title='bbox 348 2555 556 2601; x_wconf 86' lang='lat' dir='ltr'><strong>protendit,</strong></span> <span class='ocrx_word' id='word_1_354' title='bbox 592 2561 696 2598; x_wconf 86' lang='lat' dir='ltr'><strong>parta</strong></span> <span class='ocrx_word' id='word_1_355' title='bbox 735 2564 859 2586; x_wconf 84' lang='lat' dir='ltr'><strong>rursus</strong></span> <span class='ocrx_word' id='word_1_356' title='bbox 901 2553 1081 2595; x_wconf 86' lang='lat' dir='ltr'><strong>amittere,</strong></span> <span class='ocrx_word' id='word_1_357' title='bbox 1115 2566 1191 2588; x_wconf 91' lang='lat' dir='ltr'><strong>non</strong></span> <span class='ocrx_word' id='word_1_358' title='bbox 1226 2559 1303 2588; x_wconf 82' lang='lat' dir='ltr'><strong>tam</strong></span> <span class='ocrx_word' id='word_1_359' title='bbox 1341 2560 1449 2602; x_wconf 87' lang='lat' dir='ltr'><strong>turpe</strong></span> <span class='ocrx_word' id='word_1_360' title='bbox 1484 2563 1552 2591; x_wconf 86' lang='lat' dir='ltr'><strong>est.</strong></span> 
     </span>
     <span class='ocr_line' id='line_1_41' title="bbox 97 2599 1553 2648; baseline 0.001 -11"><span class='ocrx_word' id='word_1_361' title='bbox 97 2603 232 2637; x_wconf 85' lang='lat' dir='ltr'><strong>Pudori</strong></span> <span class='ocrx_word' id='word_1_362' title='bbox 260 2609 383 2637; x_wconf 81' lang='lat' dir='ltr'><strong>autem</strong></span> <span class='ocrx_word' id='word_1_363' title='bbox 410 2607 466 2637; x_wconf 86' lang='lat' dir='ltr'><strong>est</strong></span> <span class='ocrx_word' id='word_1_364' title='bbox 488 2601 658 2635; x_wconf 75' lang='lat' dir='ltr'><strong>omnibus</strong></span> <span class='ocrx_word' id='word_1_365' title='bbox 685 2599 899 2634; x_wconf 84' lang='lat' dir='ltr'><strong>hominibus</strong></span> <span class='ocrx_word' id='word_1_366' title='bbox 922 2604 1070 2644; x_wconf 86' lang='lat' dir='ltr'><strong>paterna</strong></span> <span class='ocrx_word' id='word_1_367' title='bbox 1091 2601 1316 2648; x_wconf 54' lang='lat' dir='ltr'><strong>profligare?</strong></span> <span class='ocrx_word' id='word_1_368' title='bbox 1364 2603 1464 2638; x_wconf 88' lang='lat' dir='ltr'><strong>Haec</strong></span> <span class='ocrx_word' id='word_1_369' title='bbox 1485 2604 1553 2638; x_wconf 86' lang='lat' dir='ltr'><strong>ubi</strong></span> 
     </span>
     <span class='ocr_line' id='line_1_42' title="bbox 98 2645 1551 2697; baseline 0.001 -15"><span class='ocrx_word' id='word_1_370' title='bbox 98 2650 278 2691; x_wconf 85' lang='lat' dir='ltr'><strong>dixisset,</strong></span> <span class='ocrx_word' id='word_1_371' title='bbox 313 2661 434 2683; x_wconf 85' lang='lat' dir='ltr'><strong>rursus</strong></span> <span class='ocrx_word' id='word_1_372' title='bbox 458 2660 525 2694; x_wconf 85' lang='lat' dir='ltr'><strong>per</strong></span> <span class='ocrx_word' id='word_1_373' title='bbox 548 2647 743 2681; x_wconf 88' lang='lat' dir='ltr'><strong>Mebodem</strong></span> <span class='ocrx_word' id='word_1_374' title='bbox 766 2647 839 2679; x_wconf 88' lang='lat' dir='ltr'><strong>alia</strong></span> <span class='ocrx_word' id='word_1_375' title='bbox 867 2647 944 2680; x_wconf 85' lang='lat' dir='ltr'><strong>sere</strong></span> <span class='ocrx_word' id='word_1_376' title='bbox 976 2645 1190 2681; x_wconf 85' lang='lat' dir='ltr'><strong>huiusmodi</strong></span> <span class='ocrx_word' id='word_1_377' title='bbox 1214 2651 1393 2695; x_wconf 83' lang='lat' dir='ltr'><strong>suggessit</strong></span> <span class='ocrx_word' id='word_1_378' title='bbox 1414 2665 1422 2684; x_wconf 73' lang='grc' dir='ltr'><strong>ι</strong></span> <span class='ocrx_word' id='word_1_379' title='bbox 1456 2662 1551 2697; x_wconf 85' lang='lat' dir='ltr'><strong>qua-</strong></span> 
     </span>
     <span class='ocr_line' id='line_1_43' title="bbox 95 2693 1551 2742; baseline 0.002 -13"><span class='ocrx_word' id='word_1_380' title='bbox 95 2708 181 2730; x_wconf 86' lang='lat' dir='ltr'><strong>nam</strong></span> <span class='ocrx_word' id='word_1_381' title='bbox 207 2696 253 2730; x_wconf 87' lang='lat' dir='ltr'><strong>de</strong></span> <span class='ocrx_word' id='word_1_382' title='bbox 277 2708 382 2730; x_wconf 83' lang='lat' dir='ltr'><strong>causa</strong></span> <span class='ocrx_word' id='word_1_383' title='bbox 406 2697 496 2731; x_wconf 84' lang='lat' dir='ltr'><strong>elati</strong></span> <span class='ocrx_word' id='word_1_384' title='bbox 535 2694 688 2728; x_wconf 87' lang='lat' dir='ltr'><strong>Romani</strong></span> <span class='ocrx_word' id='word_1_385' title='bbox 724 2695 836 2728; x_wconf 85' lang='lat' dir='ltr'><strong>Daras</strong></span> <span class='ocrx_word' id='word_1_386' title='bbox 871 2693 917 2726; x_wconf 87' lang='lat' dir='ltr'><strong>ab</strong></span> <span class='ocrx_word' id='word_1_387' title='bbox 953 2694 1043 2739; x_wconf 83' lang='lat' dir='ltr'><strong>ipsis</strong></span> <span class='ocrx_word' id='word_1_388' title='bbox 1076 2696 1238 2740; x_wconf 88' lang='lat' dir='ltr'><strong>recipere</strong></span> <span class='ocrx_word' id='word_1_389' title='bbox 1271 2700 1446 2740; x_wconf 82' lang='lat' dir='ltr'><strong>poscant,</strong></span> <span class='ocrx_word' id='word_1_390' title='bbox 1478 2709 1551 2742; x_wconf 87' lang='lat' dir='ltr'><strong>qua</strong></span> 
     </span>
     <span class='ocr_line' id='line_1_44' title="bbox 93 2740 1549 2791; baseline 0.001 -13"><span class='ocrx_word' id='word_1_391' title='bbox 93 2743 246 2779; x_wconf 82' lang='lat' dir='ltr'><strong>victoria</strong></span> <span class='ocrx_word' id='word_1_392' title='bbox 270 2743 394 2790; x_wconf 85' lang='lat' dir='ltr'><strong>potiti,</strong></span> <span class='ocrx_word' id='word_1_393' title='bbox 418 2743 553 2791; x_wconf 79' lang='lat' dir='ltr'><strong>quibus</strong></span> <span class='ocrx_word' id='word_1_394' title='bbox 577 2741 736 2790; x_wconf 84' lang='lat' dir='ltr'><strong>tropaeis</strong></span> <span class='ocrx_word' id='word_1_395' title='bbox 755 2750 793 2774; x_wconf 86' lang='lat' dir='ltr'><strong>se</strong></span> <span class='ocrx_word' id='word_1_396' title='bbox 820 2740 1026 2776; x_wconf 86' lang='lat' dir='ltr'><strong>iactantes?</strong></span> <span class='ocrx_word' id='word_1_397' title='bbox 1058 2741 1125 2777; x_wconf 89' lang='lat' dir='ltr'><strong>ubi</strong></span> <span class='ocrx_word' id='word_1_398' title='bbox 1149 2742 1312 2790; x_wconf 87' lang='lat' dir='ltr'><strong>denique</strong></span> <span class='ocrx_word' id='word_1_399' title='bbox 1343 2743 1549 2790; x_wconf 73' lang='lat' dir='ltr'><strong>superiores</strong></span> 
     </span>
    </p>
   </div>
  </div>
 </body>
</html>
