1924 3164
320 167 428 224 252
888 183 1163 227 EXCERPTA

139 290 313 337 &Ga-4:⁷9
328 290 527 330 κνοῦνται
562 288 621 337 εἷς
661 285 898 341 Λυχνηὸόν.
951 288 1032 329 τῶν
1062 287 1109 329 δὲ
1139 289 1185 329 ἐκ
1208 287 1285 342 τῆς
1310 288 1475 338 πόλεως·
1493 290 1572 332 τῶν
1600 291 1644 332 ἓν
1667 293 1760 340 ταῖς
1789 336 1792 339 ,

144 337 461 418 Ζεέἓξζξιῖξιάις
490 351 842 410 (παλαιόπλουτός
879 368 925 394 τε
960 351 1038 409 γὰρ
1082 350 1188 408 αὕτη
1228 351 1302 394 καὶ
1326 352 1536 406 effaetam
1562 354 1591 410 ἦ
1617 354 1757 411 πόλις)

325 421 397 461 καί
421 421 505 461 τῶν
533 414 668 460 ἄλλων
696 414 1030 472 ἀπαντησάντων,
1053 419 1314 473 εἰσέρχονται
1328 419 1526 461 ἐνταῦθα.
1555 420 1629 462 καὶ
1654 417 1760 462 ‹ino-

215 487 486 528 Ἷ,56στε’λλει
526 481 652 524 πάλιν
685 482 963 535 Ἀὃαμάντιος
986 485 1046 532 εἰς
1066 478 1340 537 Ἐπίδαμνον,
1369 482 1546 527 κελεόων
1571 481 1600 541 ἢ
1630 485 1761 527 αὐτὸν

326 548 397 592 τὸν
444 549 701 602 Θευδέριχον
742 546 801 597 εἴς
828 565 870 589 τι
898 551 982 591 τῶν
1008 547 1107 605 περὶ
1131 547 1360 604 Λυχνηὸὁν
1383 552 1551 605 χωρίων
1578 543 1808 606 ‹finandi-5„

327 631 400 656 σαι
427 615 516 667 μετ’
546 610 696 667 ὄλίγων
724 612 1013 668 διαλεξόμενον
1042 614 1156 672 αὐτῷ
1183 617 1283 671 περὶ
1307 610 1363 657 ὧν
1392 612 1697 671 οἷπὲσταλτο,’ἦ“
1724 615 1764 657 εἰ

325 679 530 733 βούλοιτο,
563 677 690 722 αὕτὸν
725 681 865 722 ἐλθεῖν
898 682 957 729 εἰς
990 677 1239 733 Ἐπίδαμνον
1261 713 1274 735 ,
1302 683 1469 735 πέμψαι
1498 680 1681 737 ὁμήρους
1704 683 1763 731 εἷς

326 742 559 799 Λυχνηὸὁν
585 741 697 786 Σόαν
721 760 766 786 τε
793 743 866 787 τὸν
897 747 1031 788 αὐτοῦ
1057 744 1281 801 στρατηγὸν
1309 748 1382 788 καί
1403 747 1651 801 Δαγίσθεον,
1681 763 1765 803 φυ-

327 811 669 864 λαχθησομένους
710 811 789 859 ἕως
826 807 877 852 ἂν
899 817 901 819 ’
923 809 1052 860 αὐτὸς
1086 811 1306 869 ἐπανέλθῃ.
1364 810 1386 854 ὅ
1429 814 1475 855 δὲ
1503 815 1656 867 πέμπει
1685 814 1765 866 μὲν

285 874 513 929 Βτούτους,
542 875 731 918 ἐκέλευσε
760 877 807 919 δὲ
836 875 991 926 αὐτοὺς
1014 882 1251 932 περιμεῖναι
1268 879 1312 919 ἐν
1324 880 1516 936 Σκαμπίᾳ
1554 879 1626 920 καί
1663 893 1820 933 προ-ιο

328 945 571 982 αποστεϊλαι
598 937 748 998 ἄνδρα,
778 940 824 993 ὃς
851 940 926 984 τὸν
953 942 1205 997 Σαβινιανὸν
1233 939 1423 999 ὅρκοόσει,
1459 937 1490 999 ἦ
1514 942 1598 999 μὴν
1623 944 1767 986 ἐπανι-

328 1003 443 1055 όντος
470 1005 582 1048 σώου
620 1010 698 1049 τοῦ
732 1004 1019 1062 Ἀδαμαντίου
1058 1010 1133 1050 καί
1160 1006 1290 1050 αὐτὸν
1315 1007 1414 1058 τοὺς
1442 1007 1628 1063 ὁμήρους
1655 1008 1767 1049 ἄπα-

327 1074 422 1120 θεΐς
462 1072 726 1125 α’ποπέμψαι.
781 1072 805 1114 ὅ
845 1075 892 1115 δὲ
926 1072 1175 1128 Σαβινιανὸς
1213 1074 1289 1115 οὐκ
1328 1069 1378 1116 ἂν
1417 1073 1498 1130 ἔφη
1527 1072 1788 1126 ὅμοῦσθαι·.
1843 1106 1846 1110 .

330 1137 428 1178 οὐδὲ
458 1136 537 1193 γὰρ
566 1140 610 1180 ἐν
637 1140 694 1195 τῷ
733 1138 920 1196 πρόσθεν
948 1137 1087 1197 χρόνῳ
1117 1138 1377 1193 ὀμωμοκέναι
1405 1141 1468 1181 ἐπ’
1496 1137 1636 1181 ου’δενί
1660 1135 1768 1195 πρά-

328 1219 477 1257 γματι,
505 1205 577 1245 καί
600 1202 646 1245 τὸ
673 1201 804 1247 πάλαι
832 1205 947 1263 αὐτῷ
975 1202 1100 1256 δόξαν
1128 1202 1205 1246 οὖκ
1232 1201 1284 1246 ἂν
1308 1208 1383 1247 νῦν
1411 1204 1671 1247 καταλύσειν.
1698 1202 1771 1245 καί
1777 1210 1821 1252 15

330 1269 404 1309 τοῦ
426 1264 711 1321 Ἀδαμαντιόυ
741 1272 942 1324 λέγοντος,
970 1269 1028 1319 ὥς
1057 1266 1212 1326 ἀνάγκη
1240 1271 1510 1328 συγχωρῆσαι
1552 1272 1611 1327 τῷ
1638 1271 1770 1326 καιρῷ

338 1328 416 1345 ’ΧΠ

329 1351 359 1388 η
389 1349 602 1388 απρακτον
628 1331 735 1377 εἶναι
760 1334 835 1390 τήν
861 1335 1098 1391 πρεσβείαν,
1128 1333 1198 1391 (οὗ
1226 1335 1304 1391 γὰρ
1337 1335 1465 1378 αὕτὸν
1493 1335 1691 1377 ἀπελθεῖν
1710 1331 1771 1390 μή

333 1415 376 1441 τι
403 1401 475 1441 καί
501 1401 698 1456 ἐνέχυρον
729 1402 807 1443 τοῦ
835 1399 1028 1453 σώματος
1055 1401 1272 1460 λαβόντα,)
1315 1403 1440 1444 οὐδὲν
1469 1403 1631 1454 μᾶλλον
1656 1398 1771 1442 ἐπεί-

225 1467 328 1504 Ρ.83
339 1468 436 1520 σθη,
465 1465 556 1506 ἀλλ’
583 1467 739 1508 ἐκεῖνον
764 1467 842 1519 μὲν
869 1463 950 1522 ἔφη
977 1467 1132 1508 εἰδέναι
1155 1465 1201 1508 τό
1231 1464 1367 1524 ἑαυτῷ
1394 1468 1611 1521 πρακτέον,
1641 1463 1773 1507 αὐτὸν

335 1532 382 1573 δὲ
411 1526 532 1573 οὐδὲν
558 1529 747 1587 ποιήσειν
772 1532 888 1588 παρὰ
917 1530 989 1574 τὸν
1017 1532 1148 1574 αὑτοῦ
1172 1529 1311 1586 νόμον.
1348 1534 1533 1575 ἐνταῦθα
1557 1530 1826 1584 Ἀδαμάν-αο

431 1629 483 1651 ιο.
516 1618 700 1663 Σκαμπίᾳ
723 1617 822 1659 Val.‚
855 1619 1003 1663 καμπία
1035 1618 1131 1663 vulg.
1330 1616 1656 1661 προσαποστεῖλαι
1677 1615 1771 1660 vulg.

429 1666 482 1699 13.
496 1662 678 1710 ὀμεῖσθαι
700 1665 737 1698 Β.
835 1676 886 1709 ¹9·
912 1661 1029 1698 αϋτόν
1054 1666 1118 1707 Η..
1142 1663 1260 1698 adzo&
1282 1665 1377 1710 vulg.

336 1726 513 1762 :nantium
537 1726 583 1760 ad
605 1727 798 1763 barbarum
819 1729 988 1762 accedere
1012 1726 1084 1761 fide
1109 1739 1172 1760 sua
1196 1727 1411 1771 interposita
1429 1726 1592 1766 iuberet,
1616 1725 1774 1759 advene-

337 1778 403 1807 rat.
452 1773 568 1818 Quem
595 1773 812 1808 Sabinianus
837 1780 875 1808 et
898 1774 1130 1809 Adamantius
1157 1785 1276 1807 secum
1304 1773 1475 1807 ducentes
1507 1772 1671 1817 protinus
1699 1771 1774 1804 dis-

339 1819 475 1854 cedunt
502 1819 789 1863 etLychnidum
823 1823 985 1857 veniunt.
1035 1821 1121 1855 Erat
1161 1819 1251 1853 haec
1275 1820 1360 1853 urbs
1384 1821 1454 1852 iam
1479 1820 1567 1853 olim
1601 1818 1775 1863 opulenta

340 1871 378 1898 et
391 1865 528 1899 divitiis
547 1867 753 1905 abundans:
781 1869 883 1904 cuius
907 1868 1131 1912 magistratus
1158 1871 1195 1900 et
1221 1867 1281 1899 alii
1301 1868 1395 1900 cives
1415 1862 1557 1899 obviam
1576 1866 1649 1898 illis
1665 1863 1778 1909 prod-

340 1913 482 1952 ierunt,
516 1918 553 1946 et
589 1923 649 1945 eos
674 1913 714 1946 in
749 1925 823 1948 eam
851 1915 1141 1948 introduxerunt.
1192 1913 1286 1946 Hinc
1298 1912 1533 1946 Adamantius
1555 1913 1673 1946 denuo
1689 1911 1778 1955 Epi-

341 1959 511 1991 damnum
535 1960 650 1993 mittit
689 1962 892 2006 petiitque,
926 1967 967 1994 ut
991 1958 1265 1995 'l‘heuderichus
1301 1959 1346 1992 ad
1370 1971 1407 1993 se
1433 1960 1524 1992 circa
1549 1957 1776 2003 Lychnidum

344 2016 425 2038 curn
449 2006 572 2050 paucis
599 2007 755 2048 veniret,
775 2013 812 2041 et
836 2007 880 2041 dc
905 2009 1033 2047 rebus,
1057 2008 1102 2041 de
1125 2006 1259 2053 quibus
1282 2006 1328 2039 ad
1352 2018 1434 2040 eum
1459 2007 1586 2040 missus
1611 2009 1696 2043 erat,
1720 2013 1777 2035 se-

345 2064 425 2086 cum
452 2051 741 2098 colloqueretur,
782 2058 845 2087 aut
872 2055 902 2088 si
930 2055 987 2088 illi
1014 2053 1216 2094 videretur,
1252 2054 1370 2098 ipsum
1395 2052 1633 2096 Epidamnum
1658 2061 1778 2083 acces-

344 2109 488 2139 surum,
510 2099 618 2132 modo
633 2101 750 2141 Soam,
776 2100 887 2144 ipsius
911 2100 1052 2142 ducem,
1080 2106 1116 2134 et
1140 2099 1373 2145 Dagistheum
1397 2097 1540 2132 obsides
1553 2095 1779 2140 Lychnidum

345 2147 527 2183 mitteret,
564 2147 627 2190 qui
653 2147 731 2180 illic
766 2154 1049 2188 asservarentur,
1086 2146 1169 2180 dum
1194 2147 1311 2180 salvus
1339 2151 1375 2179 et
1399 2145 1586 2179 incolumis
1614 2143 1777 2175 remitte·
1812 2182 1820 2189 Β

290 2232 293 2236 μ
346 2197 455 2224 retur.
503 2192 577 2225 Hos
603 2193 751 2236 quidem
774 2194 948 2228 barbarus
972 2195 1109 2235 mittit,
1134 2193 1197 2226 sed
1222 2192 1405 2236 Scampiac
1431 2191 1625 2224 subsistere
1651 2195 1688 2222 et
1710 2188 1780 2222 ho-

345 2239 481 2271 minem
519 2237 564 2270 ad
588 2239 824 2273 Sabinianum
857 2243 1089 2285 praemittere
1121 2240 1248 2279 iussit,
1287 2239 1349 2284 qui
1375 2238 1608 2271 Sabinianum
1640 2236 1780 2268 iureiu-

349 2283 462 2318 rando
488 2283 668 2329 adigeret,
708 2287 738 2319 si
762 2287 877 2320 salvus
903 2292 939 2321 et
962 2287 1155 2321 incolumis
1181 2285 1414 2320 Adamantius
1440 2284 1595 2322 rediret,
1621 2294 1659 2316 se
1687 2293 1780 2327 quo-

352 2342 424 2376 que
467 2330 581 2364 salvos
614 2337 652 2365 et
690 2333 888 2367 incolumes
915 2332 1059 2367 obsides
1086 2332 1325 2365 dimissurum.
1373 2330 1444 2364 Sed
1470 2329 1686 2362 Sabinianus
1711 2339 1779 2361 ne-

351 2376 447 2421 gavit
473 2386 510 2408 se
542 2378 754 2414 iuraturum.
814 2381 889 2414 Nec
913 2380 1009 2414 enim
1034 2380 1110 2413 ulla
1143 2379 1188 2412 de
1213 2390 1251 2411 re
1275 2383 1379 2411 antea
1408 2387 1444 2409 se
1469 2378 1624 2415 iurasse,
1657 2384 1778 2420 neque

349 2422 562 2467 opinionem
596 2425 691 2469 apud
720 2427 878 2459 animum
910 2439 1012 2460 suum
1047 2437 1067 2458 a
1097 2432 1170 2459 tam
1205 2425 1310 2469 longo
1348 2429 1509 2467 tempore
1542 2422 1778 2455 inveteratam

352 2469 613 2512 depositurum,
660 2472 750 2505 Cum
766 2472 999 2506 Adamantius
1019 2472 1167 2512 diceret,
1192 2481 1336 2505 necesse
1362 2481 1438 2503 esse
1471 2470 1625 2514 tempori
1650 2468 1779 2501 cedere

351 2521 416 2548 aut
445 2515 662 2559 legationem
687 2518 823 2551 irritam
859 2520 958 2553 sore:
983 2530 1050 2552 nec
1087 2519 1183 2552 enim
1216 2529 1254 2551 se
1286 2516 1542 2561 profecturum,
1574 2515 1644 2548 nisi
1678 2514 1778 2559 prius

353 2561 504 2606 aliquod
537 2562 632 2595 vitae
665 2569 702 2597 et
736 2567 863 2599 salutis
897 2575 981 2599 suae
1013 2567 1141 2610 pignus
1165 2564 1378 2609 accepisset:
1415 2563 1631 2595 Sabinianus
1657 2566 1780 2596 tamen

354 2608 450 2642 nihil
477 2608 696 2642 movebatur.
745 2613 790 2644 Et
821 2612 924 2644 illum
963 2611 1110 2657 quidem
1146 2612 1198 2644 ait
1222 2611 1331 2651 scire,
1363 2609 1452 2656 quid
1475 2609 1546 2641 sibi
1571 2608 1664 2641 sacto
1690 2615 1783 2650 opus

357 2657 423 2695 Sita
450 2665 487 2687 ⁵0
512 2654 659 2700 quidem
686 2657 779 2691 nihil
806 2660 999 2704 quicquam
1025 2663 1149 2692 contra
1172 2658 1307 2701 legem,
1342 2668 1446 2701 quam
1474 2656 1590 2694 colat,
1614 2653 1781 2686 commis-

358 2711 491 2735 surum.
540 2701 607 2733 Hic
631 2713 707 2734 cum
735 2703 963 2738 Adamantius
990 2705 1027 2737 iu
1052 2704 1163 2737 dubio
1189 2702 1375 2742 haereret,
1403 2701 1592 2746 assumptis
1617 2699 1782 2733 ducentis

358 2747 548 2789 militibus,
573 2759 638 2794 per
664 2751 760 2795 ripas
783 2750 979 2786 inacccssas
1004 2757 1040 2785 et
1063 2752 1157 2785 viam
1180 2750 1304 2784 multis
1330 2750 1547 2795 incognitam
1571 2757 1690 2795 neque
1715 2756 1783 2782 an-
