1924 3164
313 132 343 190 5
359 134 421 192 18
894 150 1158 193 PRlsclAM

313 257 472 306 Quare,
499 269 664 308 precor,
699 252 869 291 libenter
901 253 1038 292 audias
1064 261 1158 304 tua,

314 322 428 370 Quae
449 327 592 358 cuncta
617 333 698 357 non
725 332 796 371 ego
822 324 963 371 potero
994 319 1216 372 producere
1232 350 1243 370 ,

313 386 406 424 Non
429 384 538 423 mille
570 384 716 422 dentur
734 385 767 422 si
797 384 896 423 mihi
923 383 1081 438 linguae
1097 415 1109 436 ‚
1138 385 1257 424 simul

312 452 422 490 Fons
455 450 586 502 ingeni
607 450 638 488 si
667 464 827 488 carmen
848 449 1054 489 effundens
1080 464 1259 502 novum3

311 516 390 554 Sed
417 522 528 568 parte
546 515 651 553 ferre
675 529 753 567 qua
775 514 889 554 valeo
926 528 1000 568 pro
1034 516 1190 555 viribus
1205 546 1215 564 ,

313 582 510 632 Decerpta
534 579 663 618 lucem
683 580 861 620 conserat
884 595 986 633 quae
1003 581 1201 619 cantibus.

314 645 435 695 Quod
453 659 564 684 more
593 648 695 684 miro
727 646 795 697 fit3
824 645 952 685 solent
974 660 1068 685 nam
1102 646 1280 685 carmina

312 711 475 751 Addere
501 711 622 750 decus
643 711 762 750 rebus
797 712 923 764 magis
949 726 1072 764 quam
1098 725 1268 750 sumere.

422 777 509 815 Deo
531 777 689 815 favente
717 778 796 815 iam
818 777 961 816 subibo
987 777 1164 830 pondera

313 841 462 880 Laudis
478 871 488 891 ‚
518 856 679 880 serenus
717 856 819 895 quae
844 842 995 882 relevat
1026 842 1162 881 vultus
1193 841 1291 880 mihi

310 908 506 946 Praesens
529 907 678 960 ubique
705 909 884 947 cernitur
911 909 980 961 qui
1007 907 1188 947 sensibus
1204 937 1216 960 ‚

314 972 474 1013 Arcana
494 973 651 1012 nudans
670 974 859 1027 principis
884 973 1096 1012 mitissimi.

427 1284 576 1337 Accipe
606 1284 833 1324 Romanum
861 1284 1046 1324 clementi
1070 1291 1231 1338 pectore
1255 1296 1413 1322 carmen
1429 1311 1442 1334 ,

317 1351 467 1403 Accipe
483 1380 494 1400 ,
524 1351 633 1403 quod
650 1350 756 1390 soleo
784 1351 942 1390 caelesti
969 1350 1137 1390 reddere
1164 1350 1261 1403 Regi

316 1417 489 1454 Munere
513 1430 590 1468 pro
613 1418 744 1466 vitae,
774 1430 849 1468 pro
875 1415 1045 1469 pulchro
1075 1415 1225 1454 lumine
1248 1413 1358 1453 solis.

316 1479 512 1533 Namque·
527 1481 660 1519 Deum
680 1483 799 1521 sentis
822 1480 972 1534 placari
1003 1482 1176 1519 carmine
1206 1487 1362 1517 tantum
1376 1508 1388 1530 ‚

316 1547 450 1596 *Quem
474 1547 669 1599 sequeris,
698 1549 883 1601 princeps
910 1547 1042 1586 animo
1075 1545 1286 1585 iustissime
1307 1551 1426 1586 ‚recto
1442 1574 1455 1596 ,

318 1613 399 1662 Qui
421 1612 495 1650 tibi
522 1627 645 1665 regna
671 1613 805 1662 dedit,
841 1614 906 1651 cui
929 1612 1048 1651 debes
1083 1612 1217 1650 omnia
1243 1609 1318 1650 soli

319 1677 517 1729 Prospera
534 1706 545 1727 ‚
578 1692 681 1730 quae
707 1676 822 1717 bellis
850 1679 999 1730 pariter
1029 1676 1096 1716 vel
1117 1691 1214 1730 pace
1242 1676 1382 1715 tulisti.

318 1741 463 1780 Audax
491 1756 586 1780 nam
617 1744 735 1782 venio
761 1743 972 1796 praeconia
992 1742 1123 1780 dicere
1150 1748 1283 1781 vestra
1301 1770 1314 1793 ,

318 1807 433 1857 Quae
454 1808 541 1846 finit
566 1807 720 1847 caelum
733 1837 744 1858 ‚
774 1808 919 1861 quibus
941 1810 1070 1846 omnis
1092 1808 1267 1861 cingitur
1290 1807 1412 1847 orbis.

317 1873 355 1911 N
359 1887 402 1911 ec
422 1875 569 1911 mirum
589 1873 687 1913 tales
714 1888 759 1912 ex
782 1881 893 1913 tanta
918 1876 1039 1926 stirpe
1061 1880 1215 1913 creatos

315 1939 525 1991 Pompeii,
554 1941 715 1991 proprio
735 1954 855 1992 quem
879 1939 1052 1978 culmine
1080 1940 1208 1979 Roma
1237 1938 1383 1979 locavit
1413 1969 1426 1991 ‚

318 2004 440 2043 Cuius
464 2007 552 2057 quis
572 2006 714 2043 merito
743 2005 875 2043 valeat
897 2018 1108 2043 numerare
1126 2004 1353 2057 triumphos
1367 2034 1380 2055 ‚

320 2070 432 2119 Quos
454 2070 556 2109 vidit
591 2071 712 2108 Titan
740 2070 926 2123 linquens
957 2077 1218 2123 repetensque
1245 2069 1491 2123 profundum
1510 2099 1522 2122 ,

321 2135 432 2184 Quos
460 2135 591 2174 medio
625 2136 789 2174 veniens
819 2142 981 2174 steterat
1007 2136 1174 2174 miratus
1201 2134 1411 2188 Olympo?

315 2199 394 2237 Sed
423 2207 558 2239 tamen
588 2202 771 2254 egregio,
801 2201 991 2253 Pompei,
1023 2200 1118 2239 cede
1150 2202 1301 2253 nepoti.

318 2264 503 2318 Namque
526 2280 649 2318 genus
665 2295 676 2316 ‚
703 2264 812 2319 quod
834 2273 879 2304 tu
894 2296 905 2313 ‚
934 2273 1134 2304 terrarum
1158 2266 1288 2304 victor
1306 2267 1456 2320 ubique
1471 2295 1484 2318 ,

318 2328 570 2369 Indomitum
596 2332 720 2370 Tauri
741 2331 950 2384 linquebas
979 2330 1149 2369 collibus
1170 2330 1261 2369 altis
1277 2361 1289 2382 ,

321 2393 399 2432 Hic
424 2394 579 2434 domuit
594 2425 605 2446 ‚
635 2396 791 2448 penitus
812 2394 1039 2434 convellens
1064 2396 1215 2434 semina
1237 2395 1356 2447 belli;

321 2458 469 2509 Quod,
501 2460 604 2499 celso
619 2462 792 2513 positum
818 2461 1002 2500 fortunae
1027 2460 1176 2499 vertice
1201 2459 1374 2514 nuperj

319 2524 375 2564 Et
401 2523 557 2563 nullum
581 2526 701 2565 finem
723 2526 887 2566 credens
910 2525 1091 2565 felicibus
1114 2540 1196 2564 esse
1215 2555 1228 2576 ,

320 2588 448 2642 Impia
462 2589 658 2629 condebat
681 2592 797 2631 terris
819 2598 1078 2631 monumenta
1095 2590 1243 2630 doloris
1255 2621 1267 2639 ,

412 2693 524 2728 Praef.
553 2692 601 2737 ¹4·
627 2694 770 2738 ingenii
789 2695 865 2729 cod.
958 2695 1039 2730 Pau.
1068 2706 1121 2729 αι.
1149 2693 1218 2729 do.
1233 2718 1241 2726 .
1259 2716 1267 2725 .
1283 2717 1291 2726 .
1323 2693 1400 2729 cod.

1703 515 1750 556 15

1703 854 1755 882 20

1712 1889 1757 1914 10

1704 2543 1755 2569 20
