1838 3210
210 178 230 215 1
245 180 279 214 2·
615 176 889 220 EXCERPTA
926 178 960 217 E
1000 177 1227 220 DEXIPPO

12 289 51 324 Δ.
67 289 107 323 C.
120 301 186 335 ²7⁰
197 277 397 334 βασιλευς
425 273 692 336 Αὖρηλιανὸς
720 278 777 327 ὥς
804 278 982 320 ἐπύθετο
1010 278 1244 335 ἀφιγμένην
1270 278 1343 335 τὴν
1369 282 1642 340 Ἰουθούγγων

6 336 193 418 Αιιι·σεΙ;ΡΙ.ἕ5
204 346 454 402 πρεσβείαν,
496 346 540 393 ἒς
567 342 642 399 τὴν
677 341 906 398 ’ὖστεραίαν
944 342 1084 400 φήσας
1106 352 1358 401 χρηματιεῖν
1384 350 1482 405 περὶ
1507 345 1566 392 ὧν
1591 347 1642 407 ἦ..

148 410 156 418 ’
201 427 345 465 κουσι,
395 411 579 453 διέταπε
605 407 704 457 τούς
741 407 995 462 στρατιώτας
1036 409 1094 460 ‹54-
1135 411 1178 461 ἐς
1215 410 1371 467 μάχην,
1412 412 1642 470 ἐκπλήξεως

195 479 333 519 εἵνεκα
361 477 446 518 τῶν
474 476 699 517 ἐναντίων.
754 472 848 515 ἐπεὶ
883 475 931 515 δὲ
969 476 1104 526 καλῶς
1139 472 1253 530 εἶχεν
1282 477 1396 535 αὐτῷ
1433 478 1459 534 ἧ
1499 478 1642 521 διακό-

192 557 357 597 σμησις,
386 541 457 583 ἐπὶ
483 537 652 595 ὑψηλοῦ
677 536 864 594 βήματος
889 541 1099 596 μετέωρος
1116 541 1280 597 βέβηκε,
1310 542 1385 584 καὶ
1408 543 1665 600 ἁλουργίδαό

194 609 409 662 οἶμπέχων,
437 604 513 660 τήν
539 605 678 646 πᾶσαν
703 603 821 656 τάξιν
848 605 979 647 ἐποίει
1005 602 1114 662 ἀμφ’
1142 605 1269 649 αὐτὸν
1297 609 1512 664 μηνοειδῆ.
1561 626 1637 652 πα-

193 673 443 729 ρεστήσαντο
471 672 517 713 δὲ
545 671 619 712 καί
641 671 723 713 τῶν
749 671 794 712 ἐν
819 673 928 713 τέλει
955 666 1047 713 ὅσοι
1075 667 1211 728 ἀρχάς
1235 688 1351 721 τινας
1389 675 1638 731 ἐπιτετραμ-

193 741 336 791 μένοι,
384 735 623 789 σύμπαντες
649 737 720 792 έφ’
749 737 911 779 ἵππων.
969 737 1141 780 κατόπιν
1169 739 1217 779 δὲ
1240 739 1447 792 βασιλέως
1474 737 1527 781 τοὶ
1559 737 1637 795 σή-

192 820 309 857 ματα
337 796 388 856 ἦν
414 803 490 855 τῆς
516 802 728 843 ἐπιλέκτου
767 802 986 858 στρατιᾶς.
1042 801 1094 844 τὰ
1125 804 1172 846 δέ
1199 803 1304 845 εἰσιν
1344 804 1459 847 ἄετοί
1479 810 1642 861 χρυσοῖ

193 871 267 910 καί
303 865 451 916 εἰκόνες
490 868 699 921 βασίλειοι
734 865 808 909 καί
833 870 1126 923 στρατοπέδων
1157 865 1687 926 κατάλογοιγροῖμμασιιο

191 938 368 990 χρυσοῖς
396 931 650 989 δηλούμενον
681 929 710 974 ἃ
739 931 790 988 δὴ
825 931 1047 986 σύμπαντα
1068 930 1355 988 ἀνατεταμένα
1376 936 1634 992 προύφαίνε-

153 1009 240 1042 Βτο
267 998 341 1042 ἐπὶ
366 997 526 1050 ξυστῶν
552 998 876 1055 ἤργυρωμένων.
933 998 1006 1042 ἐπὶ
1030 1001 1077 1041 δὲ
1104 998 1267 1049 τούτοις
1294 995 1377 1042 ὦδε
1405 1002 1633 1057 διακοσμη-

193 1068 332 1107 θεῖσιν
353 1062 640 1118 Ἰουθούγγους
667 1060 787 1119 ἠξίου
816 1068 1090 1120 [παρελθεῖν1.
1138 1063 1237 1114 τούς
1265 1066 1313 1108 δὲ
1339 1067 1491 1121 συνέβη
1519 1069 1634 1120 θαμ-

193 1131 412 1187 βήσασθαι
441 1129 605 1178 ἰδόντας
630 1128 703 1171 καί
728 1131 800 1172 ἐπὶ
839 1127 946 1172 πολὺ
978 1131 1075 1188 σιγῇ
1101 1128 1232 1185 ἔχειν.
1284 1131 1379 1172 ἐπεὶ
1413 1132 1460 1173 δέ
1486 1147 1633 1188 σφισιν

195 1197 242 1240 ἐκ
267 1197 344 1239 τοῦ
371 1198 578 1250 βασιλέως
606 1193 795 1250 α’πεδόθη
822 1195 975 1250 λέγειν,
1005 1193 1077 1237 διά
1104 1211 1216 1246 τινος
1251 1190 1461 1252 ἑρμηνέως
1489 1194 1684 1249 ἔλεξανιό

111 1261 354 1304 vernedas·
392 1256 517 1314 υοὔτε
543 1263 595 1318 τῇ
624 1259 696 1302 ἐπὶ
719 1262 871 1316 καιροῦ
898 1259 1094 1318 συμβάσῃ
1122 1260 1380 1320 κακοπραγίᾳ
1407 1259 1527 1316 ἡμῶν
1548 1279 1630 1304 πα-

193 1325 249 1383 ρὰ
278 1326 326 1369 τὸ
355 1324 466 1376 εἶκὸς
504 1326 886 1382 καταπεπληγότες,
918 1320 1015 1368 οἷῖτε
1043 1324 1258 1379 δυνάμεως
1284 1328 1436 1378 ἐνδεῶς
1463 1326 1629 1382 ἔχοντες

191 1387 223 1447 ἢ
249 1393 323 1434 καί
350 1391 542 1445 πολέμων
574 1385 740 1447 ἄπειροι
775 1389 1097 1447 καθεστηκότες,
1144 1388 1366 1443 ἆσθενεύις
1407 1389 1630 1452 εὐπρεπείᾳ

194 1455 296 1501 κατὰ
321 1456 370 1498 τὸ
397 1456 498 1511 ἡμῖν
537 1456 679 1506 αὖτοῖς
715 1456 854 1510 μόνοις
880 1459 1099 1514 συμφέρον
1127 1458 1170 1507 ἐς
1205 1457 1283 1512 τὴν
1310 1457 1475 1514 εἷρήνην
1499 1456 1629 1504 σπεύ-

196 1523 343 1576 δομεν·
400 1519 507 1564 ἀλλὰ
534 1524 718 1578 περίεστι
749 1524 827 1577 μὲν
867 1522 968 1578 ἡμῖν
994 1525 1193 1565 τοσοῦτον
1228 1524 1302 1578 τῆς
1329 1525 1374 1566 ἐν
1399 1529 1483 1573 τοῖς
1508 1527 1682 1572 noli-20

289 1624 316 1647 1.
342 1608 532 1657 ἐπύθετο]
560 1610 734 1645 ἐπείθετο
761 1613 855 1657 vulg.
928 1612 960 1656 4.
987 1613 1062 1646 τῶν
1085 1611 1141 1653 N„
1162 1611 1307 1646 τούτων
1327 1613 1422 1658 vulg.
1470 1615 1504 1649 6.
1529 1611 1628 1659 ἄμφ’

283 1655 400 1692 αὐτὸν
423 1658 490 1700 Η.,
514 1657 724 1704 ἄμφαυσον
761 1657 816 1691 ed.
840 1658 903 1699 Η.,
932 1657 1160 1705 ἄμφαυστον
1183 1657 1238 1692 ed.
1256 1660 1329 1693 Par.
1402 1663 1434 1696 8.
1459 1659 1528 1701 ἀφ’
1549 1659 1625 1693 cod.

282 1704 364 1738 vat.
518 1706 568 1739 13.
593 1705 801 1749 παρελθεῖν
823 1704 903 1738 add.
929 1705 971 1738 N.
1105 1703 1378 1751 θαμβήσασθαι
1399 1705 1458 1747 Ν.,
1476 1705 1628 1751 θαμβή-

288 1750 544 1795 σεσθαι.νιι13.
693 1752 744 1785 ι6.
761 1750 803 1797 τῇ
829 1771 876 1778 -
902 1750 1072 1797 συμβάσῃ
1097 1753 1342 1797 κακοπραγίᾳ
1363 1752 1466 1793 Vat„
1492 1755 1556 1794 τῆς
1581 1771 1627 1779 -

283 1797 474 1843 συμβάσης
499 1800 763 1844 κακοπραγίας
786 1797 880 1841 vulg.
968 1808 1017 1842 ¹9·
1042 1798 1133 1843 ἡμῖν
1164 1796 1221 1832 ed.
1247 1799 1321 1833 Par.
1330 1823 1343 1841 ‚
1374 1798 1469 1845 ὑμῖν
1494 1798 1551 1833 ed.
1579 1798 1623 1832 H.

283 1842 498 1890 σπεύδομεν
521 1843 620 1884 Ἶειῐ.,
645 1842 957 1890 κατασπεύδομεν
979 1843 1074 1888 vulg.

190 1923 268 1946 rum
292 1912 429 1957 legatos
457 1912 643 1947 advenisse
668 1912 875 1953 intellexit,
911 1923 991 1945 cum
1015 1911 1177 1955 dixisset,
1200 1923 1238 1947 se
1257 1924 1344 1951 ,cum
1367 1913 1424 1946 his
1446 1912 1624 1958 postridie

191 1965 353 1992 acturum
376 1958 421 1992 (le
447 1958 524 2000 his,
559 1969 713 2004 quorum
737 1970 841 1992 causa
864 1958 974 2004 legati
997 1965 1188 2000 venerant,
1223 1958 1430 1994 huiusmodi
1455 1959 1623 1994 hostibus

189 2005 336 2039 terroris
368 2004 560 2039 iniiciendi
591 2005 703 2051 gratia
738 2004 897 2038 militum
927 2006 1041 2038 aciem
1073 2006 1241 2040 condicta
1284 2006 1345 2039 die
1378 2010 1550 2052 tanquam
1575 2005 1623 2038 ad

186 2063 345 2097 pugnam
377 2052 558 2085 instruxit.
607 2053 653 2085 Ut
675 2051 733 2084 illi
756 2056 853 2084 recte
875 2062 912 2085 se
939 2051 1073 2085 habere
1100 2052 1175 2086 visa
1212 2056 1265 2086 est
1289 2053 1465 2086 exercitus
1495 2051 1621 2098 dispo-

189 2098 296 2138 sitio,
339 2099 453 2131 altum
490 2103 693 2144 suggestum
727 2096 892 2132 sublimis
907 2123 916 2139 ,
958 2109 1116 2143 purpura
1154 2097 1322 2139 indutus,
1369 2098 1550 2139 ascendit,
1584 2103 1622 2132 et

193 2156 336 2178 omnem
361 2145 565 2185 exercitum,-
590 2146 654 2191 qui
681 2146 797 2188 ipsum
828 2145 1093 2184 circumstabat,
1117 2146 1155 2178 in
1186 2145 1337 2178 formam
1359 2145 1467 2178 lunae
1495 2144 1621 2189 dispo-

190 2190 272 2223 suit.
319 2190 479 2224 Aderant
512 2197 549 2224 et
573 2202 616 2224 ex
649 2190 719 2231 his,
752 2191 816 2237 qui
841 2192 880 2224 in
904 2192 1063 2226 exercitu
1089 2191 1241 2236 imperia
1263 2190 1478 2232 habuerant,
1497 2201 1621 2224 omnes

188 2237 235 2270 ab
268 2237 380 2284 equis.
428 2238 458 2270 A
492 2241 591 2282 tergo
634 2237 863 2281 Imperatoris
917 2243 1020 2271 erant
1069 2239 1170 2283 signa
1202 2237 1394 2271 coadunati
1429 2238 1617 2271 exercitus.

188 2283 285 2317 Haec
308 2294 392 2318 vero
428 2288 531 2316 erant
562 2284 707 2328 aquilae
745 2294 876 2318 aureae
919 2290 957 2318 et
988 2284 1160 2330 imagines
1193 2285 1465 2329 Imperatorum,
1501 2288 1538 2318 et
1557 2294 1619 2318 eo-

186 2341 288 2370 rum,
312 2330 376 2374 qui
400 2329 554 2363 militiae
584 2330 731 2363 nomina
754 2330 950 2372 dederant,
973 2331 1126 2375 catalogi
1151 2334 1188 2364 et
1211 2331 1521 2370 enumerationes,
1554 2341 1619 2364 au-

187 2377 258 2409 veis
279 2375 412 2410 litteris
436 2376 666 2420 perscriptae.
715 2377 820 2422 Quae
845 2377 965 2410 omnia
989 2377 1165 2422 explicata
1191 2382 1228 2410 et
1240 2376 1372 2410 illustri
1397 2377 1476 2410 loco
1501 2377 1620 2420 posita

187 2423 229 2456 in
250 2421 364 2456 hastis
389 2423 565 2466 argenteis
589 2423 781 2467 conspicua
796 2429 907 2457 erant.
933 2424 996 2456 His
1017 2423 1068 2457 ita
1085 2424 1305 2468 praeparatis
1325 2422 1521 2467 Iuthungos
1543 2422 1619 2457 ius-

187 2469 237 2502 sit
251 2467 385 2502 adesse.
433 2470 480 2502 Ut
502 2468 590 2501 haec
609 2468 799 2510 viderunt,
830 2469 1071 2514 obstupefacti
1094 2470 1202 2514 longo
1235 2473 1399 2514 tempore
1430 2469 1617 2503 silentium

187 2520 394 2549 tenuerunt.
449 2514 640 2561 Postquam
662 2515 706 2548 ab
739 2516 959 2560 Imperatore
986 2516 1060 2550 illis
1085 2514 1231 2549 dicendi
1258 2515 1407 2549 facultas
1431 2515 1514 2549 data
1543 2521 1618 2558 est,

188 2564 239 2596 ita
263 2572 328 2606 per
348 2563 583 2606 interpretem
610 2561 723 2595 locuti
742 2567 849 2594 sunt:
876 2562 1028 2608 „Neque
1049 2563 1134 2609 quia
1156 2560 1302 2596 adversa
1321 2562 1491 2602 fortuna,
1525 2573 1618 2608 quae

188 2607 294 2642 nobis
315 2607 384 2641 hoc
410 2614 570 2653 tempore
588 2609 762 2653 contigit,
788 2608 881 2642 ultra
902 2610 1049 2643 modum
1076 2608 1214 2641 animos
1247 2613 1387 2642 nostros
1420 2607 1555 2642 abiecit
1580 2612 1620 2641 et

187 2655 365 2699 perculit,
389 2660 451 2688 aut
474 2655 559 2700 quia
582 2654 747 2688 destituti
767 2655 880 2699 copiis
903 2661 939 2688 et
958 2654 1094 2690 viribus
1115 2666 1259 2695 sumus,
1293 2661 1355 2688 aut
1376 2656 1427 2688 rei
1450 2655 1624 2689 militaria

187 2702 359 2745 imperiti,
384 2701 629 2734 infirmitatem
646 2705 803 2734 nostram
821 2700 972 2735 honesto
986 2705 1172 2746 praetexto
1188 2706 1348 2746 tegentes
1370 2711 1490 2746 neque
1508 2700 1620 2748 quid-

190 2758 295 2796 quam
313 2747 382 2782 nisi
407 2747 602 2784 utilitatem
630 2752 786 2783 nostram
807 2753 1028 2795 spectantes,
1055 2746 1102 2783 ad
1124 2757 1250 2794 pacem
1275 2747 1499 2784 festinamus.
1547 2747 1622 2784 sed
