1924 3164
305 126 323 160 1
336 108 408 180 98
868 129 1144 170 EXCERPTA

112 234 282 281 A.C.448
292 228 610 282 βληθησομένας
635 227 740 282 πρὸς
766 225 920 280 κόσμον
947 227 1195 284 ἐσθημάτων
1221 232 1500 285 βαρβαρικῶν.
1555 235 1737 287 προσελε-
1795 211 1799 216 ”

100 282 245 364 Τὴέἒᾶι·
265 292 382 363 ἰθών
409 295 549 336 τοίνυν
577 295 649 334 καί
669 291 720 334 τοὶ
752 295 869 350 ὃαῖρα
896 293 1000 347 μετά
1030 294 1104 337 τὸν
1132 294 1355 348 ἀσπασμὸν
1383 296 1482 345 δούς
1509 297 1733 355 ὖπεξῄειν,

235 355 240 362 ’
295 358 369 400 καί
393 360 465 400 ἐπὶ
489 358 541 400 τοὶ
570 361 690 411 ἕτερα
725 358 919 413 ἐβάδιζον
954 359 1156 415 οἰκήματα
1174 394 1186 414 ,
1224 363 1269 403 ἐν
1303 356 1364 410 οἷς
1392 362 1620 416 διατρίβειν
1657 361 1730 405 τὸν

289 423 493 479 Ἀττήλαν
521 421 776 477 ἐτύγχανεν,
802 423 1130 479 ἆπεκδεχόμενος
1159 425 1278 467 ὁπότε
1314 427 1530 477 ἐπεξέλθοι
1558 426 1731 483 Ὀνηγή-

293 505 406 538 σιος·
435 485 515 543 ἤδη
542 488 623 544 γάρ
655 487 737 530 α’πὸ
767 491 850 531 τῶν
881 491 1013 532 αὓτοῦ
1042 489 1275 546 οἰκημάτων
1302 492 1543 547 ἐξεληλύθει
1569 494 1642 533 καί
1667 491 1759 535 «ἕν-5

294 557 367 597 δον
393 550 461 610 ἧν.
514 553 671 607 μεταξὺ
701 557 747 597 δὲ
774 557 852 597 τοῦ
878 555 1034 606 παντὸς
1069 557 1285 610 ἱστάμενος
1311 555 1509 613 πλήθους,
1551 558 1732 614 (γνώρι-

292 621 372 674 μός
397 635 441 661 τε
467 618 544 673 γὰρ
580 616 639 662 οόν
666 626 753 669 τοῖς
774 617 956 677 Ἀττήλα
986 628 1187 678 φρουροῖς
1215 622 1288 664 καί
1314 629 1402 672 τοῖς
1428 623 1731 677 παρεπομένοις

294 686 409 743 αὕτῷ
433 682 668 741 βαρβάροις
694 686 766 727 ὑπ’
795 685 963 736 οὐδενὸς
990 687 1305 746 διεκωλυόμην,)
1335 685 1445 731 εἶδον
1471 691 1630 744 πλῆθος
1655 703 1732 730 710-

291 751 516 806 ρευόμενον
554 754 628 793 καί
663 754 796 807 θροῦν
824 752 898 795 καί
921 752 1108 810 θόρυβον
1127 753 1226 809 περὶ
1250 753 1323 796 τὸν
1348 754 1473 797 τόπον
1497 751 1731 809 γενόμενον,

248 813 348 865 Βῶς
376 818 454 858 τοῦ
476 816 658 873 Ἀττήλα
686 817 940 870 ὑπεξιόντος.
995 817 1143 877 προῄει
1172 822 1218 863 δὲ
1245 821 1323 863 τοῦ
1360 820 1582 875 οἰκήματος
1608 821 1787 874 βαδί-ιο

293 883 376 932 ζων
404 884 618 937 σοβαρῶς,
645 885 741 940 τῇδε
769 885 892 926 κοῖκεῖ
913 882 1280 940 περιβλεπόμενος.
1335 885 1390 935 ὥς
1418 887 1464 927 δὲ
1490 882 1732 936 ὑπεξελθών

290 945 371 989 σὺν
409 949 466 1005 τῷ
497 949 721 1006 Ὀνηγησίῳ
759 948 859 1004 ἔστη
896 948 976 1006 πρὸ
1016 951 1092 991 τοῦ
1121 947 1365 1005 οἰκήματος,
1403 950 1550 992 πολλοὶ
1577 952 1623 993 δὲ
1648 951 1731 993 τῶν

290 1011 622 1069 ἀμφισβητήσεις
649 1013 751 1070 πρὸς
779 1015 983 1070 ἀλλήλους
1003 1015 1181 1070 ἐχόντων
1205 1019 1441 1073 προσῄεσαν
1473 1015 1546 1058 καί
1560 1015 1636 1071 τήν
1654 1012 1734 1074 0223--⁴

286 1081 362 1122 τοῦ
398 1082 535 1134 κρίσιν
563 1082 769 1134 ἐδέχοντο·
833 1078 923 1124 εἶτα
951 1080 1121 1138 ἐπανῄει
1158 1081 1215 1131 ὥς
1241 1081 1285 1123 τό
1317 1080 1493 1138 οἴκημα,
1521 1083 1596 1124 καί
1630 1083 1732 1139 πρέ-
1789 1106 1792 1111 ,

285 1147 401 1198 σβεις
429 1148 528 1199 παρ’
559 1142 686 1188 αὐτὸν
713 1144 890 1201 ἥκοντας
916 1147 1160 1203 βαρβάρους
1187 1149 1370 1202 ἐδέχετο.
1737 1149 1785 1193 15

388 1209 506 1263 Ἐμοί
543 1212 589 1254 δὲ
645 1212 959 1271 οἷπεκὸεχομένῳ
1012 1212 1087 1255 τὸν
1128 1213 1368 1269 Ὀνηγήσιον
1401 1211 1613 1267 Ῥωμύλος
1659 1212 1733 1255 καί

283 1279 536 1331 Προμοῢτος
575 1278 648 1319 καί
683 1277 898 1331 Ῥωμανός
939 1279 977 1321 οἱ
1006 1281 1051 1330 ἐξ
1076 1275 1253 1328 Ἰταλίας
1292 1279 1486 1330 ἐλθόντες
1513 1278 1629 1335 παρὰ
1656 1276 1733 1322 τόν,

277 1330 482 1396 Ἄττήλαν
518 1345 714 1398 πρέσβεις
747 1346 831 1385 τῶν
870 1347 1034 1400 φιαλῶν
1063 1346 1180 1387 ἕνεκα
1209 1347 1291 1387 τῶν
1314 1346 1516 1400 χρυσῶν,
1557 1361 1728 1398 συμπα-

282 1404 428 1460 ρόντος
471 1407 616 1456 αὐτοῖς
657 1407 731 1450 καί
750 1409 1018 1451 εΡουστικίου
1058 1412 1136 1452 τοῦ
1172 1410 1274 1452 κατὰ
1305 1409 1613 1462 Κωνστάντιον,
1658 1411 1732 1452 καί

284 1471 644 1526 Κωνσταντιόλου,
674 1474 829 1531 ἀνδρὸς
855 1476 901 1517 ἐκ
927 1476 1002 1530 τῆς
1030 1474 1234 1518 Παιόνων
1258 1475 1405 1531 χώρας
1431 1478 1503 1531 τῆς
1529 1473 1612 1517 ὑπὸ
1633 1472 1784 1519 ’Ar-20

184 1534 385 1595 Ρ-64τήλᾳ
412 1539 684 1594 ταττομένης,
715 1541 759 1590 ἐς
786 1539 935 1596 λόγους
960 1538 1094 1597 ἦλθον
1113 1577 1126 1596 ,
1171 1541 1244 1584 καί
1283 1538 1512 1598 οἷνηραᾶτων
1547 1541 1726 1598 πότερον

282 1602 574 1658 ὃιηφείθημεν,
602 1600 630 1660 ἢ
659 1607 869 1659 ἐπιμένειν
889 1605 1226 1661 ἀναγκαζόμεθα.
1279 1609 1351 1649 καί
1372 1608 1476 1660 ἐμοῦ
1505 1606 1726 1664 φήσαντος,

308 1694 312 1697 ’
371 1682 404 1724 4.
443 1682 675 1727 ἐτύγχανεν,
709 1682 1016 1732 ἅπεκδεχόμενος
1050 1687 1122 1728 Η.,
1159 1686 1387 1731 ἐτύγχανον,
1423 1684 1728 1732 ἀπεκδεχόμενοι

369 1728 483 1773 vulg.‚
511 1731 749 1774 συνέβαινεν,
774 1730 905 1766 οἷπεκδ.
932 1733 968 1765 Β.
1062 1746 1095 1778 9.
1121 1733 1330 1779 γινόμενον
1354 1733 1448 1778 coni.
1472 1734 1509 1765 B·

277 1794 378 1828 tibus
404 1801 576 1837 stratum,
600 1798 642 1830 in
668 1798 803 1843 quibus
829 1801 1066 1833 constitimus.
1116 1801 1202 1833 Eam
1221 1800 1438 1834 famulorum
1462 1799 1661 1834 multitudo
1683 1801 1725 1834 in

277 1842 402 1885 orbem
427 1843 696 1885 circumstabat,
714 1851 752 1878 et
773 1847 927 1879 ancillae
951 1858 995 1880 ex
1027 1846 1176 1881 adverso
1210 1847 1311 1881 humi
1335 1847 1501 1881 sedentes
1535 1847 1626 1880 telas
1661 1857 1726 1879 co·-

273 1887 417 1921 loribus
441 1889 686 1933 variegabant,
713 1902 807 1936 quae
827 1893 990 1926 vestibus
1014 1893 1250 1927 barbarorum
1276 1893 1322 1927 ad
1347 1898 1513 1930 ornatum
1529 1893 1725 1938 superinii-

281 1934 437 1967 ciuntur.
487 1935 597 1970 Cerea
622 1938 799 1978 salutata,
826 1946 863 1973 et
886 1940 1097 1973 muneribus
1122 1940 1290 1982 traditis,
1315 1951 1486 1986 egressuS,
1512 1944 1723 1985 exspectans

281 1980 366 2013 dum
395 1981 594 2026 Onegesius
620 1984 717 2028 regia
742 1986 880 2027 exiret,
920 1986 1006 2031 (iam
1032 1988 1129 2020 enim
1152 1998 1172 2020 e
1196 1986 1303 2021 domo
1340 1998 1404 2020 sua
1435 1987 1524 2020 illuc
1547 1987 1726 2030 venerat)

279 2026 326 2060 ad
350 2026 493 2073 reliqua
516 2029 680 2063 aedificia
696 2056 705 2071 ‚
730 2031 796 2064 ubi
820 2033 952 2066 Attilas
973 2033 1262 2067 commorabatur
1278 2059 1288 2075 ,
1326 2034 1494 2079 processi.
1542 2032 1611 2066 Hic
1635 2032 1724 2066 dum

280 2083 345 2116 ego
371 2079 504 2106 starem
539 2087 621 2108 cum
645 2078 787 2122 reliqua
811 2079 1071 2120 multitudines
1089 2078 1177 2125 (nec
1208 2081 1305 2114 enim
1341 2091 1483 2113 accessu
1513 2079 1624 2112 ullius
1648 2079 1723 2113 loci

277 2118 521 2164 prohibebar,
556 2125 693 2168 quippe
725 2126 790 2169 qui
822 2125 958 2159 Attilae
994 2125 1203 2159 custodibus
1238 2132 1275 2159 et
1317 2126 1498 2166 barbaris,
1539 2126 1603 2171 qui
1637 2137 1722 2159 eum

278 2165 573 2209 assectabantur,
607 2175 701 2202 eram
734 2172 880 2218 notus‚)
914 2171 992 2206 vidi
1030 2177 1190 2216 magnam
1220 2172 1386 2212 turbam,
1423 2183 1494 2217 qua
1529 2171 1720 2216 prodibat,

279 2218 503 2254 currentem,
528 2216 725 2249 tumultum
749 2223 788 2251 et
824 2220 1016 2262 strepitum
1042 2220 1267 2252 excitantem.
1315 2218 1445 2252 Attilas
1472 2217 1578 2252 domo
1603 2230 1722 2262 egres-

278 2269 361 2297 sus,
387 2261 489 2300 gravi,
511 2262 636 2302 vultu,
661 2265 823 2297 omnium
847 2265 960 2299 oculis
1004 2276 1148 2311 quaqua
1165 2275 1286 2298 versus
1322 2265 1363 2298 in
1399 2276 1481 2299 eum
1517 2267 1719 2306 conversis,

278 2302 450 2337 incedens
478 2316 557 2340 cum
582 2308 773 2354 Onegesio‚
799 2322 864 2355 pro
889 2311 1041 2344 aedibus
1065 2311 1240 2350 substitit,
1287 2311 1356 2345 Hic
1381 2322 1464 2344 eum
1492 2312 1611 2350 multi,
1636 2313 1720 2357 qui-

278 2349 348 2383 bus
386 2357 488 2384 erant
522 2354 626 2396 lites,
670 2356 865 2398 adierunt,
891 2364 933 2391 'et
968 2357 1044 2390 eius
1079 2358 1253 2391 iudicium
1288 2363 1517 2402 exceperunt.
1572 2357 1719 2392 Deinde

281 2395 427 2428 domum
452 2401 619 2443 repetiit,
644 2408 680 2435 et
699 2403 933 2438 barbararum
953 2404 1111 2448 gentium
1134 2405 1270 2450 legatos
1284 2429 1294 2446 ‚
1324 2405 1389 2450 qui
1416 2404 1463 2437 ad
1481 2415 1517 2437 se
1533 2410 1716 2446 venerant,

280 2441 439 2474 admisit.

369 2488 429 2522 Me
450 2500 547 2530 vere,
571 2491 654 2524 dum
680 2494 898 2540 Onegesium
930 2496 1199 2542 exspectabam,
1233 2497 1424 2537 Romulus,
1457 2498 1643 2533 Promutus
1675 2500 1717 2531 et

276 2535 478 2589 Romangls,
503 2536 613 2580 legati
636 2539 681 2572 de
714 2543 807 2576 vasis
830 2536 948 2576 &iureis
973 2554 1017 2576 ex
1037 2544 1141 2577 Italia
1160 2544 1206 2577 ad
1232 2544 1382 2576 Attilam
1404 2545 1518 2585 missi,
1542 2553 1615 2577 una
1636 2553 1718 2578 cum

276 2578 458 2621 Rastia-,im
483 2583 545 2626 qui
572 2585 611 2616 in
640 2588 810 2621 comitatu
828 2589 1032 2624 Constantii
1057 2596 1155 2631 erat,
1187 2593 1224 2622 et
1249 2589 1499 2626 Constantiolo
1536 2601 1581 2624 ex
1603 2590 1716 2623 Paeo-

275 2637 365 2659 num
380 2628 545 2671 rcgione‚
570 2641 662 2676 quae
680 2631 815 2666 Attilae
834 2637 1005 2679 parebat,
1045 2647 1103 2670 me
1128 2641 1211 2669 sunt
1233 2646 1396 2670 sermone
1423 2637 1564 2677 adorti,
1593 2642 1630 2670 et
1657 2636 1718 2670 in-.
1760 2636 1763 2637 ⁷

275 2676 566 2722 terrogaverunt,
592 2682 712 2714 utrum
731 2679 883 2723 dimissi,
904 2694 949 2718 an
973 2694 1115 2718 manere
1142 2683 1256 2719 coacti
1276 2694 1443 2718 essemus.
1493 2683 1558 2726 ,ιω
1582 2683 1714 2732 ipsum·

1919 3126 1924 3164 .-⁴
1918 3058 1924 3097 „4.
1913 2875 1924 3041 „axa-..tufi
1919 2840 1924 2858 ,μ
1920 2789 1924 2816 -,
