1924 3164
357 175 415 218 m
453 144 698 216 EcLoeAs
736 171 1077 214 THEOPHAle
1114 169 1379 215 BYzANTn.
1492 151 1594 229 59¹

167 274 207 327 5)
236 282 283 315 ut
309 283 440 316 cetera
469 278 806 330 praetermittam,
854 290 948 316 vere
974 275 1163 315 Suaniam
1189 274 1300 315 illam
1326 289 1350 314 a
1377 273 1512 324 Petro,
1539 288 1604 313 sa·

156 331 406 385 :pientissimo
428 340 602 383 oratore,
633 339 813 372 vocatam
842 331 961 370 fuisse
987 331 1169 370 fomitem
1197 330 1406 379 malorum,
1423 328 1601 380 σπινθῆ-

163 399 222 436 ρα
250 386 333 424 τῶν
362 386 526 438 κακῶν,
552 394 599 425 ut
626 402 730 440 quae
772 387 942 437 μεγίστη
983 382 1227 435 δυσμενείας
1264 381 1505 437 ἐμπύρωσις
1521 414 1533 432 ,
1563 390 1603 422 et

156 440 519 481 formidolosissimi
547 441 644 480 belli
683 443 886 480 Romanos
923 441 1028 479 inter
1055 455 1100 479 ac
1137 440 1282 478 Persas
1307 453 1425 478 causa
1457 438 1602 488 fuerit,

161 508 245 547 quo
290 495 779 549 Constantinopolitanum
834 497 1048 548 imperium
1093 502 1282 548 totusque
1321 494 1422 536 adeo
1454 494 1602 532 Oriens

152 548 347 589 »ultimum
375 551 415 589 in
441 551 651 597 discrimen
674 552 800 590 venit.
881 592 883 594 ,

269 605 374 657 Pag.
391 619 453 645 τι.
472 607 516 646 Β.
529 605 650 660 [484.
689 604 750 659 4.]
778 605 832 643 In
861 604 1022 644 Oriente
1041 604 1098 643 ad
1124 605 1284 650 Tanain
1312 605 1432 650 Tarci
1447 604 1602 658 degunt.

164 657 232 697 De
254 659 484 699 Turcorum
510 662 663 713 origine
703 659 830 698 multa
858 658 1003 710 multi,
1041 674 1170 712 neque
1197 662 1291 699 satis
1318 668 1598 699 consentanea.

161 713 305 752 Noster
339 714 405 753 hic
450 715 576 754 dictos
617 714 714 754 olim
761 716 1003 766 Massagetas
1045 715 1199 753 asserit.
1254 715 1474 754 Menander
1505 729 1603 754 vero

152 768 282 807 sacas
306 783 394 822 pag.
427 770 516 809 151.
553 771 604 808 D.
635 770 818 809 editionis
853 770 996 821 regiae.
1052 769 1239 808 videnda
1268 769 1318 808 de
1365 771 1414 808 iis
1450 770 1602 822 prolixa

153 823 350 875 digressio
404 823 697 879 Theophylacti
753 825 990 863 Simocattae
1038 822 1142 862 libro
1197 824 1363 875 septimo
1412 823 1603 864 historiae

160 878 432 918 mauricianae
461 893 572 932 mpp.
593 894 635 933 7.
667 879 708 919 8.
725 886 766 918 et
791 893 834 932 9.
863 893 887 917 a
915 879 1058 932 pagina
1085 877 1175 932 174.
1197 879 1380 918 editionis
1417 880 1562 932 regiae.

267 933 439 985 Pagai.
454 935 500 972 B.
516 933 637 989 1:484,
654 932 713 987 6.]
744 934 1041 972 Cermiclziones.
1074 934 1185 983 Quid
1207 947 1284 972 vox
1305 934 1379 972 ista
1400 935 1603 973 veteribus

158 986 295 1027 Persis
308 988 602 1041 significaverit,
627 1002 799 1042 quamve
819 988 872 1027 ob
887 1002 1046 1028 causam
1056 989 1201 1027 Turcis
1218 988 1399 1041 imposita
1417 989 1480 1038 sit,
1503 988 1601 1029 mihi

159 1041 288 1081 fateor
332 1043 636 1096 incompertum.
694 1043 915 1082 Menander
951 1044 1162 1082 Protector
1195 1058 1283 1096 pag.
1327 1044 1414 1083 153.
1441 1044 1604 1084 videtur

156 1097 353 1146 inmiere,
385 1098 586 1137 Cherchos
609 1098 733 1138 fuisse
767 1097 937 1151 populos
967 1099 1111 1137 Turcis
1153 1099 1328 1148 vicinos,
1364 1099 1472 1141 unde
1498 1099 1602 1139 forte

152 1151 305 1191 ‘furcis
332 1152 505 1191 inditum
532 1153 635 1191 illud
661 1167 685 1191 a
711 1154 845 1192 Persis
880 1167 1053 1203 nomen,
1088 1155 1202 1206 quasi
1233 1152 1504 1192 Cherchorum
1539 1157 1602 1194 vi-

157 1213 311 1256 ctores,
341 1214 412 1246 aut
459 1208 558 1260 quid
585 1208 727 1247 simile.
782 1207 1048 1246 Zemarchum
1081 1209 1229 1261 quippe
1263 1208 1384 1247 refert
1419 1222 1442 1247 a
1485 1209 1602 1249 Disa-

154 1260 257 1300 bulo
276 1291 287 1308 ‚
324 1261 554 1301 Tureorum
583 1277 701 1315 rege,
740 1262 940 1300 donatum
980 1263 1204 1301 concubina
1239 1264 1396 1316 captiva
1435 1277 1481 1302 ex
1520 1265 1569 1303 iis
1586 1294 1599 1314 ‚

156 1316 229 1368 qui
266 1315 458 1356 Cherchis
498 1317 699 1357 dicuntur.
760 1317 1031 1370 Theophanes
1071 1317 1283 1356 Confessor
1321 1319 1364 1357 in
1400 1318 1600 1359 Chronico

159 1370 211 1410 ad
241 1384 392 1409 annum
437 1371 646 1410 Iustiniani
678 1372 935 1424 Imperatoris
979 1372 1046 1412 36.
1075 1372 1174 1411 haec
1208 1371 1360 1411 habet:
1409 1370 1601 1420 ἐλθόντες

162 1424 360 1476 πρέσβεις
387 1422 540 1477 Ἀσκὴλ
563 1427 640 1465 τοῦ
661 1423 805 1478 Ῥηγὸς
829 1424 1112 1478 Ἑρμιχιώνων
1128 1426 1204 1466 τοῦ
1228 1423 1387 1466 ἔσωθεν
1407 1427 1599 1472 κειμένου

157 1478 234 1518 τοῦ
255 1479 346 1517 τῶν
381 1475 608 1532 βαρβάρων
648 1476 798 1526 ἔθνους
841 1480 1015 1532 πλησίον
1055 1480 1132 1520 τοῦ
1159 1480 1345 1529 ω’κεανοῢ
1361 1511 1374 1530 ,
1414 1477 1601 1531 δεόμενοι

158 1532 238 1584 μὲν
267 1533 366 1586 (lege
394 1531 480 1586 μή)
519 1533 825 1583 ἀποδέξασθαι.
881 1536 996 1585 Quae
1026 1537 1082 1574 sic
1108 1536 1395 1588 interpretatur
1426 1536 1601 1576 Anasta-

162 1589 259 1636 sius?
301 1588 634 1628 Bibliothecarius
671 1604 763 1642 pag.
805 1588 870 1642 67.
911 1590 1096 1629 editionis
1121 1591 1278 1643 regiae:
1320 1590 1474 1630 Eodem
1497 1606 1602 1631 anno

157 1652 347 1681 venerunt
377 1644 497 1696 legati
529 1644 702 1692 Asceld,
739 1645 843 1696 regis
873 1644 1192 1693 Ermiclzionum,
1223 1646 1513 1698 (corrigendum
1536 1662 1603 1686 ar·

158 1696 290 1736 bitror
316 1697 662 1745 Chermiclzionum‚
684 1712 929 1751 quamquam
951 1699 1088 1738 eadem
1117 1699 1182 1737 hic
1210 1700 1406 1738 servanda
1434 1702 1572 1754 regula
1587 1731 1600 1751 ‚

158 1765 262 1804 quae
295 1751 337 1789 in
372 1752 524 1791 Chunis
565 1761 605 1791 et
634 1754 790 1803 Hunis,
830 1755 991 1791 Lotario
1018 1761 1057 1792 et
1086 1753 1261 1792 Clotario
1276 1783 1287 1803 ‚
1327 1755 1602 1810 similibusque

159 1805 342 1846 barbaris
386 1809 575 1860 recipitur
590 1807 622 1859 ‚)
651 1809 742 1863 vqui
759 1808 910 1862 positus
941 1817 997 1846 esc
1031 1810 1134 1847 inter
1170 1808 1428 1848 barbarorum
1445 1820 1600 1862 gentem

159 1862 277 1905 auxta
306 1861 523 1900 Oceanum.

165 1960 170 1963 .
271 1915 377 1968 Pag.
403 1929 466 1955 21.
488 1918 533 1955 Β.
563 1914 669 1969 [484
682 1945 693 1965 ‚
715 1914 771 1968 8.]
814 1916 877 1954 Ne
917 1914 1070 1955 Abares
1119 1917 1306 1971 reciperet
1349 1918 1601 1962 obsecrantes.

152 1970 304 2011 Turcis
327 1970 422 2009 olim
453 1971 650 2010 subiectos
674 1971 794 2009 fuisse
813 1971 971 2009 Abaros
1002 1973 1086 2010 sive
1108 1972 1291 2019 Hunnos‚
1325 1972 1505 2027 plerique
1530 1990 1600 2015 ve-

159 2033 293 2064 terum
323 2026 478 2078 scriptis
506 2026 730 2078 prodidere,
751 2032 872 2078 atque
898 2027 1078 2077 inprimis
1090 2027 1312 2066 Menander
1337 2028 1378 2066 in
1395 2030 1601 2083 Excerptis

156 2093 240 2120 non
277 2078 405 2118 solum
441 2095 482 2133 p.
513 2095 578 2135 99.
601 2088 639 2119 et
670 2094 802 2132 seqq.‚
837 2080 906 2118 sed
934 2082 1054 2119 etiam
1099 2080 1186 2122 162.
1242 2081 1434 2135 Corippus
1456 2085 1602 2125 Gram-

161 2134 330 2173 maticus
367 2135 434 2173 lib.
454 2136 495 2174 3.
534 2136 583 2173 de
625 2134 811 2173 laudibus
841 2135 982 2173 lustini
1020 2135 1189 2174 Minoris
1206 2164 1218 2185 ‚
1247 2135 1429 2176 Avarum
1454 2139 1603 2193 legatos

155 2189 214 2229 ad
231 2188 488 2242 Imperatoris
500 2191 763 2242 praesentiam
782 2189 993 2240 deductos,
1020 2189 1095 2228 liae
1113 2192 1294 2230 oratione
1319 2206 1411 2232 usos
1433 2194 1573 2249 fingit:

325 2244 477 2282 Crudus
506 2253 544 2283 et
571 2258 690 2298 asper·
716 2243 835 2282 Αυαι·
860 2243 974 2282 dietis
999 2245 1054 2282 sic
1080 2246 1206 2299 coepit
1230 2247 1378 2286 acerbis
1393 2266 1406 2287 .-

325 2298 415 2337 Rex
434 2298 626 2344 ¹Avarum,
656 2298 791 2351 Cagan
817 2297 1015 2337 debellans
1042 2300 1183 2338 intima
1211 2301 1352 2341 mundi
1361 2332 1374 2351 ‚

324 2352 514 2392 Famosos
542 2354 685 2392 stravit
710 2367 855 2405 magna
881 2354 1024 2392 virtute
1051 2363 1240 2405 tyrannos
1255 2385 1265 2402 ‚

326 2407 558 2446 Innumeros
579 2408 748 2462 populos
766 2437 776 2455 ‚
809 2416 846 2445 et
858 2409 997 2458 fortia
1024 2423 1147 2461 regna
1173 2410 1319 2463 subegit
1345 2419 1422 2452 etc.

162 2460 239 2501 Cui
260 2461 368 2501 inter
389 2469 520 2501 cetera
539 2461 746 2515 respondit
773 2461 965 2512 lustinus,
991 2477 1092 2515 quae
1117 2465 1328 2507 ostendant
1351 2481 1375 2506 a
1401 2471 1600 2520 potentio-

157 2515 276 2564 sibus
306 2517 464 2570 populis
495 2517 624 2555 victos
650 2517 883 2569 fugatosque
906 2518 946 2555 in
979 2516 1076 2556 alias
1099 2531 1190 2557 oras
1218 2523 1518 2575 commigrasse:

330 2572 440 2624 Quid
460 2573 648 2626 profugos
675 2571 815 2610 laudas
834 2601 844 2618 ,
856 2572 1056 2626 famaque
1083 2574 1230 2614 attollis
1256 2577 1371 2615 inani

324 2625 543 2669 Extorrem
564 2626 783 2680 populum?
807 2640 907 2678 quae
915 2627 1052 2677 jbrtia
1078 2642 1199 2680 regna
1224 2631 1368 2683 subegit
1382 2635 1403 2670 Ρ

327 2679 482 2732 Ειθὲνα,
494 2695 590 2733 gens
619 2679 800 2719 Avarum
821 2682 1010 2734 proprias
1037 2681 1244 2733 defendere
1271 2694 1394 2728 terras

325 2734 418 2780 Non
438 2736 568 2791 potuit
586 2763 607 2788 ,.
622 2735 803 2791 sedesque
829 2749 918 2776 suas
929 2736 1112 2793 fugitiva
1136 2739 1320 2794 reliquit,

171 2717 193 2730 fx
