1924 3164
281 160 394 234 374
703 191 705 195 ⁴
862 151 1137 222 EXCERPTA

93 283 180 318 A.c.
200 285 265 321 565
279 279 445 322 καλέσοι
469 276 636 333 καιρὸς,
674 276 745 318 καί
780 274 895 333 ἀμφὶ
919 279 1123 327 Σουανίας
1147 277 1311 333 κινῆσαι
1328 276 1495 333 λόγους.
1545 281 1700 337 ταύτην

89 330 350 413 Ῑέιζὲὶιίῗγαρ
381 339 495 385 οὕπω
526 339 720 397 Χοσρόης
748 342 1050 397 ἅπεκατέστησε
1073 343 1323 397 “Ρωμαιὀις,
1352 346 1487 386 καίτοι
1513 346 1582 402 τῆς
1599 350 1697 389 Λα·-

229 426 255 459 B
272 411 384 464 ζικῆς
411 406 732 464 παραχωρήσας,
760 403 810 463 ἧς
826 407 1004 463 ὑπήκοος
1032 404 1139 451 οὖσα
1183 407 1208 464 ἦ
1241 410 1426 451 Σουανία
1461 409 1693 464 ἐτύγχανεν.

266 475 356 516 ἀλλ’
385 473 428 515 αἱ
454 475 532 526 μὲν
563 471 944 527 πεπηκοντούτιδες
966 475 1143 516 σπονδαί
1168 469 1290 528 ἦσαν,
1321 473 1372 523 ἃς
1398 472 1514 517 ἔθετο
1531 477 1694 533 Πέτρος

266 539 287 580 ὁ
317 543 400 581 τῶν
425 539 521 593 περὶ
546 539 722 590 βασιλέα
748 535 987 592 καταλόγων
1012 538 1196 592 ἡγεμών·
1224 538 1274 580 τὰ
1304 540 1349 580 δὲ
1376 539 1472 595 περὶ
1487 543 1716 593 Σουανίας5

263 606 327 647 ἐπ’
366 600 588 660 α’μφιβόλτρ
630 597 694 657 ἦν.
744 601 968 652 Ἰουστῖνος
1017 606 1063 646 δὲ
1110 602 1133 645 ὅ
1171 603 1370 657 βασιλεὺς
1405 603 1691 648 ἑνεκελεύσατο

257 668 478 724 Ἰωάννην,
506 666 586 723 ὥς,
616 670 698 722 εἴγε
722 667 931 721 βούλοιντο
952 670 1122 723 Πέρσαι
1149 670 1222 711 καὶ
1246 665 1368 712 α’)’νιον
1410 671 1692 714 ἀποδίδοσθαι

219 733 331 790 ρτην
353 732 528 789 χώραν,
567 731 812 786 ἑτοιμότατα
848 736 980 789 φῆσαι
1017 733 1142 788 ἔχειν.
1194 734 1222 789 ἦ
1258 734 1338 791 γάρ
1367 738 1549 779 Σουανία
1576 736 1691 787 ἄξιό-

263 806 379 855 λογος
403 802 482 852 μὲν
509 800 704 852 ου’δαμῶς
718 833 730 852 ,
774 795 886 851 ὅμως
927 801 973 841 δὲ
1001 801 1240 855 ἐπιτηδείως
1279 799 1435 854 ἔχουσα
1462 803 1620 851 θέσεως
1646 803 1689 852 ές

263 866 316 909 τὰ
343 865 529 918 μάλιστα
558 864 715 920 ὀνίνησι
755 863 830 919 τὴν
869 866 1095 918 “Ρωμαίων
1133 865 1269 921 ἀρχὴν
1295 869 1353 924 τῷ
1379 865 1438 922 μὴ
1489 869 1740 922 διἀὖτῆςιο

261 932 573 983 ἐπιτιθεμένους
616 932 793 984 Πέρσας
831 929 882 971 τοὶ
924 932 1008 971 τῶν
1044 928 1227 984 Κόλχων
1262 927 1358 987 ὅρια
1395 932 1688 985 λυμαίνεσθαι.

252 993 454 1050 Ἰωάννης
493 992 568 1038 οὖν
605 998 651 1038 ἐκ
693 997 929 1047 Βυζαντίου
959 992 1088 1051 ἄρας,
1117 995 1190 1038 καί
1214 996 1271 1047 ὥς
1297 996 1474 1052 τάχιστα
1508 997 1584 1053 τὴν
1611 1013 1688 1040 no·-

259 1063 375 1117 ρείαν
407 1058 590 1115 ἆνὺσας,
628 1063 674 1103 ἐν
707 1067 796 1110 ταῖς
833 1060 934 1103 κατὰ
965 1060 1041 1116 την
1069 1060 1249 1116 πάροδον
1276 1062 1420 1104 πόλεσι
1451 1065 1534 1105 τῶν
1560 1063 1686 1118 ἄναγ-

133 1129 388 1182 Ρ.ι49καίων
416 1128 619 1183 φροντίδα
658 1128 832 1179 θέμενος
870 1124 1049 1181 πολλὴν,
1084 1129 1202 1169 τοῦτο
1240 1129 1536 1183 προειρημένον
1573 1125 1687 1186 αὐτῷ

255 1194 302 1236 ἐκ
327 1193 558 1246 βασιλέως,
588 1191 761 1247 α’φίκετο
791 1193 850 1241 εἰς
877 1190 923 1233 τὸ
949 1190 1108 1248 Δάρας.
1162 1194 1344 1236 ἐνταῦθα
1382 1191 1451 1235 τὸν
1477 1190 1577 1235 κατὰ
1605 1191 1736 1238 716-15

254 1263 320 1301 λιν
355 1255 478 1299 ὁλκὸν
515 1258 591 1298 τοῦ
627 1255 777 1306 ὕδατος
818 1255 1069 1300 ἐπεσκεύασε
1109 1258 1180 1300 καὶ
1216 1256 1440 1312 ὖὸροχοεῖα
1467 1254 1682 1313 ἐπενόησε,

253 1326 327 1366 καί
367 1325 445 1376 μὲν
488 1318 563 1364 οὖν
608 1318 712 1363 ἄλλα
751 1318 851 1365 ἄττα
891 1325 974 1364 ’τῶν
1002 1323 1046 1364 ἐν
1074 1319 1188 1365 ἄστει
1216 1319 1416 1378 ἆναγκαΐα
1444 1323 1680 1379 εἰργάσατο.

253 1389 422 1443 διήγαγε
459 1388 505 1429 δὲ
547 1387 680 1429 αὐτοῦ’
720 1387 878 1442 ἡμέρας
923 1389 1020 1428 δέκα
1058 1391 1114 1446 τῷ
1150 1388 1226 1443 την
1263 1390 1306 1430 ἐν
1343 1391 1395 1445 τῇ
1433 1391 1602 1443 Νισιζθει
1627 1392 1680 1447 τῇ

252 1453 373 1497 πόλει
400 1454 692 1507 πανηγυρίζειν
715 1468 757 1494 τε
784 1454 856 1494 καί
879 1448 992 1506 ἄγειν
1012 1449 1172 1508 ἑορτὴν,
1202 1455 1278 1494 ndu
1303 1452 1451 1495 τούτου
1478 1454 1552 1509 την
1578 1471 1678 1512 πρε-

250 1521 396 1574 σβείαν
432 1517 488 1574 μὴ
527 1516 826 1568 ὑποδέξασθαι.
883 1517 906 1558 ὅ
946 1519 992 1559 δὲ
1029 1517 1220 1573 Ἰωάννης
1262 1519 1429 1573 δεχθεὶς
1468 1520 1574 1572 μετὰ
1600 1519 1729 1576 τὴνπο

249 1581 396 1641 ὲορτην
422 1583 496 1639 τὴν
528 1584 766 1639 Φουρδίγαν
793 1585 1226 1638 προσαγορευομένην,
1255 1579 1280 1624 δ’
1307 1586 1420 1626 ἐστιν
1445 1583 1678 1639 Ἑλληνιστὶ

341 1695 373 1718 2.
401 1682 674 1723 ἅπεκατὲστησε
697 1681 747 1721 Β.,
772 1678 1008 1726 οἷπεκράτησε
1030 1681 1123 1726 vulg.
1214 1684 1244 1716 3.
1260 1683 1535 1728 παραχωρήσας
1559 1675 1602 1726 ἧς
1617 1684 1673 1724 N„

336 1729 662 1775 παραχωρησάσης
685 1728 779 1771 vulg.
920 1729 951 1761 5.
977 1728 1197 1772 καταλόγων
1230 1728 1293 1769 H„
1319 1723 1411 1762 κατὰ
1435 1727 1556 1775 λόγον
1579 1732 1672 1776 vulg.

338 1777 372 1809 6.
393 1774 650 1810 ἐνεκελεύσατο
677 1774 711 1806 Β.
727 1798 735 1814 ,
761 1774 1000 1808 ἐνεκαλέσατο
1026 1773 1119 1818 vulg.
1219 1785 1268 1807 ιο.
1293 1773 1343 1808 δι’
1365 1774 1475 1817 αὐτῆς
1490 1777 1581 1818 Val„
1606 1774 1672 1810 διὰ

337 1815 429 1858 τούς
450 1823 542 1866 vulg.
614 1833 662 1865 17·
693 1819 911 1863 ἀναγκαίων
935 1819 1026 1853 coni.
1040 1820 1077 1853 B.
1148 1823 1204 1858 18.
1223 1814 1302 1868 τὴν]
1333 1819 1422 1859 τούς
1437 1821 1481 1856 N.
1563 1823 1614 1860 18.
1634 1828 1672 1857 et

336 1879 373 1914 p.
399 1869 486 1914 375,
510 1880 535 1906 ι.
566 1868 701 1914 Νισίβι]
726 1867 820 1915 vulg.

246 1970 285 1992 se
320 1958 464 1991 offerret
497 1958 635 1990 occasio
655 1982 664 1998 ‚
699 1956 738 1988 in
772 1966 971 1988 sermonem
1005 1953 1050 1986 dc
1089 1954 1223 1988 Suania
1256 1955 1441 1991 incideret.
1499 1957 1668 1992 Nondum

246 2004 343 2039 enim
397 2014 473 2036 eam
520 2003 591 2036 iuri
623 2003 859 2036 Romanorum
895 2002 1070 2036 Chosroes
1105 2006 1284 2044 cesserat,
1328 2004 1489 2049 quamvis
1535 2004 1669 2039 Suania

246 2051 380 2085 ditioni
413 2051 559 2082 Lazicae
587 2050 748 2082 subiecta
790 2052 902 2089 esset,
948 2057 1039 2093 quae
1077 2049 1156 2092 ipsa
1202 2048 1366 2082 Romanis
1406 2050 1539 2083 tradita
1579 2057 1666 2086 erat.

248 2096 409 2131 Foedera
449 2095 621 2141 quidem,
667 2107 757 2140 quae
796 2096 836 2128 in
872 2094 1208 2140 quinquagesimum
1238 2106 1370 2129 annum
1399 2097 1552 2137 Petrus,
1587 2108 1668 2131 ma-

248 2143 358 2189 gister
394 2143 611 2183 officiorum,
654 2143 856 2186 pepigerat,
895 2139 1205 2175 observabantur:
1249 2141 1312 2174 sed
1344 2142 1462 2187 quoad
1495 2143 1666 2178 Suaniam

248 2201 304 2224 res
339 2189 454 2223 adhuc
487 2190 527 2221 in
563 2196 735 2232 suspenso
770 2193 1023 2222 remanserant.
1071 2187 1226 2221 lustinus
1260 2198 1343 2220 vero
1380 2190 1576 2233 Imperator
1605 2191 1666 2223 Io-

248 2237 334 2269 anni
368 2237 408 2268 in
437 2235 611 2268 mandatis
643 2233 812 2276 dederat,
847 2234 877 2266 si
915 2234 1039 2267 Persae
1064 2234 1162 2266 illam
1194 2235 1374 2277 regionem
1405 2235 1560 2269 vendere
1584 2238 1664 2271 vel-—

248 2283 345 2323 lent,
377 2286 418 2314 ut
448 2292 486 2314 se
517 2286 680 2325 paratum
719 2291 796 2314 esse
831 2280 977 2313 diceret.
1023 2282 1108 2313 Erat
1140 2279 1273 2314 Suania
1305 2292 1378 2314 non
1411 2282 1489 2325 ipsa
1515 2283 1663 2328 quidem

249 2329 368 2372 magni
397 2327 572 2360 momenti
612 2332 674 2359 aut
709 2327 846 2371 pretii,
884 2325 947 2359 sed
983 2327 1053 2359 situ
1091 2325 1194 2359 valde
1223 2327 1406 2360 commodo
1431 2333 1467 2360 et
1490 2335 1597 2372 apto,
1620 2335 1662 2365 ut

246 2385 411 2420 magnum
448 2373 694 2406 adiumentum
729 2373 886 2406 adferret
917 2372 962 2405 ad
998 2372 1167 2419 arcendos
1202 2373 1323 2405 Persas
1363 2372 1408 2406 ab
1447 2373 1661 2410 invadendis

245 2420 461 2456 Colchorum
485 2419 627 2452 finibus.
673 2420 800 2464 Itaque
823 2421 973 2452 loannes
998 2420 1165 2462 Byzantio
1183 2417 1374 2461 profectuS‚
1399 2431 1476 2452 curn
1502 2423 1660 2466 urbium,

245 2479 312 2512 per
336 2477 422 2512 quas
446 2467 515 2498 iter
538 2466 594 2497 illi
620 2471 713 2506 erat,
738 2471 778 2498 ut
800 2465 845 2496 ab
867 2467 1084 2509 Imperatore
1107 2465 1359 2509 praescriptum
1384 2466 1522 2509 fuerat,
1544 2470 1661 2503 multa

247 2524 330 2547 cura
355 2517 392 2546 et
415 2511 601 2555 diligentia
626 2510 732 2544 rebus
754 2511 1001 2552 subvenisset,
1023 2511 1068 2545 ad
1090 2511 1197 2544 Daras
1220 2512 1393 2554 pervenit.
1440 2513 1519 2547 Illic
1542 2526 1660 2563 aquae

247 2561 392 2594 ductum
419 2556 648 2591 reficiendum
674 2558 830 2599 curavit,
853 2562 890 2590 et
913 2568 1026 2602 aquae
1050 2557 1272 2602 receptacula
1296 2558 1481 2600 condidit,
1519 2566 1554 2594 et
1587 2562 1657 2595 alia

248 2606 423 2651 quaedam
458 2613 566 2648 opera
601 2605 800 2639 necessaria
830 2605 1018 2638 exstruxit.
1066 2603 1123 2636 Ibi
1152 2614 1215 2646 per
1237 2603 1358 2635 decem
1384 2605 1460 2638 dies
1484 2612 1538 2639 est
1561 2619 1659 2642 com..

247 2657 423 2691 moratus,
454 2650 629 2691 tantisper
663 2649 748 2681 dum
781 2649 898 2682 Nisibi
934 2650 1064 2687 festum
1096 2648 1336 2682 celebraretur
1359 2656 1394 2682 et
1418 2659 1657 2698 perageretur.

245 2700 343 2733 Haec
367 2707 470 2730 causa
495 2700 585 2734 erat,
612 2706 672 2727 cur
706 2695 838 2740 legatio
877 2695 1019 2728 admitti
1054 2705 1127 2728 non
1151 2699 1301 2739 poterat.
1350 2697 1454 2731 Festo
1490 2706 1656 2743 peracto,

248 2745 346 2790 quod
371 2743 466 2789 apud
489 2752 548 2776 eos
559 2740 738 2786 Furdigan
755 2741 903 2784 dicitur,
929 2741 1052 2776 feralia
1075 2740 1232 2783 diceres,
1257 2748 1424 2787 exceptus
1460 2745 1609 2781 Ioannes
1635 2758 1657 2782 a
