1838 3210
253 179 286 213 2*
294 178 324 212 2
693 175 975 219 EXCERPTA·
1010 175 1044 216 E
1079 175 1308 217 DEXIPPO

251 278 298 319 δὲ
327 278 432 319 ὲτῶν
459 275 637 327 τούτους
666 273 759 320 ὅσοι
785 279 969 331 πολέμου
1017 292 1063 319 τε
1091 275 1166 319 καὶ
1189 277 1483 334 στρατοπέδων
1508 277 1703 333 ’ἒξηγοῦνι-

249 358 323 384 ται
356 341 503 401 ,μνήμῃ
538 344 851 400 προγενομένων
905 342 1018 397 ἔχειν
1056 344 1130 385 ε’πί
1162 340 1217 386 τὰ
1257 340 1575 399 συμφορώτατα
1603 342 1702 386 ἑκά-

249 423 376 458 στους
405 408 479 451 καὶ
515 414 603 458 τοῖς
638 411 972 466 προσπίπτουσιν
1009 424 1137 451 κακου
1164 439 1178 452 .
1207 439 1221 451 .
1246 425 1320 465 της
1347 410 1430 451 τῶν
1456 406 1701 464 ἱστορηθέν-

250 490 335 518 των
366 476 576 531 νεωτέρων
608 490 655 516 τε
682 475 756 516 καί
780 475 1071 530 παλαιοτέρων
1097 505 1110 517 .
1140 505 1152 517 .
1179 473 1287 531 πρὸς
1317 476 1363 517 δὲ
1390 471 1491 524 τούς
1517 491 1626 516 κατα
1650 505 1664 516 .
1686 503 1700 516 .

118 537 236 584 3324
356 541 409 595 β’.
465 545 557 583 κατ’
593 538 848 596 ἀνθρώπους
874 535 925 596 ἧς
960 536 1097 598 ἆπορῇ
1140 539 1284 590 λύσις·
1342 539 1368 595 ἦ
1405 538 1485 596 γὰρ
1531 538 1731 594 ἰσχύον-5·

64 584 153 622 ‘3⁰²1’
174 588 323 657 108τας
350 605 457 649 κατὰ
483 609 567 647 τῶν
580 621 623 647 τι
649 635 663 648 .
690 637 702 649 .
728 607 786 664 τῷ
822 607 1086 662 συνενέχοντι
1103 607 1149 649 ἒν
1175 636 1188 650 .
1217 637 1230 649 .
1252 623 1279 662 η
1310 621 1392 650 απο
1403 602 1538 662 κνήμη
1565 635 1578 647 .
1596 635 1610 647 .
1639 603 1698 655 ὥς

247 673 497 716 ἁλίσκεσθαι
525 673 631 714 δέον.
1083 727 1085 729 -
1121 708 1123 710 .

238 775 243 783 ,
356 737 412 793 γ’.’
466 734 562 781 ’Ότι
599 738 775 793 Δέκιος,
831 736 1032 794 βασιλευς
1069 737 1291 794 Ῥωμαίων
1334 770 1346 783 .
1394 769 1407 782 .
1453 733 1566 793 εἶχεν
1622 736 1697 793 τὴν

249 806 430 863 Θρᾴκιον
474 804 654 858 δύναμιν
675 836 685 847 .
702 835 716 846 .
736 801 939 862 ὄρῥωδῶν
967 804 1044 860 [μή
1072 823 1116 848 τι
1158 803 1376 862 νεώ]τερον
1400 805 1572 860 γένηται
1598 805 1698 859 περὶ

242 874 316 926 τῆς
345 870 482 926 ἆρχῆς
506 869 584 926 τήν
611 870 866 914 κατάστασιν
894 901 908 914 .
943 902 956 913 .
975 873 1195 926 ἐπιστολῆς
1223 901 1236 913 .
1264 901 1277 912 .
1304 871 1365 920 εἰς
1392 869 1551 920 αὖτούς
1577 871 1751 922 ἕπεξ-ιο

243 938 352 979 ιέναι
389 942 479 986 τοῖς
515 938 730 990 πολεμίοις
757 967 769 979 .
798 967 811 980 .
838 937 1094 991 βουλόμενον
1131 939 1208 991 τῆς
1244 938 1296 978 δι’
1338 935 1593 992 ἀνθρώπους
1620 935 1696 978 οὐκ

241 1003 405 1058 ἕμφαιν
437 1033 448 1043 .
478 1033 490 1043 .
518 1017 591 1051 ους
637 996 770 1056 ἄγειν·
826 1000 885 1058 μή
927 1003 1163 1058 περαιτέρω
1191 1000 1448 1057 πράσσοντες
1475 996 1694 1059 ἅνθρωποι

240 1063 323 1110 ἇπο
355 1098 368 1110 .
399 1098 411 1110 .
440 1063 514 1109 οὗκ
550 1068 748 1124 εὐκαίρου
789 1067 1036 1125 προθυμίας
1072 1066 1150 1123 τήν
1177 1073 1327 1123 πεῖραν
1354 1065 1540 1120 λάβωσι·
1588 1065 1697 1123 πρὸς

239 1132 317 1188 τήν
344 1150 356 1161 ·
391 1149 404 1162 ·
442 1134 688 1188 ἐπικουρίαν
738 1133 1074 1190 παραγίνεσθαι.
1128 1132 1202 1177 καί
1234 1129 1256 1175 ὃ
1289 1133 1370 1187 μὲν
1405 1164 1420 1175 .
1449 1162 1462 1175 .
1488 1134 1696 1187 βασιλέως

238 1196 540 1255 ἧμεροδρόμου
571 1200 714 1255 φέρων
740 1198 816 1254 τὴν
848 1230 860 1241 .
889 1229 902 1241 .
1699 1204 1749 1248 15

350 1264 400 1307 δ’.
429 1264 630 1323 Πρίσκῳ,
673 1263 721 1315 ὃς
748 1264 799 1321 δή
828 1266 902 1320 τῆς
927 1267 1012 1307 τῶν
1043 1296 1056 1307 .
1082 1297 1092 1308 .
1109 1276 1168 1307 ων
1197 1300 1207 1311 .
1235 1296 1247 1307 .
1276 1262 1354 1306 ἐπί
1372 1279 1418 1306 τε
1445 1261 1612 1320 εἰρήνης
1638 1262 1693 1305 τοὶ

236 1328 369 1372 πολλοὶ
409 1330 668 1387 ἐχρημάτισε
696 1362 707 1372 .
734 1361 746 1372 .
767 1329 819 1372 τοὶ
857 1333 935 1373 τοῦ
961 1332 1172 1384 πολέμου·
1228 1328 1276 1371 τὰ
1316 1331 1364 1372 δὲ
1391 1361 1403 1372 .
1435 1326 1506 1379 ,39
1529 1331 1574 1372 δὲ
1601 1326 1695 1371 τότε

236 1395 414 1450 πόλεμος
440 1427 453 1438 .
482 1427 493 1438 .
513 1427 525 1438 .
582 1393 809 1452 ἐμήνυσαν.
864 1395 938 1439 καί
962 1398 1056 1439 ἐπεὶ
1100 1393 1394 1452 ἦθροίσθησαν
1434 1426 1448 1438 .
1489 1427 1500 1438 .
1537 1392 1691 1450 ἐδήλου

236 1458 316 1517 γὰρ
345 1460 373 1517 ἦ
401 1460 547 1518 γραφή
576 1462 690 1504 τάδε·

55 1531 223 1577 A‚C·267
346 1527 391 1569 ε’.
435 1523 527 1570 Ὅτι
555 1529 768 1582 ποθοῦμεν
807 1557 819 1569 .
850 1544 886 1571 .··
906 1523 943 1569 αἶ
979 1521 1130 1583 ἄνδρες
1165 1545 1181 1569 .‘
1201 1558 1214 1569 .
1246 1523 1436 1583 ἀσφαλὲς
1474 1519 1574 1582 ὄψει
1607 1527 1744 1572 raino

43 1578 427 1648 Gall‘1·¹559a5vrwv
455 1624 467 1636 .
496 1624 508 1636 .
532 1599 690 1647 μενον.“
725 1595 820 1636 ἐπεὶ
856 1595 903 1636 δὲ
943 1623 956 1636 .
981 1624 994 1635 .
1019 1610 1100 1646 μεν
1142 1625 1154 1636 .
1190 1625 1204 1636 .
1241 1593 1513 1649 πορευόμενοι
1549 1620 1562 1635 .
1587 1623 1600 1636 .
1642 1593 1698 1634 δὲ

235 1657 340 1700 κατὰ
382 1658 515 1700 πολλοὶ
556 1660 855 1710 σκεδασθέντες
894 1689 908 1701 .
936 1689 949 1701 .
989 1652 1213 1713 ἀναγκαῖον
1264 1660 1446 1716 διδαχῇ·
1511 1654 1602 1712 ἅμα
1638 1661 1691 1717 τῇ

108 1729 247 1769 R.325.
275 1755 288 1766 .
318 1755 331 1766 .
358 1754 370 1766 .
398 1724 658 1779 πράττοντες
689 1721 743 1766 ἂν
781 1722 905 1778 ὖμεΐς
943 1755 956 1768 .
982 1743 995 1767 .·
1028 1756 1040 1767 .
1069 1724 1190 1778 ἐμοί·
1246 1723 1292 1766 εἴ
1311 1740 1358 1780 γε
1386 1755 1400 1767 .
1425 1740 1449 1766 .’
1467 1722 1538 1766 διὰ
1566 1724 1616 1766 τί
1634 1755 1646 1766 .
1675 1753 1689 1766 .

231 1788 278 1832 εἴ
297 1805 362 1839 τις
388 1789 510 1844 ὑμῶν
539 1792 801 1843 διαμέλλοιτο
817 1806 828 1817 ·
884 1792 1172 1845 ἐξαγγέλλεται
1197 1789 1279 1846 γὰρ
1308 1821 1321 1832 .
1350 1821 1363 1832 .
1415 1788 1581 1845 νεότητί
1609 1804 1687 1832 σου

231 1853 339 1897 κατὰ
369 1854 518 1911 καιρὸν
543 1855 848 1912 θαρᾘοῧντας,
895 1855 970 1898 καί
994 1855 1128 1913 τούτῳ
1157 1853 1350 1910 ἔκπληξιν
1378 1856 1423 1905 ἐς
1442 1853 1541 1904 τοὺς
1566 1856 1748 1905 §vav-25,

230 1922 346 1970 τίους
376 1922 482 1972 ἕξειν
509 1922 781 1976 νομίζοντας,
829 1917 898 1967 οἷα
928 1920 980 1977 δή
1003 1922 1196 1974 πολέμων
1225 1918 1478 1977 ἀπειράτους
1487 1954 1502 1974 ,
1545 1921 1688 1962 εὔτολ-

229 1983 410 2041 μότερον
440 1988 582 2035 αὐτοῖς
607 1990 769 2039 μᾶλλον
795 1982 825 2041 ἢ
854 1988 1198 2043 προμηθέστερον
1241 1984 1358 2042 παρὰ
1395 1983 1470 2040 τήν
1508 1985 1686 2027 ἀπουσί-

87 2043 223 2111 (ἶοιῐ.ξι
242 2070 294 2095 αν
323 2054 405 2095 τῶν
441 2050 826 2108 προαγωνισμάτων
863 2055 1113 2096 συνίεσθαι.
1166 2051 1246 2094 καί
1274 2053 1366 2094 ἐστι
1405 2051 1486 2104 μὲν
1525 2047 1685 2108 ἁπάντῃ

172 2139 185 2146 -
232 2118 424 2166 ὑπαίτιος
459 2118 580 2171 ὑμῶν
608 2118 634 2174 ἦ
663 2119 927 2175 ἐπιχείρησις
967 2117 1075 2160 διότι
1116 2118 1190 2161 καί
1228 2116 1333 2173 ὑπὲρ
1371 2117 1512 2157 καλῶν
1539 2114 1684 2172 ἔργων·

320 2234 353 2267 9.
371 2221 554 2268 ἆρ’ρεωδῶν
576 2225 631 2269 μή
654 2236 692 2258 τι
717 2224 903 2270 νεώτερον
935 2225 986 2265 Β.,
1026 2222 1210 2271 ἆρ’ῥωδῶν
1235 2249 1245 2259 .
1277 2248 1286 2258 .
1319 2251 1330 2261 .
1356 2231 1468 2266 ἵδρον
1495 2221 1554 2259 ed.
1629 2223 1681 2257 18.

323 2268 454 2311 ἐδήλου
468 2266 545 2315 γάρ
560 2271 579 2311 ἧ
595 2264 724 2317 γραφή
742 2271 791 2313 Β.,
806 2270 918 2313 δήλου
934 2269 1008 2317 γὰρ
1023 2271 1174 2317 εγράφη
1193 2270 1249 2304 ed.
1296 2269 1352 2315 274.
1374 2269 1458 2327 σου]
1473 2269 1520 2301 οὔ
1533 2262 1628 2324 coni:
1637 2269 1682 2302 N.

324 2318 380 2355 26.
392 2314 433 2350 δὲ
446 2315 502 2350 ed.
552 2319 608 2352 28.
631 2320 1017 2365 προαγωνισαμένων·
1034 2318 1126 2353 coni.
1139 2317 1180 2351 N.
1226 2316 1300 2363 μὲν
1325 2317 1374 2351 οὔ
1395 2327 1518 2362 παντῃ
1536 2324 1629 2349 eom.
1641 2316 1680 2350 Β.

323 2408 357 2449 5,
404 2406 604 2440 Nuntiatur
628 2407 746 2449 enim,
784 2417 845 2440 eos
876 2408 1145 2441 adulescentiae
1175 2412 1259 2440 tuae
1284 2417 1350 2451 pro
1375 2411 1539 2450 tempore
1563 2406 1680 2440 confi-

231 2454 359 2488 dentes
404 2459 512 2498 atque
540 2454 626 2487 hinc
649 2460 823 2487 terrorem
847 2453 947 2488 hosti
992 2460 1163 2502 tanquam
1208 2453 1299 2487 belli
1324 2454 1519 2498 imperito,
1551 2464 1588 2486 se
1618 2453 1680 2487 in·

230 2511 395 2534 cussuros
421 2501 691 2541 existimantes,
716 2501 900 2541 audacius,
924 2513 1032 2546 quam
1061 2500 1277 2546 prudentius
1297 2500 1374 2533 sine
1399 2501 1544 2543 praevia
1570 2509 1676 2532 exer-

229 2548 402 2581 citatione
431 2546 637 2592 depugnare
660 2553 816 2592 paratos,
863 2549 927 2580 Est
952 2548 1063 2592 igitur
1087 2553 1354 2593 quaquaversus
1379 2546 1521 2579 molitio
1558 2551 1676 2580 vestra

230 2594 437 2638 culpabilis,
485 2596 660 2637 Optamus
685 2599 827 2633 autem,
851 2592 916 2626 ubi
942 2594 1102 2638 pulchris
1119 2593 1342 2635 facinoribus
1359 2603 1506 2637 operam
1524 2591 1676 2633 dabitis,

228 2651 356 2685 reapse
375 2651 436 2674 vos
458 2640 537 2673 fieri
555 2640 718 2684 apprime
742 2640 861 2673 utiles.
910 2641 1021 2685 Vigor
1045 2640 1156 2674 animi
1183 2639 1222 2673 in
1242 2640 1351 2673 bellis
1369 2650 1450 2672 cum
1478 2638 1674 2684 disciplina

202 2708 207 2714 -
229 2689 442 2720 coniunctus
467 2686 627 2720 validum
652 2692 791 2720 scutum
820 2691 894 2727 est,
918 2687 1100 2720 infirmum
1125 2691 1259 2727 autem,
1283 2686 1314 2719 si
1337 2685 1402 2719 illa
1429 2690 1568 2726 careat,
1593 2690 1673 2719 tum

228 2738 265 2768 et
286 2733 433 2768 audacia
456 2734 535 2768 sine
561 2737 659 2769 recto
683 2732 836 2768 consilio
869 2739 1083 2783 praeterque
1113 2733 1286 2768 idoneum
1313 2737 1454 2779 tempm
1482 2732 1681 2772 serooieus„
1725 2776 1727 2778 Ι
