1924 3164
451 527 562 568 1311
621 526 799 566 ΤΗΣ
849 523 1335 566 ΙΣΤΟΡΙΑΣ

215 629 828 688 MENANAPOY
901 625 1596 685 ΠΡΟΤΙΚΤΟΡΟΣ

163 750 507 792 ΕΚΛΟΓΑΙ
563 751 749 792 ΠΕΡΙ
806 748 1211 791 ΠΡΕΣΒΕΩΝ
1269 745 1632 789 ΡΩΜΑΙΩΝ

681 849 895 883 ΠΡΟΣ
938 848 1166 882 ΕΒΝΗ.

583 1030 692 1070 Ex
750 1027 1216 1070 HISTORIA

160 1130 744 1193 MENANDRI
824 1126 1608 1191 PROTECTORIS

251 1249 558 1292 EXCERPTA
587 1250 666 1291 DE
696 1247 1121 1292 LEGATIONIBUS
1150 1247 1523 1290 ROMANORUM

669 1349 701 1384 A
728 1349 761 1383 D
810 1349 843 1384 G
870 1348 898 1382 E
923 1348 958 1381 N
982 1348 1015 1383 '1³
1039 1349 1067 1383 E
1094 1347 1131 1384 S.

711 1521 1060 1557 ARGUMENTUM.

248 1614 485 1649 lastinianus
524 1613 680 1647 Hunnos
722 1614 895 1659 Utiguros
949 1622 1082 1647 contra
1121 1612 1341 1659 Cotriguros
1376 1611 1518 1648 excitat
1550 1610 1614 1656 (ι).

157 1663 369 1706 Ammigus,
405 1661 482 1695 dux
506 1661 764 1701 Francorum,
796 1660 972 1694 Romanis
1002 1660 1135 1694 bellum
1163 1660 1330 1694 minatur
1365 1659 1430 1707 (2).
1489 1660 1620 1693 Petrus

158 1708 362 1747 Patricius,
386 1708 593 1742 Iustiniani
615 1707 778 1753 legatus,
804 1715 838 1741 et
849 1707 1002 1747 Zichus,
1030 1706 1230 1741 aebosroe·
1259 1708 1403 1747 missus,
1431 1707 1472 1740 in
1497 1705 1619 1752 confi·-

157 1755 232 1787 niis
267 1755 460 1800 utriusque
497 1755 643 1798 imperii
676 1754 864 1799 congressi
895 1752 938 1787 de
973 1765 1066 1799 pace
1092 1755 1193 1788 inter
1217 1755 1401 1788 Romanos
1424 1763 1460 1788 et
1487 1753 1620 1787 Persas

153 1801 316 1847 firmiter
347 1799 598 1846 componenda
634 1809 762 1844 agunt.
815 1802 930 1842 Quum
962 1801 1142 1834 Suaniam
1174 1800 1415 1846 provinciam
1450 1799 1620 1846 poscenti

155 1848 321 1881 Romano
351 1858 589 1893 nequaquam
613 1845 831 1880 concederet
855 1847 1000 1891 legatus
1018 1847 1238 1888 Persarum,
1270 1849 1402 1881 Petrus
1427 1846 1480 1880 ad
1500 1845 1619 1879 Chos-

155 1897 254 1928 νοὲηι
279 1894 394 1937 ipsum
417 1894 698 1941 proficiscitur,
728 1900 768 1925 ut
796 1894 841 1926 ab
870 1905 913 1926 eo
947 1895 1145 1938 aequiores
1182 1893 1416 1926 conditiones
1448 1895 1619 1937 impetret

155 1942 221 1986 (3).
272 1942 402 1974 Petrus
437 1940 482 1974 de
519 1940 664 1974 Suania
701 1939 799 1973 nihil
836 1939 993 1983 amplius
1026 1939 1199 1983 precibus
1235 1947 1452 1973 consecutus
1487 1949 1615 1982 pacem

157 1987 371 2033 componit:
410 1989 629 2030 Byzantium
678 1997 850 2020 reversus
885 1987 1047 2019 moritur
1080 1984 1144 2029 (4).
1203 1986 1368 2019 Iustinus
1409 1986 1618 2030 Imperator

153 2036 333 2068 Ioannem
355 2035 517 2078 legatum
542 2032 595 2066 ad
620 2032 814 2066 ehosroem
838 2033 974 2070 mittit,
1009 2032 1078 2077 qui
1100 2031 1145 2066 de
1170 2030 1335 2066 cedenda
1360 2032 1505 2065 Suania
1529 2043 1618 2078 age-

155 2089 230 2115 ret:
258 2092 380 2115 verum
403 2082 435 2114 is
460 2081 599 2128 inficta
627 2091 666 2113 re
698 2079 922 2122 Byzantium
946 2077 1045 2112 redit
1063 2079 1128 2124 (5).
1170 2079 1333 2112 Ioannes
1361 2078 1405 2111 ob
1428 2090 1503 2112 rem
1520 2079 1617 2113 male

153 2136 290 2171 gestam
319 2127 486 2161 omnibus
520 2126 721 2159 honoribus
752 2125 904 2159 exuitur
926 2125 990 2171 (6).
1040 2124 1238 2160 Zemarchi
1268 2125 1411 2169 legatio
1441 2123 1496 2158 ad
1518 2125 1615 2159 Tur-

156 2185 219 2208 cos
243 2174 306 2219 (7).
355 2174 564 2220 Descriptio
592 2173 741 2206 itineris
766 2174 847 2205 eius
870 2181 906 2205 et
930 2183 1146 2216 congressus
1169 2184 1249 2205 cum
1272 2171 1476 2211 Disabulo,
1516 2171 1553 2204 T
1549 2183 1616 2206 ur-

154 2233 278 2256 corum
303 2220 395 2255 duce
418 2221 483 2265 (8)
538 2221 753 2265 Tar-gilius,
779 2221 947 2253 Avarum
976 2218 1149 2264 legatus,
1186 2220 1358 2252 Sirmium
1383 2216 1554 2265 oppidum
1579 2226 1616 2254 ee

151 2269 330 2312 pecunias
354 2267 426 2300 sibi
449 2266 554 2301 tradi
575 2275 724 2313 petens,
746 2265 897 2310 superbe
924 2278 947 2298 a
969 2265 1112 2299 Iustino
1137 2264 1339 2299 dimittitur
1351 2264 1413 2310 (9)
1464 2264 1614 2299 Zacha-

153 2316 233 2347 rias
246 2314 407 2348 medicus
420 2326 442 2347 a
456 2313 594 2359 Sophia
608 2314 845 2358 Imperatrice
861 2310 914 2344 ad
921 2312 1111 2347 Chosroe'm
1123 2314 1253 2346 missus
1277 2323 1425 2345 annuas
1438 2311 1614 2346 inducias

154 2371 234 2394 cum
254 2361 379 2395 >Persis
405 2361 687 2406 componit(1o).
739 2359 929 2392 Traianus
948 2359 1268 2404 postZachariam
1292 2360 1422 2392 missus
1446 2360 1613 2405 quinque

154 2419 336 2441 annorum
371 2406 546 2441 inducias
575 2404 900 2453 paciscitur-(11).
952 2406 1052 2448 Quas
1086 2417 1196 2453 quum
1231 2405 1404 2440 Tiberius
1440 2406 1611 2451 accipere

155 2451 351 2494 detrectet,
381 2455 515 2488 Persae
540 2455 582 2487 in
593 2454 702 2502 fines
724 2451 972 2487 Romanorum
994 2452 1228 2487 incursiones
1238 2452 1396 2499 faciunt
1410 2450 1497 2496 (12).
1545 2452 1612 2486 Le-

152 2501 258 2542 gatio
287 2500 492 2542 Theodori,
520 2501 660 2535 Bacchi
671 2499 782 2546 filii,
810 2498 863 2533 ad
887 2499 1104 2541 Chosroe'rn,
1130 2511 1236 2547 quem
1265 2501 1307 2532 in
1330 2500 1506 2532 Armenia
1531 2498 1609 2533 bel-

155 2545 375 2590 ligerantem
413 2549 613 2581 comitatur
644 2548 729 2590 (13).
791 2547 1032 2586 Valentinus,
1081 2548 1329 2581 Romanorum
1376 2544 1431 2578 ad
1469 2547 1609 2579 Tur-cos

152 2593 322 2633 legatus,
350 2606 374 2627 a
402 2594 617 2633 Tur-rotho,
640 2593 732 2628 duce
759 2605 900 2633 eorum,
928 2594 1160 2628 contumeliis
1181 2591 1441 2639 afficitur-(¹4).
1496 2593 1613 2625 Turci

154 2639 288 2673 bellum
314 2641 490 2679 Romanis
515 2643 682 2687 inserunt
707 2639 794 2685 (15).
845 2640 1034 2680 Baianus,
1067 2643 1232 2675 Avarum
1265 2639 1367 2678 dux,
1405 2651 1427 2671 a
1457 2638 1610 2672 Tiberio

156 2688 315 2720 Caesare
357 2688 555 2734 instigatus
588 2700 667 2722 cum
697 2698 832 2732 magno
866 2688 1031 2721 exercitu
1063 2688 1104 2720 in
1128 2686 1231 2720 sedes
1260 2685 1523 2720 Sclavinorum
1555 2685 1608 2718 ir-

154 2735 291 2779 rumpit
326 2732 412 2780 (16).
464 2734 639 2770 Chosrofs
671 2735 772 2768 inter
805 2733 904 2779 ipsas
935 2735 1042 2780 pacis
1071 2736 1236 2770 actiones
1271 2733 1403 2768 bellum
1431 2742 1511 2766 cum
1535 2731 1609 2766 Ro-
