1924 3164
498 173 554 214 IN
592 171 839 221 ECLooAs
879 169 1275 214 ommionom.
1479 149 1603 226 ³575

154 289 356 330 navesque
386 276 622 332 demergant
649 276 805 331 pelago.
866 276 929 316 De
956 275 1227 330 psittacisadi
1258 287 1304 314 ex
1338 273 1608 319 Plinio-aliis-

153 347 234 386 que
256 333 483 371 Gesnerum
498 361 510 383 ,
533 332 846 372 Aldrovandum
874 331 1102 386 similesque
1134 338 1415 371 racematores.

267 387 372 440 Pag.
399 388 463 427 13.
495 387 550 426 A.
568 387 684 439 [465‚
715 386 802 440 πμ]
835 387 1070 439 Blemmyae
1097 387 1261 426 barbari
1283 386 1395 441 apud
1429 386 1605 431 Talmin.

152 442 249 481 Noti
292 442 523 497 Blemmyae
553 444 638 482 sive
662 442 845 496 Blemyes
882 443 1020 494 priscis
1060 442 1319 495 scriptoribus
1334 471 1346 491 ‚
1388 441 1607 480 Theocrito

154 496 312 551 Idyllio·
333 512 401 552 7.,
448 499 643 551 Dionysio
687 497 946 547 Characeno,
979 497 1198 548 Straboni,
1250 495 1408 548 Melae,
1443 497 1605 547 Plinio,

151 552 386 592 Ptolemaeo
403 582 414 603 ‚
437 552 665 605 Stephano,
694 553 913 591 Ammiano
939 551 1177 592 Marcellino
1203 551 1276 591 lib.
1314 552 1379 601 14.
1396 580 1408 601 ,
1444 553 1608 590 Zosimo

150 607 224 646 lib.
257 610 388 660 primo
407 636 418 658 ,
453 607 698 658 Heliodoro,
730 608 949 660 Procopio,
980 608 1122 647 Prisco
1154 608 1197 646 in
1222 608 1430 659 Excerptis
1462 607 1513 646 de
1544 606 1608 646 le-

151 663 381 715 gationibus
407 677 449 716 p.
470 664 536 712 40.
558 663 742 702 editionis
773 663 927 715 regiae,
963 663 1132 716 aliisque
1159 664 1321 716 passim.
1380 662 1522 701 Unum
1540 660 1608 701 hic

146 717 423 756 Claudianum
454 717 578 759 affero
597 748 609 768 ,
642 726 689 757 ut
719 718 771 758 de
810 717 940 769 Syene
968 720 1011 757 in
1038 718 1174 757 locum
1208 718 1347 757 Soines
1375 717 1609 772 reponenda

152 773 426 812 coniecturam
450 774 684 827 Interpretis
710 773 867 812 firmem
880 788 892 812 ε

371 829 431 868 Ec
455 829 544 868 loca
573 831 754 868 contitzuo
780 828 886 868 Solis
914 828 1106 867 damnata
1124 843 1275 883 vapore

371 884 552 932 Imm-at,
578 885 812 940 populisque
839 884 945 923 salus
964 884 1177 923 sitientibus
1203 893 1313 922 errat

377 940 460 979 Per
485 940 653 978 Meroen
682 940 947 995 Blemyasque
952 941 1073 991 seros
1100 948 1306 994 atramque
1335 938 1508 990 Syenen.

150 995 200 1034 In
239 994 400 1034 Aethici
428 995 514 1034 sive
547 994 746 1034 Antonini
784 996 997 1034 Itinerario
1027 1008 1118 1048 pag.
1155 993 1222 1034 35.
1262 994 1448 1033 editionis
1488 993 1610 1034 Colo—

150 1051 325 1089 niensis:
356 1049 458 1088 Item
474 1051 552 1106 per
572 1059 732 1105 partem
754 1050 972 1090 Arabicam
1001 1059 1111 1088 trans
1139 1049 1278 1088 Nilum
1293 1068 1304 1087 .·
1336 1059 1473 1088 eontra
1501 1050 1612 1089 Psel-

148 1107 228 1144 cim
242 1135 255 1154 ,
297 1114 435 1144 contra
459 1106 500 1144 T
494 1106 636 1154 αἰηιιξς,
669 1114 805 1145 contra
844 1106 885 1144 T
879 1106 966 1144 alzis
975 1135 987 1154 ,
1014 1104 1130 1157 (forte
1170 1106 1295 1157 Tapis
1325 1119 1395 1144 seu
1425 1104 1578 1158 Thapis
1597 1134 1610 1154 ‚

150 1161 194 1199 in
226 1160 401 1199 editione
434 1161 558 1199 Iosiae
586 1160 747 1200 Simleri
777 1161 913 1211 Tafis,
954 1167 994 1199 et
1024 1159 1147 1213 paulo
1180 1168 1273 1199 aute
1305 1161 1347 1198 in
1381 1160 1518 1199 codice
1544 1175 1612 1199 re-

150 1216 216 1269 gio
241 1216 381 1254 Thafis
403 1230 474 1254 seu
495 1216 680 1270 Taphis,)
706 1217 863 1265 Philas,
884 1215 1007 1268 (apud
1023 1216 1240 1255 Simlerum
1263 1216 1453 1254 mendose
1464 1215 1611 1266 Filas)

145 1270 318 1321 Syenem
331 1301 342 1318 ,
380 1270 525 1310 Ombos
541 1301 554 1320 ,
574 1281 710 1311 contra
731 1271 965 1326 Apollonos,
998 1279 1136 1309 contra
1154 1271 1283 1309 Laton
1298 1300 1308 1317 ,
1353 1271 1505 1310 Thebas
1530 1278 1609 1310 etc.

154 1327 347 1365 Occurrit
364 1340 526 1379 quoque
550 1328 589 1365 in
613 1327 692 1366 alio
723 1327 864 1366 itinere
883 1326 1126 1374 Penieonon,
1147 1325 1237 1374 vel,
1267 1333 1313 1364 ut
1340 1325 1463 1365 habet
1483 1325 1612 1365 ‘editio

147 1380 312 1420 Simleri
328 1411 340 1432 ‚
375 1381 574 1421 Phoenic-o
613 1382 794 1421 Niconon
809 1412 819 1429 ‚
863 1381 973 1434 quod
1005 1381 1106 1419 forte
1130 1381 1173 1419 in
1214 1380 1440 1420 Phoenicon
1471 1382 1612 1420 iconon‘

151 1444 310 1476 mutare
345 1439 488 1489 possis.
547 1438 595 1476 ln
632 1438 786 1476 Notitia
820 1437 1029 1490 utriusque
1068 1435 1225 1488 imperii
1253 1450 1264 1475 τ
1309 1436 1386 1475 Ex
1423 1437 1612 1475 laterculo

149 1493 304 1531 minore
337 1491 421 1530 Ala
440 1491 575 1531 VIII.
614 1492 946 1543 Palmyrenorum
978 1491 1253 1539 Plzoenicone3
1293 1498 1333 1529 et
1374 1492 1416 1529 in
1449 1498 1612 1531 vetusto

149 1545 394 1600 exemplari,
425 1554 525 1586 teste
554 1547 805 1602 Hieronymo
830 1548 981 1597 Surita,
1011 1546 1142 1585 Aulae
1171 1545 1259 1584 Dei
1278 1546 1537 1589 Foenitzbm's.

255 1602 369 1654 Pag.
395 1602 456 1644 13.
475 1604 528 1641 A.
551 1602 742 1657 [466,5.]
773 1603 986 1653 διὲχοντος
1013 1597 1096 1640 ἀπὸ
1126 1600 1210 1640 τῶν
1239 1601 1392 1640 (Danau.
1450 1602 1516 1641 Sic
1551 1601 1611 1641 le-

148 1656 351 1710 gendum,
387 1670 471 1696 non
501 1657 659 1710 φίλων,
695 1665 766 1696 aut
791 1654 954 1710 φύλων,
985 1663 1032 1694 ut
1063 1655 1340 1708 suspicabatur
1377 1656 1609 1710 Interpres;

149 1726 175 1750 a
198 1726 279 1764 quo
310 1711 414 1750 male
439 1719 648 1765 acceptum
672 1713 806 1751 locum
847 1712 956 1750 hunc
983 1711 1203 1750 admodum
1229 1710 1432 1750 difficilem
1466 1720 1506 1751 et
1545 1714 1610 1752 in-

149 1769 342 1806 tricarum
367 1767 424 1805 ita
454 1775 597 1806 verto:
634 1768 747 1820 Quae
773 1768 861 1806 loca
892 1780 979 1804 eum
1000 1780 1273 1820 peragrat-em,
1305 1767 1465 1805 Talmin
1492 1781 1612 1822 usque

150 1824 297 1860 accessi
335 1830 373 1860 et
401 1835 427 1860 a
449 1822 579 1860 Plu'lis
608 1824 777 1878 quinque
809 1821 963 1860 dierzcm
994 1821 1207 1859 intervallo
1225 1831 1454 1875 progressus
1484 1823 1611 1860 aliam

152 1878 352 1916 civitatem
382 1876 552 1916 lustravi
569 1908 578 1924 ,
615 1892 738 1932 quam
773 1877 946 1916 Romani
966 1890 1054 1913 eam
1077 1876 1126 1913 ob
1153 1889 1311 1914 causam
1337 1876 1481 1914 dixere
1513 1877 1611 1915 Pri·-

146 1946 257 1970 mam
273 1963 283 1979 ,
331 1931 439 1987 quod
471 1934 514 1971 in
554 1933 796 1971 Thebaidem
829 1947 851 1970 e
888 1931 1148 1969 barbarorum
1179 1932 1338 1983 regione
1369 1932 1612 1972 venientibus
1666 1952 1676 1962 ·

144 1989 285 2041 prima
307 1996 502 2026 occurrat.
559 1988 715 2027 Eodem
754 2002 855 2026 nunc
885 2000 1036 2041 quoque
1069 1987 1230 2024 nomine
1258 1986 1488 2050 appellatur
1529 1993 1608 2033 etc.

140 2039 218 2081 ‘Ita
256 2042 420 2095 quidem
459 2044 491 2080 si
525 2039 719 2093 διέχοντα
747 2043 888 2095 legas3
929 2042 989 2079 sin
1018 2054 1116 2079 vero
1144 2039 1370 2092 διεχουσης
1395 2041 1613 2087 substituas

149 2104 194 2135 et
226 2098 278 2136 ad
304 2097 527 2151 genitivum
563 2099 637 2149 τῆς
663 2092 864 2147 Τάλμεως
896 2097 1053 2150 referre
1081 2095 1196 2134 malis
1211 2125 1222 2146 ,
1252 2096 1412 2134 Talmin
1432 2097 1536 2151 quin
1565 2112 1613 2135 ue

144 2152 306 2191 dierum
328 2153 455 2206 spatio
476 2167 503 2191 α
530 2151 660 2192 Philis
681 2153 889 2191 distantem
915 2151 1084 2190 habebis
1099 2180 1111 2200 ,
1153 2165 1246 2189 cum
1275 2147 1411 2189 tamen
1440 2152 1486 2190 iri
1563 2167 1613 2190 n-

150 2207 282 2246 tonini
309 2208 522 2246 Itinerario
561 2209 668 2246 inter
693 2214 909 2260 utramque
931 2206 1149 2245 civitatem
1175 2212 1336 2244 tantum
1360 2206 1486 2245 millia
1516 2221 1608 2259 pas·
1620 2211 1658 2245 P.
1687 2220 1748 2244 101

152 2276 273 2300 suum
299 2263 367 2313 54.
393 2271 680 2312 numerentur,
715 2270 755 2301 et
773 2264 878 2301 inter
903 2261 1064 2300 Talmin
1078 2268 1118 2299 et
1137 2261 1300 2300 Thebas
1317 2267 1468 2313 septem
1489 2276 1611 2315 supra

151 2316 325 2357 ducenta
346 2347 358 2366 ,
383 2331 487 2369 quae
520 2319 700 2371 quinque
725 2317 882 2357 dierum
908 2317 1086 2370 spatium*
1107 2330 1298 2369 superare
1318 2316 1514 2357 'videntur
1537 2331 1550 2356 :

323 2373 470 2411 Contra
489 2373 653 2412 Talmis.
1065 2386 1068 2390 ’

323 2428 470 2467 Contra
495 2428 536 2466 T
530 2430 630 2483 apis.
1169 2427 1229 2465 M.
1250 2426 1302 2466 P.
1320 2428 1378 2466 X.

319 2482 474 2522 Philas.
1162 2483 1231 2520 M.
1253 2483 1303 2521 Ρ.
1325 2483 1505 2523 XXIIII.

320 2537 493 2589 Syenen.
1171 2538 1231 2575 M.
1254 2537 1306 2576 P.
1328 2538 1402 2576 111.

325 2592 486 2633 Ombos.
1171 2593 1217 2631 M

322 2646 469 2686 Contra
490 2647 720 2702 Apollonos.
1169 2648 1230 2686 M.
1252 2647 1303 2686 P.
1326 2647 1365 2685 λ

323 2702 470 2741 Contra
496 2703 642 2743 Lacon.
1170 2702 1229 2741 M.
1250 2703 1302 2742 P.
1323 2703 1363 2740 X
1405 2730 1416 2741 .

329 2756 493 2797 mbas.
1172 2758 1231 2798 M.
1255 2757 1291 2798 P
1326 2757 1366 2796 X
