1924 3164
561 196 594 236 E
632 194 916 237 MENANDRI
954 192 1226 237 HlsTomA.
1513 177 1584 233 30
1599 197 1617 231 1

185 295 258 340 καὶ
284 295 386 351 δύο,
402 316 412 319 -
429 295 666 351 δυσβάτους
693 297 738 338 τέ
762 311 880 346 τινας
910 297 1079 352 χώρους
1105 295 1502 352 παραμειψάμενος,
1538 298 1629 352 ἔγέ·
1643 307 1812 352 A.c.569

145 389 148 391 ·
183 379 272 406 νετο
312 362 419 405 κατὰ
455 361 506 405 τὰ
553 362 708 418 ῥεῖθρα
742 363 820 403 τοῦ
847 360 942 416 ’Ὶχ,
984 359 1032 403 οὗ
1073 362 1156 418 μὴν
1191 360 1299 405 α’λλά
1328 361 1531 406 καὶκατὰ
1560 362 1630 405 τὸν
1644 354 1754 388 ¹³4²

183 431 324 483 Λαῒχ,
357 428 430 471 καὶ
456 427 527 470 διὰ
558 430 715 481 λιμνῶν
741 425 894 483 ἑτέρων
923 423 1053 476 αὖθις
1080 429 1124 477 ἐς
1150 426 1219 470 τὸν
1243 428 1437 471 Ἀπίλαν
1454 445 1467 457 ·
1504 404 1715 471 ποίλινΙιωι
1736 402 1756 436 5

185 493 244 543 ὥς
275 493 529 550 Οὖγούρους,
560 494 604 536 οἲ
630 492 681 549 δὴ
712 494 789 535 καί
808 508 956 549 σφισιν
985 493 1252 548 ἀπήγγειλαν,
1281 494 1338 544 ὥς
1365 496 1425 544 εἷς
1451 492 1505 536 τοὶ
1533 495 1665 551 περιὊ

160 558 263 605 ὄτὸν
290 562 489 616 Κωφῆνα
517 557 709 612 ποταμὸν
740 559 784 608 ἐς
811 557 860 601 τὰ
903 555 1032 601 λάσια
1069 561 1268 616 τέσσαρες
1303 558 1492 614 χιλιάδες
1517 564 1637 616 Περ-

185 627 272 667 σῶν
303 627 551 681 ἐπιτηροῦσι
578 626 964 681 προλελοχισμένοι,
993 621 1050 673 ὦς
1077 620 1130 666 ἂν
1156 622 1436 681 χειρώσονται
1462 623 1639 682 παριόν-

186 707 265 740 τας
291 689 458 740 αὕτούς.
512 687 645 748 ταύτῃ
676 705 742 732 τοι
769 689 792 732 ὅ
822 691 906 732 τῶν
938 687 1165 745 Ου’γούρων
1190 688 1418 746 ἡγούμενος
1428 724 1441 744 ‚
1478 688 1526 741 ὃς
1553 692 1640 734 διέ-

185 757 319 808 σωζεν
363 757 498 799 ἐκεῖσε
532 757 610 797 τοῦ
635 752 905 810 Διζαβούλου
948 753 994 798 τὸ
1021 752 1169 812 κράτος
1189 787 1201 810 ,
1235 753 1460 812 πληρώσας
1485 753 1642 807 ’ὕδατος

188 817 344 870 ἇσκούς
381 822 615 878 παρέσχετο
655 828 742 871 τοῖς
770 820 871 877 περὶ
895 818 1155 877 Ζὴμαρχον,
1192 820 1251 871 ὥς
1288 819 1339 864 ἂν
1375 820 1512 876 ἔχοιεν
1540 820 1641 865 ὅθεν

136 886 456 943 ιοῦδρεύσοιντο
498 887 570 929 διὰ
610 889 684 943 τῆς
718 887 904 943 ἀνύδρου
933 886 1078 936 ἰόντες.
1135 881 1261 942 εὗρον
1289 889 1337 929 δὲ
1363 889 1438 929 καί
1465 886 1636 944 λιμνην,

186 952 261 995 καί
297 950 668 1009 παραμειψάμενοι
694 950 742 994 τὸ
770 953 879 1007 μέγα
904 955 1027 995 τοῦτο
1055 949 1334 1009 ὑδροποίσιον
1374 954 1569 1009 ἀφίκοντο
1596 953 1641 1001 ἐς

187 1019 347 1068 ἐκείνας
375 1018 452 1067 τὰς
483 1018 635 1073 λιμνας
653 1051 665 1072 ,
703 1021 749 1062 ἐν
778 1016 846 1068 αἶς
873 1015 1194 1073 ἐπιμιγνύμενος
1221 1014 1452 1061 ἀπόλλυται
1480 1017 1502 1059 ὅ
1532 1022 1636 1061 Κω-

188 1082 275 1141 φὴν
303 1083 502 1137 ποταμός.
547 1083 592 1135 ἐξ
619 1087 777 1127 ἐκείνου
814 1082 866 1139 δὴ
897 1086 972 1126 τοῦ
995 1082 1141 1139 χώρου
1169 1085 1381 1138 πέμπουσι
1408 1085 1640 1140 διοπτῆρας

186 1151 645 1204 προδιασκεψομὲνους,
677 1148 762 1203 εἴγε
790 1149 849 1198 ὥς
877 1149 1046 1204 dan-9153
1062 1147 1100 1190 οἱ
1121 1150 1294 1203 Πέρσαι
1322 1150 1636 1204 ἐνεδρεύουσιν·

137 1217 232 1262 1502*
259 1214 311 1271 δὴ
343 1212 665 1269 ἄνιχνεύσαντες
695 1213 950 1270 ἀπήγγειλαν
974 1216 1137 1270 μηδένα
1166 1215 1283 1256 ἰδεῖν.
1313 1210 1427 1267 ὅμως
1454 1213 1530 1264 ξύν
1555 1219 1674 1268 με-Ι)

185 1280 313 1339 γίστῳ
343 1278 463 1338 φόβῳ
492 1279 691 1337 ἀφίκοντο
723 1282 767 1331 ἐς
791 1278 1012 1334 Ἀλανίαν,
1054 1277 1160 1322 κατὰ
1199 1277 1247 1321 τὸ
1274 1280 1435 1333 μᾶλλον
1464 1277 1643 1329 δεδιότες

186 1344 234 1388 τό
264 1347 399 1402 φῦλον
428 1348 512 1388 τῶν
534 1343 816 1402 Ὀρομοσχαῖν.

146 1407 154 1413 ’
297 1412 353 1454 θ’.
396 1407 491 1454 ’Ότι
518 1410 728 1467 γενόμενοι
753 1410 799 1454 ἐν
840 1411 1013 1470 Ἀλανίᾳ
1037 1410 1155 1468 παρὰ
1187 1410 1409 1467 Σαρώδιον
1435 1409 1510 1453 τὸν
1537 1412 1647 1453 ἐκεί-

187 1494 270 1521 νων
295 1476 482 1532 ἡγεμόνα
500 1509 512 1531 ,
560 1476 634 1519 καί
671 1474 762 1531 ἅμα
789 1482 876 1526 τοῖς
904 1473 1120 1531 ἑπομένοις
1154 1474 1354 1533 Τούρκοις
1391 1477 1760 1532 ἐσφοιτῆσαιῖῙ.74

135 1541 437 1599 αοβουλόμενοι
453 1576 465 1598 ,
507 1541 535 1586 6.
559 1542 776 1599 Σαρώδιος
801 1541 873 1586 τὸν
900 1544 978 1597 μὲν
1003 1542 1234 1599 Ζήμαρχον
1260 1544 1336 1585 καί
1360 1541 1458 1591 τούς
1486 1539 1640 1595 ἑπομέ-

187 1625 287 1659 νους
327 1610 492 1661 ἐδέξατο
535 1607 758 1662 ἀσμένως,
799 1607 899 1658 τούς
938 1611 984 1651 δὲ
1013 1607 1064 1665 δὴ
1105 1611 1301 1664 πρέσβεις
1328 1609 1414 1650 τῶν
1447 1606 1645 1663 Τούρκων

189 1674 348 1732 ἔφασκε
384 1674 443 1730 μή
480 1674 681 1732 πρότερον
720 1676 794 1730 τῆς
830 1674 888 1724 ὥς
921 1673 1048 1717 αὕτὸν
1076 1671 1246 1717 εἰσόδου
1276 1679 1434 1728 τυχεῖν,
1463 1669 1491 1729 ἢ
1519 1689 1648 1715 κατα-

285 1766 317 1789 2.
344 1758 378 1790 3.
402 1755 433 1788 5.
458 1753 601 1794 Iemba,
629 1753 730 1794 Iaik,
753 1755 868 1799 Volga
892 1753 1031 1800 (Ethel)
1055 1779 1065 1794 ‚
1083 1754 1224 1795 Kuma,
1257 1753 1369 1787 fluvii.
1394 1751 1437 1785 N.
1521 1753 1552 1785 3.
1580 1742 1644 1784 διὰ

283 1801 431 1848 λιμνῶν
451 1801 507 1840 Η.,
532 1799 740 1845 διάλιμνον
753 1801 846 1845 vulg.
920 1801 959 1845 4.
992 1799 1256 1844 Ου’τιγούρους
1278 1805 1315 1833 et
1339 1813 1370 1846 7.
1402 1796 1652 1843 Ου’τιγούρων

281 1849 374 1881 coni.
387 1848 429 1882 N.
499 1849 533 1882 6.
548 1846 756 1892 παριόντας
781 1847 959 1887 Cantocl.,
984 1846 1180 1892 παρόντας
1203 1847 1297 1889 vulg.
1371 1845 1438 1889 7.6
1465 1856 1532 1877 om.
1548 1845 1646 1888 vulg.

216 1917 254 1950 ui
294 1919 469 1951 Romanos
502 1918 734 1954 monuerunt,
766 1914 805 1946 in
833 1913 954 1947 densis
990 1918 1027 1946 et
1049 1913 1241 1947 arboribus
1268 1912 1416 1946 consitis
1442 1911 1531 1943 locis
1553 1912 1649 1943 circa

190 1929 402 2010 gophenem
428 1963 563 1996 flumen
591 1962 704 1994 latere
730 1961 771 1993 in
796 1959 941 1992 insidiis
967 1959 1145 1992 collocata
1170 1960 1356 1993 Persarum
1381 1963 1536 2004 quatuor
1560 1957 1649 1990 mil-

192 2012 264 2051 lia,
303 2011 367 2056 qui
406 2013 679 2054 praetereuntes
714 2017 775 2039 eos
810 2007 970 2049 captivos
1008 2006 1179 2039 facerent.
1229 2006 1432 2049 Ugurorum
1457 2003 1556 2044 dux,
1583 2004 1649 2049 qui

191 2057 272 2091 illic
294 2068 338 2090 ex
362 2057 576 2090 auctoritate
603 2053 771 2088 Disabuli
808 2052 1002 2097 imperium
1034 2051 1216 2092 habebat,
1248 2057 1347 2085 utres
1382 2061 1477 2095 aqua
1513 2050 1647 2094 imple-

190 2104 244 2138 vit
280 2109 318 2137 et
350 2103 522 2148 praebuit
554 2098 745 2134 Zemarcho
784 2102 821 2130 et
857 2100 936 2131 eius
973 2099 1187 2138 comitibus,
1221 2102 1274 2139 ut,
1297 2107 1378 2130 cum
1411 2107 1477 2141 per
1502 2095 1646 2129 deserta

193 2150 314 2191 irent,
335 2149 516 2183 haberent
547 2147 645 2181 uncle
681 2149 913 2191 aquarentur.
970 2146 1192 2178 Invenerunt
1215 2149 1253 2177 et
1275 2142 1448 2189 paludem
1492 2147 1530 2186 et
1565 2153 1647 2175 ma-

194 2208 303 2242 gnum
338 2195 433 2231 illud
469 2200 632 2237 stagnum
661 2191 936 2238 praetergressi,
961 2196 1209 2235 pervenerunt
1239 2190 1285 2223 ad
1316 2201 1376 2223 eas
1399 2188 1580 2235 paludes,
1607 2189 1648 2222 in

195 2254 284 2290 quas
310 2243 494 2276 immixtus
513 2240 664 2286 Cophen
688 2238 802 2272 amnis
829 2248 906 2270 sese
932 2237 1098 2270 effundit.
1148 2238 1201 2271 Ex
1225 2248 1267 2271 eo
1282 2237 1363 2270 loco
1388 2237 1542 2278 mittunt
1582 2236 1650 2280 qui

196 2291 443 2334 explorarent,
470 2300 517 2322 an
540 2298 665 2322 verum
691 2290 804 2325 esset,
830 2285 951 2317 Persas
977 2284 1016 2318 in
1055 2283 1200 2317 insidiis
1226 2295 1314 2318 esse.
1363 2283 1412 2315 Hi
1435 2281 1566 2316 iisdem
1590 2287 1651 2314 to-

195 2340 270 2369 tam
296 2337 479 2382 regionem
512 2334 728 2379 perscrutati
765 2332 1033 2371 renuntiarunt,
1060 2341 1097 2363 se
1121 2330 1304 2364 neminem
1328 2329 1472 2362 vidisse.
1522 2327 1651 2360 Nihilo

195 2384 313 2416 aecius
350 2385 390 2417 in
415 2383 580 2415 Alaniam
604 2379 739 2425 magna'
769 2388 849 2411 cum
875 2376 1142 2421 trepidatione,
1165 2383 1359 2423 propterea
1384 2374 1483 2423 quod
1507 2380 1650 2409 metue-

195 2429 286 2463 bant
309 2435 449 2475 gentem
475 2426 779 2463 Oromoschorum
795 2449 804 2465 ‚
827 2428 1080 2469 properarunt,

288 2488 321 2521 9.
370 2476 495 2522 Quum
521 2476 559 2508 in
587 2474 754 2507 Alaniam
777 2471 1038 2516 pervenissent,
1062 2475 1099 2503 et
1123 2469 1328 2510 San-odium,
1352 2468 1551 2503 Alanorum
1576 2467 1648 2501 ‹lu-

198 2533 296 2563 cem,
322 2534 393 2556 una
417 2533 498 2556 cum
520 2522 647 2555 Turcis
673 2519 775 2552 adire
800 2518 959 2556 vellent,
983 2515 1155 2550 Sarodius
1179 2516 1328 2563 quidem
1354 2514 1587 2551 Zemarchum
1611 2518 1650 2546 et

199 2570 264 2613 qui
291 2580 371 2602 cum
398 2580 440 2603 eo
467 2574 570 2602 erant
605 2568 762 2609 benigne
805 2569 842 2597 et
867 2564 1017 2597 comiter
1045 2564 1208 2608 excepit,
1233 2563 1297 2596 sed
1327 2563 1526 2596 Turcorum
1553 2561 1651 2604 lega-

199 2619 256 2647 tos
280 2614 394 2659 prius,
419 2616 525 2661 quam
556 2625 653 2648 arma
691 2612 957 2656 deposuissent,
984 2610 1023 2642 in
1048 2621 1150 2642 suum
1177 2614 1409 2655 conspectum
1433 2608 1557 2642 venire
1581 2617 1652 2637 no—

195 2661 283 2697 luit.
330 2661 488 2695 Maximo
513 2661 624 2707 igitur
648 2661 744 2692 inter
769 2659 865 2703 ipsos
890 2667 998 2700 super
1018 2656 1083 2689 hac
1109 2668 1147 2690 re
1172 2662 1251 2690 orto
1278 2662 1315 2689 et
1339 2656 1551 2689 continuato
1585 2663 1652 2697 per

200 2713 274 2741 tres
299 2708 376 2740 dies
401 2710 621 2749 certamine,
647 2704 904 2740 dissidentium
929 2702 1065 2736 arbiter
1093 2704 1168 2737 fuit
1192 2702 1414 2736 Zemarchus.
1464 2698 1650 2738 Tandem,

201 2755 311 2789 armis
337 2755 533 2802 depositis,
570 2760 611 2789 ut
638 2752 790 2789 Sarodio
814 2751 1022 2797 placuerat,
1047 2760 1128 2786 eum
1156 2749 1336 2786 adierunt.
1387 2747 1560 2784 Sarodius
1585 2756 1650 2780 au·
