1924 3164
505 204 539 243 E
578 202 864 245 MENANnm
902 202 1174 245 ffls'romA.
1453 182 1488 250 4
1503 205 1519 237 1
1532 202 1570 257 9

113 297 424 342 ἀνασώσασθαι
445 299 536 342 ἀ’πὸ
577 302 764 358 Περσῶν
807 300 856 343 τὰ
898 301 1070 358 Δάρας,
1117 299 1388 356 ἀντάλλαγμα
1426 302 1569 354 μέντοι
1582 310 1669 346 Ast.
1683 310 1747 346 581

114 365 379 420 παρέχοντας
405 365 481 423 τήν
511 369 556 419 ἐξ
582 370 720 424 α’ρχῆς
747 367 1080 423 Περσαρμενιάν
1105 370 1150 410 τέ
1178 366 1253 409 καὶ
1275 358 1727 449 Ἀρζανηνὴιῆη,ἓξὲξ-Μήι

116 425 219 473 ἄνευ
249 433 332 474 τῶν
361 430 608 490 ἀμφοτέρας
634 434 783 489 χώρας
806 433 1037 489 οἰκητόρων
1062 437 1146 475 τῶν
1174 429 1266 475 ὅσοι
1297 435 1350 491 τῇ
1371 430 1618 495 ‘Pantul-W·
1637 430 1702 485 „g

117 512 176 538 ων
195 498 528 555 προσεχώρησαν
546 499 734 556 πολιτείᾳ
747 523 826 552 ,—
838 499 1044 541 πλείστων
1064 493 1156 551 οὖν,
1174 495 1315 554 ὥσπερ
1347 495 1470 551 εἰκὸς,
1498 498 1570 539 ἐπὶ
1578 500 1612 533 P·
1628 509 1693 543 ¹72

92 564 269 621 5τηλίκῳ
298 564 515 620 πράγματι
541 567 903 621 προενηνεγμένων
929 564 1061 619 λόγων
1087 565 1163 607 καί
1185 562 1336 621 ἥκιστα
1363 565 1423 614 εἷς
1458 563 1580 620 ἔργον

118 629 366 685 ἀχθέντων,
387 629 496 686 μήτε
522 629 609 686 μὴν
643 633 698 688 τῇ
724 633 951 688 συμφωνίᾳ
985 631 1147 688 ἀμφοῖν
1172 637 1261 673 τοῖν
1298 637 1447 686 μεροῖν
1475 634 1582 683 ξυμ-

116 694 349 748 βαινόντων
392 693 611 751 άλλήλοις,
647 695 721 739 τὸν
763 697 968 752 Ἀνδίγαν
1008 694 1394 753 παρακρούσασθαι
1430 699 1583 751 Ζαχα-

118 759 218 817 ρίαν
244 757 564 818 ὗποτοπήσαντα
602 763 671 819 ἐφ’
704 757 740 820 (ᾗ
766 763 926 805 θέσθαι
954 762 1169 818 συνθήκας
1189 764 1265 805 ου’κ
1293 765 1337 812 ἐς
1363 761 1408 805 τὸ
1429 763 1583 819 εὔπρε-

118 827 218 880 πὲς,
249 826 353 869 ιῖλλὰ
381 828 461 884 γὰρ
491 826 626 886 πάντῃ
656 825 936 885 ἀσυμφόρους
961 829 1016 887 τῇ
1041 826 1271 883 Ῥωμαίων
1291 830 1418 887 ἀρχῇ,
1448 827 1584 884 φάναι

71 894 291 947 ιολὲγεται
317 893 480 936 τοιοίδε·
508 894 658 950 ,,τείχη
683 895 758 936 καί
789 893 945 949 πύλαι,
984 897 1058 937 καί
1083 894 1162 937 εἴτι
1189 897 1394 948 τοιοῦτον,
1433 889 1469 936 αἶ
1509 889 1584 937 άν-

122 959 235 1014 δρες,
270 960 569 1017 φυλακτήριον,
607 961 833 1017 φυλάττειν
859 962 953 1014 μὲν,
995 958 1054 1011 ὥς
1089 960 1217 1015 εἰκὸς,
1248 961 1475 1016 δυνήσεται
1512 958 1589 1003 καὶ

121 1022 246 1068 πόλιν
271 1027 345 1068 καί
373 1028 584 1069 πολιτείαν
613 1023 725 1082 ὅλην.
753 1027 799 1069 ἐν
828 1022 891 1076 οἷς
933 1028 981 1069 δὲ
1023 1027 1305 1082 τυγχάνουσιν
1345 1025 1386 1069 οἱ
1421 1025 1588 1076 τούτοις

121 1094 536 1148 περιπεφραγμένοι,
577 1092 779 1149 κρύπτειν
806 1093 857 1135 ου’
895 1093 1056 1150 ῥᾴδιον.
1105 1093 1226 1149 φήμη
1266 1091 1348 1149 γὰρ
1391 1092 1462 1134 αἐἰ
1495 1108 1590 1147 χει-

123 1158 278 1211 ροῦται
302 1155 354 1199 τά
385 1156 642 1214 πράγματα,
672 1160 746 1200 καί
769 1156 823 1200 τά
853 1155 1055 1200 δοκοῦντά
1084 1174 1173 1208 πως
1211 1153 1348 1213 ἄδηλα
1375 1155 1618 1200 καθεστά-Β

77 1224 199 1266 15ναι
225 1225 450 1278 προτίθησι
477 1230 570 1273 ταῖς
595 1226 770 1278 α’κοαῖς,
802 1220 944 1279 ὥσπερ
985 1225 1051 1266 ἐπ’
1079 1224 1235 1280 α’γορᾶς
1261 1225 1307 1266 ἐν
1334 1225 1505 1281 φανερῷ
1531 1226 1590 1282 τῷ

125 1290 367 1346 βουλομένῳ
394 1289 605 1345 πρίασθαι
633 1285 753 1332 ὤνια.
781 1291 1008 1345 τοιγαροῦν
1046 1289 1122 1331 καί
1162 1287 1285 1345 ἡμεῖς
1321 1288 1594 1342 ἐξεπιστάμε-

127 1356 189 1396 θα
216 1351 295 1410 τήν
316 1351 537 1408 Ῥωμαίων
566 1354 706 1411 ἀρχὴν
746 1357 946 1408 πολέμοις
986 1355 1311 1411 α’ντερείδουσαν
1351 1357 1593 1410 πλείστοις,

128 1420 206 1461 καί
229 1418 468 1474 πολλαχόσε
500 1422 573 1477 τῆς
604 1422 849 1476 οἰκουμένης
877 1416 986 1463 ὅπλα
1014 1422 1244 1474 κινοῦσαν,
1275 1420 1350 1463 καὶ
1372 1423 1424 1478 τῇ
1465 1418 1596 1462 δυνά-

127 1501 201 1539 μει
226 1489 534 1542 μεμερισμένην
561 1486 716 1542 σχεδὸν
744 1489 818 1543 ἐφ’
844 1482 1006 1545 ἑκάστῳ
1031 1485 1233 1545 βαρβάρῳ
1260 1490 1394 1541 γε’νει,
1420 1485 1494 1528 καὶ
1516 1485 1596 1542 τήν

77 1553 234 1594 αοκαθ’
259 1551 374 1607 ἡμᾶς
400 1554 612 1596 πολιτείαν
656 1554 734 1596 οὔκ
773 1549 858 1595 ἄπο
901 1550 1061 1608 τρόπου
1099 1551 1302 1606 Ῥωμαῖοι
1343 1552 1596 1607 γινώσκουσι

130 1616 284 1673 μηδενὶ
307 1619 389 1660 ταῖν
415 1615 582 1661 πάντων
612 1619 849 1676 ἀνθρώπων
890 1621 967 1661 νῦν
1007 1621 1272 1673 πολεμοῦσαν
1299 1614 1327 1673 ἢ
1360 1616 1595 1671 εΡωμαίοις

132 1679 290 1737 μόνοις.
317 1681 375 1734 ὥς
399 1678 477 1731 ,οὖν
505 1684 626 1739 ὑμῶν
656 1687 735 1739 μὲν
761 1688 927 1734 πολλοῖς
956 1682 1100 1727 ἔθνεσι
1128 1686 1393 1738 μαχομένων,
1407 1684 1528 1739 ἡμῶν
1547 1684 1596 1724 δὲ

230 1784 263 1818 7.
296 1772 495 1819 Ζαχαρίαν
520 1774 589 1815 Ν.,
615 1773 788 1827 ζαχαρίᾳ
808 1773 902 1819 vulg.
1025 1776 1079 1810 13.
1104 1772 1152 1806 ου’
1187 1772 1270 1808 add.
1295 1773 1338 1805 N.
1462 1771 1599 1805 Verba:

231 1818 339 1865 φήμη
362 1838 469 1846 -·-
495 1818 592 1854 ὤνια
626 1830 667 1854 ιιι
698 1821 803 1854 Exco.
833 1819 879 1853 de
915 1825 1006 1855 sent.
1042 1831 1078 1865 p.
1113 1821 1193 1855 363.
1218 1818 1275 1853 ed.
1307 1821 1408 1853 Rom.
1447 1818 1601 1864 paulum.

240 1866 410 1901 mutilata
438 1870 594 1900 exstant.

138 1933 301 1980 quadam
324 1946 450 1980 pacem
473 1934 653 1968 redimere
676 1934 903 1969 viderentur.
948 1935 1064 1968 Daras
1096 1943 1246 1980 qnoque
1283 1944 1500 1978 recuperare
1533 1943 1602 1966 cu-

139 1981 314 2027 piebant,
341 1986 379 2016 et
406 1992 486 2014 eam
510 1982 757 2015 Persarmenia
782 1987 821 2015 et
843 1982 1033 2015 Arzanene
1057 1986 1277 2014 commutare
1301 1980 1496 2021 volebant,
1521 1991 1601 2013 mo-

139 2027 190 2062 do
227 2040 350 2062 earum
382 2028 651 2074 provinciarum
687 2027 854 2068 incolae,
896 2028 961 2073 qui
999 2039 1037 2062 se
1069 2026 1117 2060 atl
1142 2028 1196 2060 rei
1219 2025 1392 2072 publicae
1417 2027 1602 2060 Romanae

141 2076 397 2108 auctoritatem
425 2076 688 2116 contulissent,
729 2085 771 2107 ea
797 2074 987 2108 deditione
1012 2085 1089 2107 non
1125 2075 1413 2107 continerentur.
1476 2073 1602 2119 Quum

141 2122 252 2155 multi
277 2122 323 2156 de
348 2133 391 2155 ea
414 2133 453 2155 re
481 2132 664 2155 sermones
689 2120 810 2154 habiti
835 2126 974 2162 essent,
999 2131 1122 2166 neque
1149 2120 1225 2154 ulla
1250 2132 1307 2154 res
1325 2119 1372 2153 ad
1389 2120 1498 2154 finem
1515 2131 1605 2165 per-

143 2170 328 2209 venisset,
352 2169 440 2215 quia
465 2170 681 2215 neutiquam
706 2174 828 2213 partes
854 2168 951 2202 inter
977 2178 1015 2201 se
1041 2167 1329 2200 conveniebant:
1367 2167 1535 2211 Andigan
1562 2167 1604 2202 in

143 2214 377 2257 Zachariam,
411 2216 476 2261 qui
501 2216 606 2249 illum
633 2215 731 2260 pacis
767 2215 997 2250 conditiones
1023 2214 1175 2248 minime
1203 2214 1397 2255 honestas,
1431 2215 1505 2248 imo
1530 2214 1604 2247 Ro—

143 2272 334 2296 manorum
358 2262 466 2296 rebus
495 2274 539 2296 ex
565 2263 665 2296 omni
687 2266 790 2307 parte
815 2261 1006 2294 damnosas
1027 2267 1065 2295 et
1088 2261 1239 2295 inutiles
1268 2261 1376 2302 ferre,
1402 2262 1604 2308 suspicatus

145 2313 247 2350 erat,
270 2309 329 2343 his
353 2308 473 2343 verbis
507 2310 669 2343 invectus
705 2320 781 2342 esse
815 2308 952 2342 fertur:
988 2307 1158 2348 „Moenia
1183 2313 1221 2342 et
1253 2312 1381 2353 portae
1419 2314 1457 2341 et
1480 2308 1605 2348 aliud,

146 2365 170 2388 o
195 2355 291 2396 viri,
329 2358 596 2390 munimentum
623 2356 761 2400 poterit
785 2354 934 2401 quidem
961 2360 999 2389 et
1031 2354 1160 2388 urbem
1196 2360 1234 2389 et
1273 2354 1478 2388 universam
1524 2366 1603 2388 rem

145 2400 333 2446 publicam
357 2403 471 2437 tueri:
506 2403 570 2436 sed
598 2414 671 2448 qua
693 2401 907 2435 conditione
932 2402 959 2434 ii
991 2413 1029 2435 se
1054 2401 1234 2443 habeant,
1261 2401 1327 2448 qui
1350 2401 1486 2435 inclusi
1511 2412 1602 2435 con-

146 2449 331 2490 tinentur,
355 2460 432 2482 non
456 2449 564 2483 facile
593 2449 765 2483 occultari
789 2453 920 2493 potest
970 2449 1081 2482 Fama
1107 2450 1204 2482 enim
1226 2449 1266 2482 in
1291 2449 1461 2482 omnibus
1492 2446 1603 2480 rebus

150 2493 376 2536 dominatur,
405 2502 442 2530 et
463 2497 524 2530 vel
550 2507 612 2537 ea,
653 2507 746 2542 quae
786 2494 1002 2529 abscondita
1035 2506 1114 2530 esse
1141 2495 1364 2529 videbantur
1411 2495 1605 2528 hominum

149 2541 316 2583 auribus,
341 2542 435 2576 sicut
458 2553 594 2576 merces
619 2543 659 2575 in
684 2542 763 2576 soro
786 2541 1000 2584 emtoribus,
1026 2543 1188 2589 exponit.
1215 2542 1461 2587 Quamobrem
1475 2546 1513 2574 et
1537 2551 1604 2574 nos

152 2592 252 2624 certo
279 2588 430 2630 seimus,
455 2590 655 2623 Romanum
679 2590 874 2634 imperium
898 2600 980 2622 cum
1005 2590 1130 2623 multis
1154 2590 1303 2634 populis
1329 2587 1428 2622 bello
1454 2593 1607 2621 conten-

154 2634 266 2676 dere,
292 2640 331 2668 et
352 2646 417 2679 per
440 2637 636 2682 plerasque
661 2642 780 2670 terrae
805 2647 884 2669 oras
909 2647 1007 2669 arma
1036 2637 1283 2673 circumferre,
1341 2636 1395 2668 Ex
1433 2646 1506 2680 quo
1542 2635 1604 2674 fit,

154 2686 200 2715 ut
223 2681 300 2714 eius
324 2683 448 2726 copiae
473 2684 547 2723 late
574 2683 759 2728 dispersae
800 2682 876 2716 sint
907 2682 1076 2716 adversus
1101 2681 1394 2728 unumquodque
1419 2680 1495 2714 fere
1521 2680 1617 2722 bar-¹

154 2726 327 2761 batorum
351 2739 476 2772 genus,
530 2730 579 2763 At
612 2740 698 2764 vero
735 2730 888 2762 Romani
924 2729 1045 2763 sciunt
1076 2736 1243 2765 nostrum
1277 2727 1496 2773 imperium,
1530 2738 1608 2761 non

156 2774 238 2809 siue
261 2775 417 2818 ratione,
441 2786 523 2810 cum
546 2776 650 2812 nullo
675 2777 749 2811 alio
773 2776 964 2811 hominum
989 2787 1144 2826 genere,
1170 2787 1279 2823 quam
1304 2787 1386 2810 cum
1413 2775 1605 2815 Romanis,
