1924 3164
335 159 447 233 148
784 201 786 207 ,
907 180 1187 223 ExcERPrA

138 287 312 333 -A.C.A48
327 284 469 342 ὥςτιῖί
499 282 739 341 Χρυσαφιῖζ)
767 284 811 331 ἐς
840 281 987 336 λόγους
1014 276 1141 338 ἦλθεν
1170 281 1190 324 ὅ
1218 280 1445 337 βάρβαρος,
1474 274 1607 336 ἔλεγεν
1634 279 1765 338 {pund

129 335 467 426 ,[ὴοὶᾚάὶιὶνεύων,
496 350 551 400 ὥς
574 350 759 402 ἐπαινοίη
789 347 813 388 ὅ
836 347 1014 402 Ἐὸήκων
1039 347 1090 390 τά
1110 349 1303 401 βασίλεια
1330 349 1402 388 καί
1426 345 1496 389 τὸν
1522 345 1637 403 παρά
1665 363 1766 404 σφι-ι

259 406 268 421 ’”
323 430 391 456 σιν
428 414 657 470 μακαρίζοι
693 414 895 455 πλοῦτον.
953 412 979 453 ὅ
1013 414 1059 454 δὲ
1089 411 1345 469 Χρυσάφιος
1388 410 1770 467 ἔφασκενέσεσθαι

230 484 265 518 Ρ.
278 479 405 522 38καί
428 478 556 521 αὔτὸν
596 476 798 519 οἴκωντε
833 480 1127 534 χρυσοστέγων
1165 479 1241 519 καί.
1264 475 1440 518 πλούτου
1472 477 1637 532 κύριον,
1684 476 1767 531 εἴγε

325 544 506 602 περιίδοι
535 545 612 596 μὲν
638 541 689 585 τά
719 541 837 600 παρά
864 541 1064 595 Σκύθαις,
1095 545 1224 585 ἕλοιτο
1255 543 1301 584 δὲ
1331 540 1384 583 τὰ
1402 542 1650 594 -“Ρωμαι’ων.
1692 541 1793 583 τοῦὄ

326 614 373 653 δὲ
402 607 760 665 ἀποκριναμένου,
798 608 854 658 ὥς
880 606 953 650 τὸν
980 605 1120 664 ἑτέρου
1160 606 1358 650 δεσπότου
1396 604 1637 661 θεράποντα
1665 601 1767 649 ἄνευ

324 677 401 717 τοῦ
441 675 587 729 κυρίου
634 672 683 715 οὗ
722 675 847 728 θέμις
881 676 1001 716 τοῦτο
1026 679 1183 726 ποιεῖν,
1202 669 1478 715 ,ἐπυνθάνετο
1504 671 1527 712 ὅ
1556 668 1768 725 εὖνοῦχος,

323 739 406 793 εἴγε
435 737 645 788 ἀκώλυτος
675 740 791 797 αὐτῷ
816 740 841 794 ἦ
872 738 986 794 παρὰ
1015 738 1087 781 τὸν
1122 737 1324 793 Ἀττήλαν
1362 735 1426 792 εἴη
1466 735 1649 788 εἴσοδος,
1698 737 1772 778 καί

327 804 505 857 δύναμιν
543 803 656 859 παρὰ
687 803 876 854 Σκύθαις
911 803 1002 858 ἔχοι
1040 803 1163 846 τινά.
1225 805 1303 845 τοῦ
1341 804 1387 845 δὲ
1415 802 1767 858 ἀποκριναμένου,

909 871 928 880 u

324 870 382 918 ὥς
409 867 481 910 καὶ
506 867 735 924 ἐπιτήδειος
775 868 839 924 εἴη
873 886 928 926 τῳ
968 869 1150 925 Ἀττήλᾳ
1187 868 1261 910 καὶ
1297 867 1374 922 τὴν
1403 865 1539 910 αὐτοῦ’
1567 864 1656 920 ἅμα
1684 871 1823 916 τοῖςιο

324 937 384 984 εἷς
416 936 539 976 τοῦτο
580 931 915 988 ἆποκεκριμένοις
943 933 1112 988 λογάσιν
1149 931 1438 987 ἐμπιστεύεται
1466 930 1672 988 φυλακην,
1704 933 1769 987 (ἐκ

324 1000 525 1053 διαδοχῆς
550 997 630 1054 γάρ
661 998 765 1041 κατὰ
797 998 921 1055 ῥητὰς
959 1000 1123 1054 ἡμέρας
1163 1002 1336 1040 ἕκαστον
1366 999 1506 1040 αὐτῶν
1533 996 1646 1052 ἔλεγε
1674 999 1769 1050 μεθ’

323 1062 462 1106 ὅπλων
490 1062 723 1120 φυλάττειν
740 1062 812 1106 τὸν
835 1060 1088 1121 Ἀττήλαν,>
1136 1061 1317 1120 ἔφασκεν
1345 1062 1369 1104 ὅ
1398 1063 1624 1116 εὐνοῦχος,
1654 1060 1768 1118 εἴπερ

324 1131 483 1179 πίστεις
502 1130 673 1181 ὃέξοιτο,
704 1131 877 1183 μέγιστα
893 1129 1010 1186 αὐτῷ
1029 1132 1139 1184 ἐρεῖν
1160 1126 1324 1183 ἀγαθά·
1355 1129 1523 1169 δεῖσθαι
1537 1129 1584 1170 δὲ
1596 1128 1771 1182 σχολῆς·

322 1193 479 1249 ταύτην
507 1195 554 1235 δὲ
581 1194 696 1252 αὐτῷ’
733 1194 940 1250 ὑπάρχειν
950 1228 963 1248 ,
1010 1193 1093 1248 εἴγε
1121 1196 1218 1249 παρ’
1236 1194 1377 1235 αὐτὸν
1405 1192 1477 1235 ἐπὶ
1503 1194 1670 1235 δεῖπνον
1697 1190 1818 1235 ἔλ-ιό

283 1263 395 1301 Βθοι
429 1258 567 1314 χωρίς
613 1255 809 1315 Ὀρέστου
846 1258 920 1301 καί
952 1262 1036 1301 τῶν
1075 1254 1214 1300 ἄλλων
1251 1260 1612 1314 συμπρεσβευτῶν.
1667 1254 1772 1299 {mo-

323 1323 527 1379 σχόμενος
554 1325 600 1365 δὲ
628 1326 751 1365 τοῦτο
778 1330 934 1378 ποιεῖν,
970 1325 1041 1366 ἒπί
1066 1323 1143 1379 την
1171 1321 1363 1366 ἑστίασιν
1384 1322 1495 1379 κπρὸς
1524 1321 1597 1365 τὸν
1624 1324 1772 1364 advo&-

323 1405 400 1444 χον
436 1386 769 1444 παραγενόμενος
810 1392 885 1431 καί
921 1389 1003 1431 ὖπὸ
1043 1391 1100 1446 τῷ
1129 1390 1281 1447 Βιγίλᾳ
1319 1384 1494 1444 ἑρμηνεῖ
1523 1386 1662 1439 δεξιὰς
1699 1387 1798 1429 καὶκ

325 1452 476 1510 ὅρκους
504 1452 667 1507 ἔδοσαν,
697 1453 719 1495 ὅ
745 1456 824 1508 μὲν
844 1455 1057 1509 εὕνοῦχος,
1087 1454 1145 1503 ιὸς
1173 1455 1248 1495 οὐκ
1276 1455 1347 1495 ἐπὶ
1377 1456 1486 1512 κακῷ
1511 1455 1570 1510 τῷ
1591 1450 1771 1507 Ἐὃὴκω-

324 1537 378 1573 νι,
409 1521 497 1562 ἀλλ’
526 1518 598 1561 ἐπὶ
620 1519 826 1575 μεγίστοις
844 1521 1019 1575 ἀγαθοῖς
1045 1519 1144 1568 τούς
1170 1517 1317 1573 λόγους
1333 1518 1558 1573 ποιήσοιτο,
1587 1517 1610 1560 ὅ
1631 1519 1690 1570 δὲ,
1715 1517 1825 1566 ὦςαο

326 1583 402 1628 οὐκ
429 1587 582 1636 ἐξείποι
608 1584 663 1626 τὰ
693 1586 806 1644 αὐτῷ
835 1583 1131 1643 ῥηθησόμενα,
1170 1586 1209 1626 εἰ
1234 1586 1309 1626 καί
1341 1581 1400 1639 μὴ
1429 1585 1608 1639 πέρατος
1644 1582 1774 1639 κυρή-

420 1697 452 1730 9.
478 1684 583 1729 ἔχειν
604 1685 698 1729 vulg.

328 1763 501 1798 domuum
527 1762 839 1808 magnificentiam.
890 1757 1023 1809 Bigilas
1037 1768 1170 1805 autem,
1189 1762 1413 1809 'simulatque
1436 1761 1610 1795 barbarus
1633 1761 1672 1794 in
1699 1760 1774 1795 col-

328 1811 498 1854 loquium
530 1811 633 1843 venit
673 1820 754 1842 cum
795 1810 1041 1854 Chrysaphio,
1083 1810 1324 1853 interpretans
1366 1809 1511 1850 retulit,
1551 1812 1772 1854 quantopere

327 1856 513 1889 laudasset
535 1856 788 1898 Imperatori-as
821 1855 954 1897 aedes,
988 1862 1025 1890 et
1052 1857 1228 1889 Romanos
1261 1857 1386 1889 beatos
1433 1855 1580 1888 duceret
1623 1859 1773 1899 propter

330 1900 522 1935 affluentes
550 1902 758 1935 divitiarum
785 1903 916 1946 copias.
967 1903 1061 1935 Tum
1089 1903 1248 1936 Edeconi
1276 1901 1515 1946 Chrysaphius
1553 1901 1668 1940 dixit',
1691 1900 1770 1933 fore

332 1959 414 1981 eum
440 1946 648 1982 huiusmodi
680 1948 872 1988 domuum,
909 1959 1002 1994 quae
1026 1950 1143 1982 aureis
1175 1948 1280 1982 tectis
1306 1948 1597 1992 praefulgerent,
1626 1956 1772 1992 compo-

331 2001 405 2028 tem
441 1999 476 2026 et
509 1993 640 2038 opibus
676 1994 964 2035 abundaturum,
1003 1994 1053 2035 si,
1087 1995 1212 2028 relicta
1246 1994 1412 2037 Scythia,
1446 1993 1491 2026 ad
1521 1994 1769 2026 Romanosvse

333 2041 522 2074 conferret.
573 2039 668 2078 „Sed
699 2041 850 2074 alterius
877 2039 1014 2075 domini
1048 2051 1210 2083 servum,
1241 2040 1386 2074 Edecon
1410 2041 1482 2080 ait,
1523 2038 1622 2072 nefas
1647 2044 1701 2072 est
1725 2049 1769 2072 eo

333 2088 449 2121 invito
484 2091 624 2119 tantum
654 2086 792 2120 facinus
818 2088 856 2120 in
882 2098 918 2120 se
944 2087 1169 2120 admittere.“
1219 2086 1404 2132 Quaesivit
1428 2098 1471 2119 ex
1497 2097 1539 2119 eo
1565 2085 1770 2123 eunuchus,

334 2145 380 2166 an
405 2132 520 2165 facilis
547 2132 602 2164 illi
626 2132 672 2164 ad
694 2133 843 2166 Attilam
866 2139 1007 2178 pateret
1030 2134 1167 2174 aditus,
1204 2139 1241 2166 et
1264 2145 1348 2165 num
1373 2143 1442 2177 qua
1466 2137 1645 2176 potestate
1673 2130 1772 2176 apud

336 2179 482 2221 Scythas
519 2183 621 2212 esset.
669 2179 736 2212 Ille
768 2179 839 2212 sibi
863 2179 1166 2213 necessitudinem
1200 2178 1422 2212 intercedere
1445 2190 1524 2212 cum
1549 2178 1681 2218 Attila,
1715 2188 1775 2211 re-

337 2225 504 2269 spondit,
544 2230 580 2258 et
604 2225 783 2258 decretam
806 2225 879 2259 sibi
906 2238 986 2259 cum
1011 2226 1196 2259 nonnullis
1234 2226 1315 2259 aliis
1351 2224 1518 2267 Scythiae
1553 2223 1773 2268 primoribus

338 2273 417 2304 eius
438 2270 647 2304 custodiam.
700 2270 791 2305 Nam
823 2283 888 2317 per
915 2274 1010 2305 vices
1052 2282 1347 2317 unumquemque
1379 2282 1502 2304 eorum
1544 2270 1774 2315 praescriptis

340 2317 469 2351 diebus
512 2328 591 2349 cum
626 2318 732 2350 armis
774 2319 866 2351 circa
901 2319 1048 2352 Attilam
1079 2317 1248 2352 eiicubias
1280 2328 1392 2361 agere.
1444 2318 1536 2350 Tum
1562 2316 1771 2358 eunuchus,

339 2364 371 2396 si
397 2363 467 2396 fide
501 2363 715 2408 interposita
741 2374 779 2396 se
805 2364 1069 2410 obstringeret,
1102 2365 1239 2410 inquit,
1270 2375 1307 2397 se
1331 2364 1568 2396 maximorum
1592 2364 1772 2397 honorum

339 2408 397 2442 illi
434 2412 615 2442 auctorem
645 2411 818 2443 futurum.
868 2411 938 2445 Cui
974 2412 1027 2455 rei
1061 2410 1267 2445 tractandae
1314 2411 1390 2442 otio
1435 2421 1523 2454 opus
1559 2421 1644 2444 esse.
1693 2409 1772 2443 Hoc

338 2466 422 2489 vero
449 2454 518 2487 sibi
543 2454 640 2496 fore,
666 2458 697 2489 si
722 2456 768 2489 ad
791 2468 940 2490 coenam
965 2457 1100 2491 rediret
1134 2458 1211 2490 sinc
1246 2456 1371 2489 Oreste
1415 2460 1452 2489 et
1485 2455 1634 2502 reliquis
1670 2455 1772 2500 lega-

338 2501 452 2535 tionis
479 2501 680 2534 comitibus,
729 2503 921 2537 Facturum
957 2515 994 2537 se
1023 2504 1207 2549 pollicitus
1240 2502 1410 2535 barbarus
1442 2513 1573 2535 coenae
1608 2508 1770 2546 tempore

339 2547 387 2580 ad
413 2546 616 2580 eunuchum
643 2549 768 2592 pergit.
830 2550 924 2583 Tum
956 2561 1030 2593 perf
1055 2550 1202 2594 Bigilam
1247 2550 1480 2593 interpretem
1513 2548 1606 2581 datis
1633 2548 1770 2582 dextris

341 2599 379 2627 et
405 2593 635 2626 iureiurando
659 2596 841 2640 utrimque
865 2599 1057 2640 praestito,
1091 2596 1137 2628 ab
1162 2594 1346 2635 eunucho,
1380 2606 1416 2628 se
1442 2595 1486 2628 de
1510 2596 1640 2636 rebus,
1676 2604 1770 2641 quae

341 2638 502 2674 Edeconi
526 2639 672 2673 minime
698 2639 850 2682 damno,
885 2641 948 2675 sed
972 2640 1106 2675 fructui
1131 2646 1167 2674 et
1196 2641 1382 2674 commodo
1409 2647 1546 2681 essent,
1582 2640 1690 2674 verba
1713 2639 1769 2674 fa-

342 2692 504 2728 cturum,
529 2685 573 2717 ab
597 2685 784 2727 Edecone,
809 2698 869 2729 se,
895 2699 987 2733 quae
1013 2688 1084 2721 sibi
1109 2687 1363 2728 crederentur,
1387 2699 1461 2720 non
1486 2688 1768 2727 mundaturum,

343 2732 487 2766 etiamsi
517 2733 665 2778 exsequi
699 2732 824 2767 nollet.
875 2734 977 2768 Tunc
1003 2733 1185 2768 eunuchus
1217 2733 1375 2768 Edeconi
1408 2733 1523 2776 dixit,
1561 2733 1656 2767 siin
1679 2732 1767 2777 Scy-

996 2809 1021 2828 Α
