1924 3164
568 188 634 227 Ex
672 189 888 228 EUNAPII
928 186 1197 228 HISTORIA.
1518 186 1590 240 79

146 292 237 333 ἐστι’
264 289 390 332 κακὸν
416 289 609 342 ἐξουσία,
628 293 631 295 ’
648 290 723 331 καί
749 284 813 330 ὅτι
850 287 957 344 πρὸς
991 286 1044 330 τὰ
1072 287 1207 331 πάντα
1233 285 1426 342 στεγανόν
1453 303 1496 329 τι
1522 287 1642 330 καίΑ.
1658 295 1694 328 C.
1708 298 1777 343 379

144 355 325 410 μόνιμον
364 354 475 411 πλὴν
502 352 702 410 εὕτυχίας
729 349 969 410 ἅνθρωπος.
1041 354 1091 396 οὖ
1117 352 1199 411 γὰρ
1245 352 1408 410 ἔφθασε
1444 342 1772 426 παρελ--ῙέἰξὲιῖἲιΞ5

146 422 239 464 θῶν
279 420 352 464 ἐπὶ
385 420 460 477 τὴν
493 420 655 478 ἀρχὴν,
704 419 778 462 καὶ
813 419 1003 477 καθάπερ
1039 418 1257 476 μειράκιον
1289 418 1772 473 μελλόπλουτονΤὴευΔλμ

147 485 305 543 πατρὸς
346 487 419 530 ἐπὶ
440 484 580 545 χρόνῳ
607 485 742 528 πολλοὶ
767 486 967 542 χρήματα
995 483 1294 543 σεσωρευκότος
1332 484 1403 528 διὰ
1434 502 1599 544 σωφρο·

124 552 282 608 5σύνην
310 552 384 594 καί
409 550 565 609 φειδώ,
617 548 786 608 ἀθρόως
824 552 1053 607 κυριεῦσαν
1077 554 1160 594 τῶν
1201 550 1455 608 πραγμάτων
1490 569 1599 610 σφο-

149 617 252 675 δρόν
278 635 373 661 τινα
399 620 473 661 καί
497 624 690 661 παντοῖον
717 613 890 674 ὄλεθρον
918 616 1021 660 κατὰ
1049 620 1135 660 τῶν
1161 616 1415 673 εὑρεθέντων
1450 619 1599 677 μαίνε-

146 702 244 738 ται,
293 682 402 728 οὕτω
435 682 628 727 καὶτότε
659 679 712 740 ἦν
741 684 905 739 δρῶντα
932 685 1171 727 ἐπισκοπεῖν
1200 682 1340 740 ὥσπερ
1370 685 1416 726 ἐκ
1443 701 1598 741 περιω-

146 752 253 805 πῆς,
300 749 371 792 τόν
407 767 454 805 γε
492 748 689 807 ἔμφρονα
709 784 722 804 ,
761 752 922 806 μηδένα
948 747 1121 806 τρόπον·
1141 748 1426 804 ’ἆμελούμενον
1452 749 1599 802 κακίας

145 815 219 859 καί
245 817 472 865 ἀκολασίας
508 818 553 865 ἐς
581 815 660 872 τήν
687 816 828 871 κοινήν
854 818 938 859 τῶν
965 815 1222 873 πραγμάτων
1250 815 1506 874 διαφθοράν.

90 892 142 921 10
248 881 430 938 Ἀπορία
456 880 538 938 γὰρ
567 880 673 938 πρὸς
701 880 910 938 εἰσφορὰς
934 882 1166 924 ἀκίνδυνον.
1602 884 1640 917 R·
1656 885 1723 930 274

252 945 332 1002 μγ’.
379 943 473 990 ‘'On
503 945 543 990 οἱ
571 950 847 990 Νικοπολῖταο
870 950 952 990 τῶν
980 944 1118 990 ἄλλων
1149 948 1326 1006 Θρᾳκῶν
1370 951 1594 1004 κατεγέλα-
1604 941 1776 1026 {inf-833⁰

142 1030 247 1068 σαν,
298 1015 344 1057 oz*
384 1015 443 1071 τῷ
472 1010 591 1070 φόβῳ
619 1014 692 1069 τῆς
717 1013 937 1067 βασιλείας
959 1012 1012 1056 τὰ
1042 1011 1159 1055 δεινά
1188 1012 1396 1068 ἔπασχον,
1437 1012 1485 1056 τὸ
1512 1030 1791 1071 μεννῃιεοιῃἃ

142 1082 362 1136 βοηθῆσον
386 1079 456 1121 ἀεὶ
481 1082 539 1121 δι’
566 1081 734 1129 ἐλπίδος
758 1083 910 1135 λεπτῆς
938 1078 1187 1133 εἰκάζοντες,
1232 1079 1281 1122 τὸ
1310 1082 1357 1123 δὲ
1385 1082 1470 1123 τῶν
1508 1096 1598 1123 κιν-

145 1146 283 1189 δύνων
323 1145 539 1201 ἐνεστηκὸς
573 1146 697 1204 πείρᾳ
737 1147 812 1187 καί
838 1138 939 1200 ὄψει
970 1144 1043 1188 διὰ
1070 1148 1282 1199 μαλακίαν
1309 1143 1597 1199 ὑπομένοντες.

91 1205 241 1259 ι5οἷῖτε
283 1213 384 1266 γοῦν
413 1210 537 1253 αὐτοὶ
562 1208 756 1268 φρουράν
785 1227 881 1254 τινα
925 1209 1230 1268 στρατιωτικὴν
1259 1209 1594 1267 πεμφθήσεσθαι

140 1275 478 1333 προσεδόκησαν,
533 1276 634 1317 οὐδὲ
662 1277 707 1317 ἐν
736 1273 895 1331 ἑτέροις
922 1275 1068 1318 ἔθεντο
1097 1274 1173 1331 τήν
1199 1278 1436 1331 σωτηρίαν,
1484 1273 1592 1318 ἀλλὰ

139 1345 223 1385 τῶν
248 1344 309 1398 μή
339 1343 579 1395 δυναμένων
603 1338 771 1391 ἑαυτοῖς
798 1339 977 1396 ἀμύνειν
1003 1340 1386 1399 περιφρονήσαντες
1412 1343 1457 1392 ἐς
1473 1343 1592 1384 ἐλευ-

139 1409 291 1465 θερίαν
323 1409 583 1451 ὲπικίνδυνον
612 1408 863 1463 ἀπέστησαν.
968 1454 971 1458 x

250 1473 337 1530 μδ’.
384 1471 476 1517 Ὅτι
503 1475 578 1516 ἐπὶ
605 1475 836 1517 Θεοδοσίου
869 1473 910 1517 οἳ
935 1474 1148 1533 βάρβαροι
1175 1473 1252 1531 τὴν
1279 1473 1452 1531 Θρᾴκην
1493 1473 1593 1532 ἐδῄ-

83 1555 254 1586 αοωσαν
281 1538 385 1582 κατά
414 1537 580 1596 μικρόν.

245 1604 323 1660 με’.
394 1607 589 1648 Τοιοῦτον
617 1607 665 1649 δέ
701 1623 744 1649 τι
770 1602 986 1662 ἱστόρηται
1024 1608 1222 1661 γενέσθαι
1260 1604 1366 1648 κατὰ
1394 1604 1469 1661 τήν
1492 1607 1580 1649 Νέ-
1593 1610 1680 1646 Cod.
1698 1622 1759 1656 127

137 1688 271 1730 ρωνος
308 1675 553 1728 βασιλείαν,
606 1671 714 1715 α’λλιὶ
756 1674 856 1730 περὶ
896 1671 998 1725 μίαν
1043 1670 1179 1716 πόλιν.
1246 1671 1356 1730 φασὶ
1377 1671 1460 1729 γὰρ
1487 1689 1590 1730 τρα-

230 1776 277 1855 ἲὲὲ
302 1773 590 1854 μάελλόπλουτον
615 1776 679 1818 B.‚
727 1774 800 1822 μὲν
834 1775 1006 1811 πλοῦτον
1039 1773 1095 1809 ed.
1260 1786 1313 1813 ιι.
1346 1774 1386 1807 οἱ
1410 1785 1498 1808 corr.
1517 1774 1585 1816 N„

301 1831 320 1854 e
347 1845 357 1852 .

137 1911 271 1945 veteris
295 1911 395 1944 effati
417 1911 608 1943 veritatem
634 1909 918 1952 demonstravit,
942 1911 1077 1943 malum
1101 1910 1243 1944 scilicet
1265 1912 1391 1955 ingens
1415 1921 1493 1945 esse
1516 1923 1584 1956 po-

135 1962 327 1997 testatem,
361 1962 470 2001 atque
499 1956 683 1990 hominem
715 1957 877 2001 quamvis
912 1956 959 1989 ad
983 1961 1102 1990 cetera
1126 1958 1268 1989 firmum
1291 1963 1400 2003 atque
1426 1957 1585 1991 obdura-

136 2010 213 2037 tum
253 2003 422 2037 felicitati
458 2008 582 2036 tamen
606 2014 680 2036 non
711 2014 816 2046 posse
842 2004 1019 2036 resistere.
1067 2002 1159 2036 Nam
1181 2003 1296 2036 veluti
1329 2003 1583 2038 adolescentu-

135 2050 193 2084 lus
218 2050 440 2085 luculentam
467 2051 579 2094 patris
617 2048 858 2083 hereditatem
894 2049 1067 2083 diuturna
1097 2049 1307 2094 frugalitate
1334 2051 1581 2095 parsimonia-

136 2108 209 2142 que
232 2103 370 2141 partam
392 2103 542 2141 repente
567 2095 719 2141 adeptus
734 2121 744 2136 ‚
777 2095 986 2129 vehementi
1017 2095 1174 2142 quodam
1201 2096 1412 2140 furiosoque
1436 2097 1576 2143 impetu

135 2143 182 2176 ad
205 2143 466 2189 prodigendam
489 2155 564 2177 rem
587 2143 771 2177 inventam
795 2143 955 2188 rapitur3
994 2142 1046 2175 sic
1069 2148 1147 2176 tum
1178 2142 1314 2176 licebat
1337 2143 1484 2178 cordato
1507 2144 1578 2178 ho-

134 2191 227 2223 mini
251 2196 432 2236 tamquam
456 2202 476 2224 e
500 2190 646 2235 specula
670 2190 860 2223 observare
885 2188 1132 2222 Theodosium
1154 2189 1200 2223 ad
1224 2199 1411 2224 commune
1440 2191 1494 2225 rei
1507 2202 1580 2236 pu-

135 2235 254 2270 blicae
279 2238 431 2271 exitium
456 2237 554 2270 omni
581 2235 816 2281 improbitate
835 2236 1188 2283 intemperantiaque
1206 2241 1381 2270 ruentem.

227 2284 372 2329 Egestas
397 2283 565 2318 adversus
590 2285 807 2328 imperatum
832 2282 1010 2316 tributum
1034 2288 1114 2316 tuta
1138 2287 1201 2317 est.
1238 2314 1244 2318 ,

228 2330 286 2374 43.
333 2330 580 2376 Nicopolitani
605 2330 763 2375 Thracas
792 2336 928 2363 ceteros
953 2327 1177 2371 irridebant,
1200 2328 1265 2376 qui
1289 2327 1336 2362 ob
1362 2329 1483 2374 regiae
1505 2342 1575 2376 po-

134 2378 276 2411 testatis
307 2383 443 2411 metum
470 2378 562 2410 male
588 2387 626 2410 se
650 2377 800 2410 mulcari
833 2377 992 2421 perpessi
1018 2376 1181 2418 fuerant,
1217 2376 1303 2410 dum
1327 2378 1575 2421 suppetiarum

134 2423 301 2469 exiguam
326 2435 426 2469 spem
449 2424 586 2464 fovent,
609 2425 815 2470 ingruentia
845 2434 929 2456 vero
955 2421 1156 2456 infortunia
1172 2428 1321 2468 propter
1343 2434 1443 2456 suam
1467 2424 1573 2468 igna-

133 2470 232 2504 viam
265 2476 430 2515 spectant
459 2481 571 2517 reque
602 2470 680 2515 ipsa
716 2470 960 2515 experiuntur.
1009 2469 1122 2514 Igitur
1154 2482 1222 2504 nec
1251 2469 1329 2514 ipsi·
1348 2470 1571 2514 praesidium

134 2516 288 2563 aliquod
317 2518 473 2551 militare
496 2517 715 2551 mittendum
742 2517 814 2551 sibi
851 2516 1127 2561 exspectabant,
1162 2528 1283 2564 neque
1306 2517 1345 2549 in
1368 2517 1449 2550 aliis
1474 2518 1570 2551 fidu-

134 2563 225 2596 ciam
251 2563 375 2597 salutis
401 2564 648 2604 collocabant,
693 2569 802 2610 atque
826 2565 878 2597 ita
901 2562 958 2596 his
982 2563 1155 2609 neglectis
1170 2590 1180 2605 ,
1217 2575 1311 2643 qpae
1334 2562 1408 2597 sibi
1435 2565 1570 2599 tutelae

135 2619 212 2643 esse
234 2615 427 2655 poterant,
450 2611 491 2645 in
513 2611 852 2656 periculosissimam
876 2610 1080 2644 libertatem
1102 2611 1223 2645 incide
1253 2615 1325 2644 ant.

226 2656 281 2701 44.
328 2655 404 2690 Sub
429 2657 635 2693 Theodosio
668 2658 811 2691 barbari
834 2657 1010 2701 paulatim
1037 2657 1230 2692 Thraciam
1252 2656 1453 2691 vastabant.

227 2703 282 2746 45.
332 2703 458 2737 Simile
495 2704 668 2749 quiddam
701 2703 896 2748 contigisse
935 2704 1051 2738 fertur
1083 2705 1226 2739 Nerone
1257 2704 1480 2749 imperante,
1507 2703 1577 2738 sed‘

135 2754 257 2784 tamen
280 2751 320 2784 in
343 2750 433 2784 urbe
458 2760 541 2786 una.
590 2751 704 2789 Aiunt
733 2752 831 2786 enim
861 2751 1072 2797 tragoedum
1100 2751 1293 2799 quemdam
1325 2749 1488 2785 Neronis.
1504 2760 1568 2784 ae—
