1924 3164
585 179 616 219 E
658 177 828 221 musci
868 173 1137 218 ms'romA.
1482 151 1581 221 ¹4¹

141 261 307 338 ἔφασαν
333 280 466 323 πάντα
491 279 678 336 ποιήσειν
704 279 756 322 τὰ
784 277 952 333 ἀγαθὰ,
1003 279 1042 320 εἰ
1067 275 1142 333 τὴν
1170 272 1300 317 αὖτοῧ
1327 267 1422 329 ἄγοι
1449 275 1494 322 ἐς
1519 271 1586 329 ἕρ-
1598 271 1688 307 A·C·
1705 271 1775 316 44²

143 362 216 402 γον
241 344 490 401 ὖπόσχεσιν.
545 334 694 397 δεξιῶν
715 361 759 387 τε
786 347 858 386 καί
884 340 1019 400 ὅρκων
1047 343 1119 384 ἐπὶ
1143 346 1231 390 τοῖς
1257 341 1489 395 εἰρημένοις
1515 340 1583 380 δο-
1597 318 1784 401 rlflssoffiffi

143 415 324 465 θέντων,
371 410 478 465 μετὰ
505 411 764 467 βαρβαρικῆς
789 410 1079 464 πολυπληθίας
1106 409 1151 457 ἐς
1176 405 1250 462 τήν
1280 403 1520 460 Ῥωμαϊκὴν
1544 407 1588 446 ἑ·-

141 477 306 520 πάνεισι
332 479 419 533 γῆν,
447 478 520 519 καί
543 474 700 532 ταύτην
740 477 992 531 προλοχίσας
1027 471 1197 530 ἀντικρύ
1230 473 1306 527 τῆς
1328 465 1470 526 ὄχθης
1513 486 1590 512 νυ-

118 540 240 592 5κτὸς
268 543 529 598 διανίστησιν
561 542 607 584 ἐκ
638 538 1008 596 συνθήματος,καί
1026 537 1110 581 ὑπὸ
1140 543 1224 588 τοῖς
1251 533 1485 584 ἀντιπάλοις
1510 534 1590 590 τήν

142 608 265 651 πόλιν
292 613 424 654 ποιεῖ’.
480 609 712 665 δῃωθείσης
739 607 786 648 δὲ
817 609 891 661 τῆς
918 603 1103 662 Μάργου
1141 604 1212 648 τὸν
1249 600 1401 659 τρόπον
1427 600 1587 645 τοῦτον,

143 677 217 718 ἒπί
240 676 383 729 μεῖζον
410 670 576 729 ηὐξήθη
606 672 659 715 τοὶ
686 674 771 732 τῶν
798 669 1028 728 βαρβάρων
1054 671 1295 728 πράγματα.
1409 716 1416 730 -.

248 740 302 793 β’.
346 735 438 783 Ὅτι
465 737 537 781 ἐπὶ
565 739 793 782 Θεοδοσίου
820 740 898 780 τοῦ
931 739 1085 795 μικροῦ
1132 737 1355 796 βασιλέως
1376 730 1592 790 ’«Ἆττήλας

142 807 166 849 ὅ
193 807 277 849 τῶν
300 799 466 848 Οὕννων
492 802 693 860 βασιλεύς
717 803 791 847 τὸν
817 804 967 846 οἰκεῖον
994 801 1173 860 στρατὸν
1200 801 1370 862 ἀγείρας
1391 799 1626 856 γράμμα-Β

96 882 197 915 lova
224 873 382 926 πέμπει
412 869 532 927 παρὰ
559 869 630 914 τὸν
656 871 834 925 βασιλέα
875 870 957 912 τῶν
983 885 1028 911 τε
1068 866 1273 926 φυγάδων
1294 868 1373 909 καί
1398 867 1481 908 τῶν
1498 863 1590 921 ’φό-

143 954 230 995 ρων
255 939 379 994 πέρι,
426 931 517 979 ὅσοι
554 933 770 992 προφάσει
807 936 931 978 τοῦδε
961 935 1039 976 τοῦ
1068 933 1251 986 πολέμου
1280 933 1355 983 οτῖκ
1382 932 1588 982 ἐδέδοντο,

141 1002 217 1059 τήν
257 1004 458 1058 ταχίστην
496 1000 537 1044 οἷ
579 1002 867 1055 ἐκπέμπεσθαι
904 996 1317 1054 παρακελευόμενος·
1355 995 1599 1047 συντάξεως
1632 1008 1634 1010 ’

144 1067 197 1124 δὴ
228 1070 347 1110 ἕνεκα
368 1069 389 1092 *
406 1069 625 1120 μέλλοντος
645 1067 783 1123 φόρου
811 1070 912 1122 παρ’
939 1064 1072 1108 αὐτὸν
1097 1068 1293 1122 πρέσβεις
1318 1062 1419 1112 τούς
1450 1064 1589 1104 διαλε-

122 1135 344 1187 -ξομένους
372 1128 654 1189 ἀφικνεῖσθαι,
685 1132 754 1185 ὥς,
784 1134 824 1174 εἰ
847 1126 1099 1187 μελλήσειαν
1131 1126 1160 1185 ἢ
1187 1128 1295 1185 πρὸς
1311 1126 1493 1182 πόλεμον
1515 1126 1588 1182 ὃρ-

95 1196 346 1255 15μήσειαν,
384 1194 482 1240 οὐδὲ
510 1195 643 1239 αὐτὸν
669 1195 730 1239 ἔτι
756 1198 955 1239 ἐθέλοντα
981 1195 1026 1238 τὸ
1055 1194 1264 1238 Σκυθικὸν
1292 1197 1455 1250 ἐφέξειν
1480 1194 1587 1247 πλῆ-

144 1267 246 1313 θος.
299 1265 433 1306 ταῦτα
462 1260 704 1317 ἀναγνόντες
730 1260 770 1304 οἱ
801 1259 918 1318 οἷμφί
942 1259 996 1303 τὰ
1025 1263 1223 1315 βασίλεια
1260 1260 1459 1313 οὐδαμῶς
1485 1257 1586 1307 τούς

143 1328 260 1386 παρὰ
292 1330 404 1386 σφᾶς
433 1326 748 1384 καταφυγόντας
775 1325 970 1370 ἐκδώσειν
997 1325 1189 1384 ἔφασαν,
1237 1323 1345 1368 ἄλλα
1375 1323 1454 1367 συν
1481 1323 1588 1367 ἐκεί,

143 1411 231 1446 νοις
258 1394 331 1438 τόν
358 1393 540 1449 πόλεμον
565 1391 905 1450 ὑποστήσεσθαι,
949 1393 1135 1447 πέμψειν
1171 1394 1220 1435 δὲ
1261 1393 1457 1447 πρέσβεις
1490 1388 1588 1440 τούς

97 1472 100 1475 ’
144 1461 199 1505 τὰ
240 1461 426 1518 διάφορα
467 1460 691 1509 λύσοντας.
758 1459 816 1509 (ὅς
856 1461 904 1502 δὲ
943 1461 1003 1518 τῷ
1046 1457 1230 1517 Ἀττὴλᾳ
1268 1457 1340 1508 ’τὰλ
1359 1458 1587 1511 δεδογμένα

93 1529 373 1582 20“Ρωμαίοις
393 1527 624 1583 ἠγγέλλετο,
651 1527 696 1568 ἓν
719 1525 824 1583 ὅργῇ
844 1524 891 1567 τό
916 1527 1091 1581 πρᾶγμα
1115 1522 1360 1578 ποιούμενος
1375 1522 1450 1578 τήν
1472 1523 1619 1566 ‘Ru-c

144 1593 301 1650 μαϊκῆν
332 1591 456 1651 ἐδῄου
484 1595 576 1648 γῆν,
606 1591 679 1634 καὶ
713 1590 902 1649 φρούριά
939 1607 1031 1634 τινα
1069 1587 1337 1646 καθελώντῇ
1356 1589 1587 1648 ζΡατιαρίᾳ

144 1661 405 1716 προσέβαλλε
432 1658 603 1715 μεγίστῃ
633 1656 709 1699 καί
733 1658 1065 1716 πολυανθρώπῳ.
1467 1663 1470 1665 ’

237 1740 271 1774 3.
296 1738 473 1779 ἔπανίησι
495 1737 588 1783 vulg.
672 1739 722 1773 ι3.
748 1735 1035 1782 διαλεξαμένους
1056 1738 1151 1782 vulg.
1238 1736 1291 1782 ¹4·
1312 1736 1542 1782 μελλήσειαν
1567 1734 1590 1779 ἢ

237 1785 277 1818 Β.
293 1810 302 1826 ,
325 1783 544 1830 μελλήσειεν
567 1784 663 1828 vulg.
813 1785 815 1787 ’
1512 1808 1515 1810 ,

149 1848 290 1881 ratione
326 1857 364 1879 se
397 1855 612 1891 repensuros
650 1847 924 1890 promitterent,
953 1847 983 1879 si
1013 1857 1087 1879 rem
1110 1845 1155 1879 ad
1193 1847 1329 1879 exitum
1352 1846 1591 1890 perduceret,-

148 1895 243 1928 datis
268 1892 403 1926 dextris
439 1897 475 1925 et
519 1891 626 1924 dictis
660 1891 895 1925 iureiurando
930 1892 1100 1937 utrinque
1132 1892 1307 1935 praestito
1331 1892 1500 1932 firmatis,
1526 1890 1590 1923 ille

148 1952 231 1975 cum
255 1950 383 1984 magna
407 1938 641 1971 barbarorum
665 1938 902 1971 multitudine
938 1938 976 1970 in
1004 1938 1092 1970 fines
1128 1939 1366 1971 Romanorum
1393 1943 1447 1970 est
1469 1947 1590 1970 rever-

148 1999 220 2022 sus.
266 1988 354 2020 Eam
376 1985 648 2018 multitudinem
673 1995 753 2016 cum
778 1995 824 2017 ex·
846 1984 993 2016 adverso
1034 1983 1134 2028 ripae
1169 1984 1208 2016 in
1245 1983 1388 2017 insidiis
1416 1984 1592 2016 collocas-

149 2040 225 2074 set,
247 2036 354 2067 nocte
378 2031 462 2064 dato
485 2032 585 2075 signo
611 2030 766 2071 exsiliit,
793 2036 830 2063 et
852 2028 979 2062 urbem
1004 2029 1043 2062 in
1066 2041 1193 2063 manus
1225 2029 1385 2063 hostium
1417 2029 1588 2062 traduxit.

148 2081 196 2114 Et
217 2080 262 2113 ab
296 2090 339 2113 eo
365 2085 539 2124 tempore*
566 2076 801 2111 barbarorum
841 2087 898 2110 res
924 2076 964 2109 in
996 2074 1094 2109 diem
1130 2077 1309 2112 auctiores
1349 2077 1590 2122 melioresque

149 2126 308 2161 fuerunt.
345 2153 357 2161 .
1063 2147 1068 2152 -

240 2184 271 2207 2.
321 2171 396 2206 Sub
426 2170 634 2205 Theodosio
675 2170 821 2203 Iuniore
853 2169 1084 2213 Imperatore
1119 2168 1251 2204 Attilas
1277 2169 1490 2203 Hunnorum
1526 2181 1590 2203 rex

150 2219 329 2253 delectum
355 2229 399 2252 ex
422 2217 495 2251 suis
509 2217 658 2257 habuit,
683 2221 720 2250 et
742 2216 882 2250 litteras
905 2216 950 2250 ad
963 2216 1220 2260 Imperatorem
1236 2216 1380 2261 scripsit
1402 2216 1447 2250 de
1470 2222 1590 2250 trans-

150 2267 244 2310 fugis
265 2269 303 2299 et
328 2264 373 2298 de
397 2265 544 2298 tributis
559 2289 568 2304 ,
591 2269 653 2303 ut,
693 2273 942 2308 quaecumque
976 2262 1161 2295 occasione
1185 2262 1295 2296 huius
1322 2262 1412 2296 belli
1446 2263 1589 2297 reddita

127 2326 130 2337 ›
150 2324 226 2346 non
248 2317 385 2351 essent,
410 2321 518 2356 quam
549 2310 719 2344 citissime
755 2309 801 2342 ad
825 2318 862 2342 se
884 2309 1135 2350 mitterentur,
1159 2307 1203 2342 de
1232 2308 1378 2343 tributis
1401 2315 1524 2344 autem
1547 2310 1588 2343 in

150 2363 335 2403 posterum
367 2357 569 2404 pendendis
607 2355 717 2401 legati
749 2366 869 2389 secum
914 2356 1028 2388 acturi
1062 2354 1108 2388 ad
1143 2366 1182 2389 se
1211 2357 1396 2390 venirent:
1433 2368 1514 2390 nam
1555 2357 1587 2389 si

152 2409 403 2439 cunctarentur
433 2410 496 2438 aut
531 2403 667 2437 bellum
690 2407 874 2447 pararent,
902 2413 948 2436 ne
982 2413 1020 2436 se
1042 2402 1171 2446 ipsum,
1197 2402 1346 2448 quidem
1375 2403 1588 2447 Scytharum

152 2451 423 2489 multitudinem
459 2450 596 2484 diutius
631 2454 895 2485 contentarum,
951 2448 1016 2482 His
1049 2448 1180 2482 litteris
1222 2450 1347 2491 lectis,
1384 2450 1587 2494 Imperator

152 2509 377 2543 nequaquam
404 2496 571 2541 Scythas,
596 2497 660 2542 qui
687 2496 733 2529 ad
764 2508 802 2530 se
829 2495 1090 2540 confugissent,
1131 2496 1347 2531 traditurum
1378 2495 1484 2537 dixit,
1522 2495 1588 2530 sed

91 2585 103 2591 μ
153 2556 227 2578 una
252 2555 331 2578 cum
356 2544 431 2578 illis
455 2546 494 2579 in
517 2543 638 2577 animo
663 2543 735 2577 sibi
765 2554 864 2583 esse,
895 2541 1001 2575 belli>
1020 2547 1186 2576 eventum
1211 2549 1427 2588 exspectare.
1477 2543 1588 2576 cete--

81 2593 83 2595 ’
154 2602 234 2625 rum
260 2602 298 2624 se
330 2591 466 2636 legatos
502 2591 713 2630 missurum,
744 2590 808 2634 qui
840 2589 1098 2622 controversias
1128 2589 1352 2628 dirimerent,
1405 2589 1455 2623 Ea
1479 2588 1587 2623 sicuti

153 2638 306 2672 Romani
329 2637 578 2678 decreverant,
600 2636 664 2670 ubi
688 2637 817 2670 Attilas
841 2635 1007 2677 rescivit,
1031 2636 1084 2669 ira
1115 2642 1310 2671 commotus
1345 2638 1586 2670 Romanorum

155 2685 243 2718 fines
288 2686 460 2725 vastavit,
496 2689 533 2718 et
563 2684 717 2717 castellis
753 2681 966 2728 quibusdam
1001 2681 1152 2724 dirutis,
1177 2684 1216 2717 in
1241 2684 1433 2718 Ratiariam
1459 2681 1583 2717 urbem

153 2741 317 2777 magnam
352 2735 387 2764 et
411 2731 540 2777 populi
564 2729 797 2766 multitudine
822 2728 1065 2765 abundantem
1103 2730 1340 2777 irruptionem
1364 2729 1461 2769 fecit.
