<?xml version="1.0" encoding="UTF-8"?>
<!DOCTYPE html PUBLIC "-//W3C//DTD XHTML 1.0 Transitional//EN"
    "http://www.w3.org/TR/xhtml1/DTD/xhtml1-transitional.dtd">
<html xmlns="http://www.w3.org/1999/xhtml" xml:lang="en" lang="en">
 <head>
  <title>
</title>
<meta http-equiv="Content-Type" content="text/html;charset=utf-8" />
  <meta name='ocr-system' content='tesseract 3.04.00' />
  <meta name='ocr-capabilities' content='ocr_page ocr_carea ocr_par ocr_line ocrx_word'/>
</head>
<body>
  <div class='ocr_page' id='page_1' title='image "./corpusscriptorum10niebuoft_0374.png"; bbox 0 0 1924 3164; ppageno 0'>
   <div class='ocr_carea' id='block_1_1' title="bbox 333 166 1177 245">
    <p class='ocr_par' dir='ltr' id='par_1_1' title="bbox 333 166 1177 245">
     <span class='ocr_line' id='line_1_1' title="bbox 333 166 1177 245; baseline 0.001 -18"><span class='ocrx_word' id='word_1_1' title='bbox 333 166 443 245; x_wconf 79' lang='lat'>320</span> <span class='ocrx_word' id='word_1_2' title='bbox 899 184 1177 228; x_wconf 71' lang='lat' dir='ltr'><strong>EXCERPTA</strong></span> 
     </span>
    </p>
   </div>
   <div class='ocr_carea' id='block_1_2' title="bbox 142 285 1762 343">
    <p class='ocr_par' dir='ltr' id='par_1_2' title="bbox 142 285 1762 343">
     <span class='ocr_line' id='line_1_2' title="bbox 142 285 1762 343; baseline 0.001 -14"><span class='ocrx_word' id='word_1_3' title='bbox 142 293 312 339; x_wconf 74' lang='lat' dir='ltr'>A.c.576</span> <span class='ocrx_word' id='word_1_4' title='bbox 326 292 402 335; x_wconf 77' lang='grc' dir='ltr'>τοῦ</span> <span class='ocrx_word' id='word_1_5' title='bbox 444 287 541 333; x_wconf 81' lang='grc' dir='ltr'><em>ὅποι</em></span> <span class='ocrx_word' id='word_1_6' title='bbox 581 290 686 333; x_wconf 72' lang='grc' dir='ltr'><em>δέον·</em></span> <span class='ocrx_word' id='word_1_7' title='bbox 710 286 972 342; x_wconf 80' lang='grc' dir='ltr'><em>ποιήσασθαι</em></span> <span class='ocrx_word' id='word_1_8' title='bbox 1006 285 1084 342; x_wconf 78' lang='grc' dir='ltr'><em>τήν</em></span> <span class='ocrx_word' id='word_1_9' title='bbox 1120 288 1379 339; x_wconf 71' lang='grc' dir='ltr'><em>ξυνέλευσιν.</em></span> <span class='ocrx_word' id='word_1_10' title='bbox 1438 286 1646 342; x_wconf 70' lang='grc' dir='ltr'><em>Ῥωμαῖοι</em></span> <span class='ocrx_word' id='word_1_11' title='bbox 1682 289 1762 343; x_wconf 74' lang='grc' dir='ltr'>μὲν</span> 
     </span>
    </p>
   </div>
   <div class='ocr_carea' id='block_1_3' title="bbox 134 340 324 423">
    <p class='ocr_par' dir='ltr' id='par_1_3' title="bbox 134 340 324 423">
     <span class='ocr_line' id='line_1_3' title="bbox 204 340 315 385; baseline -0.009 -11"><span class='ocrx_word' id='word_1_12' title='bbox 204 340 281 374; x_wconf 86' lang='lat' dir='ltr'>Ind.</span> <span class='ocrx_word' id='word_1_13' title='bbox 291 352 315 385; x_wconf 84' lang='lat'>9</span> 
     </span>
     <span class='ocr_line' id='line_1_4' title="bbox 134 389 324 423; baseline -0.011 0"><span class='ocrx_word' id='word_1_14' title='bbox 134 389 267 423; x_wconf 71' lang='lat' dir='ltr'>Iuntini</span> <span class='ocrx_word' id='word_1_15' title='bbox 285 400 324 422; x_wconf 68' lang='grc' dir='ltr'>ια</span> 
     </span>
    </p>
   </div>
   <div class='ocr_carea' id='block_1_4' title="bbox 283 349 1822 1835">
    <p class='ocr_par' dir='ltr' id='par_1_4' title="bbox 283 349 1819 1394">
     <span class='ocr_line' id='line_1_5' title="bbox 325 349 1762 413; baseline -0.003 -14"><span class='ocrx_word' id='word_1_16' title='bbox 325 355 407 413; x_wconf 76' lang='grc' dir='ltr'>γὰρ</span> <span class='ocrx_word' id='word_1_17' title='bbox 442 355 583 412; x_wconf 79' lang='grc' dir='ltr'><strong><em>ἠξίουν</em></strong></span> <span class='ocrx_word' id='word_1_18' title='bbox 619 356 664 396; x_wconf 82' lang='grc' dir='ltr'>ἐν</span> <span class='ocrx_word' id='word_1_19' title='bbox 690 359 776 403; x_wconf 82' lang='grc' dir='ltr'><em>τοῖς</em></span> <span class='ocrx_word' id='word_1_20' title='bbox 813 354 1003 395; x_wconf 77' lang='grc' dir='ltr'><em>τελοῦσιν</em></span> <span class='ocrx_word' id='word_1_21' title='bbox 1029 354 1100 396; x_wconf 73' lang='grc' dir='ltr'>ἐπὶ</span> <span class='ocrx_word' id='word_1_22' title='bbox 1139 350 1184 396; x_wconf 82' lang='grc' dir='ltr'><em>τὸ</em></span> <span class='ocrx_word' id='word_1_23' title='bbox 1210 353 1356 409; x_wconf 86' lang='grc' dir='ltr'><em>Λάρας</em></span> <span class='ocrx_word' id='word_1_24' title='bbox 1379 354 1580 409; x_wconf 80' lang='grc' dir='ltr'><strong><em>χωρίοις,</em></strong></span> <span class='ocrx_word' id='word_1_25' title='bbox 1610 349 1679 396; x_wconf 85' lang='grc' dir='ltr'><em>οἷα</em></span> <span class='ocrx_word' id='word_1_26' title='bbox 1708 350 1762 408; x_wconf 74' lang='grc' dir='ltr'><em>δὴ</em></span> 
     </span>
     <span class='ocr_line' id='line_1_6' title="bbox 288 416 1764 475; baseline -0.003 -10"><span class='ocrx_word' id='word_1_27' title='bbox 288 423 495 471; x_wconf 77' lang='grc' dir='ltr'><em>Οοίκείοις</em></span> <span class='ocrx_word' id='word_1_28' title='bbox 533 422 792 472; x_wconf 73' lang='grc' dir='ltr'><em>καθεστῶσι,</em></span> <span class='ocrx_word' id='word_1_29' title='bbox 831 421 1144 474; x_wconf 80' lang='grc' dir='ltr'><em>ξυγκροτεῖσθαι</em></span> <span class='ocrx_word' id='word_1_30' title='bbox 1177 417 1252 473; x_wconf 86' lang='grc' dir='ltr'>τὴν</span> <span class='ocrx_word' id='word_1_31' title='bbox 1289 419 1532 474; x_wconf 77' lang='grc' dir='ltr'><em>ἐκκλησίαν·</em></span> <span class='ocrx_word' id='word_1_32' title='bbox 1585 416 1690 475; x_wconf 77' lang='grc' dir='ltr'><em>ἀτὰρ</em></span> <span class='ocrx_word' id='word_1_33' title='bbox 1723 416 1764 460; x_wconf 80' lang='grc' dir='ltr'><em>οἶ</em></span> 
     </span>
     <span class='ocr_line' id='line_1_7' title="bbox 327 474 1763 544; baseline -0.004 -14"><span class='ocrx_word' id='word_1_34' title='bbox 327 490 501 544; x_wconf 83' lang='grc' dir='ltr'><em>Πέρσαι</em></span> <span class='ocrx_word' id='word_1_35' title='bbox 540 484 746 542; x_wconf 82' lang='grc' dir='ltr'><em>ἔφασκον,</em></span> <span class='ocrx_word' id='word_1_36' title='bbox 784 482 878 526; x_wconf 83' lang='grc' dir='ltr'><em>ε’πεί</em></span> <span class='ocrx_word' id='word_1_37' title='bbox 902 481 928 539; x_wconf 82' lang='grc' dir='ltr'><em>ἦ</em></span> <span class='ocrx_word' id='word_1_38' title='bbox 965 484 1083 533; x_wconf 84' lang='grc' dir='ltr'><em>πόλις</em></span> <span class='ocrx_word' id='word_1_39' title='bbox 1111 484 1252 532; x_wconf 74' lang='grc' dir='ltr'><em>αὐτοῖς</em></span> <span class='ocrx_word' id='word_1_40' title='bbox 1278 485 1337 540; x_wconf 75' lang='grc' dir='ltr'><em>τῷ</em></span> <span class='ocrx_word' id='word_1_41' title='bbox 1363 474 1508 541; x_wconf 72' lang='grc' dir='ltr'><em>θεσμῷ</em></span> <span class='ocrx_word' id='word_1_42' title='bbox 1534 485 1612 524; x_wconf 80' lang='grc' dir='ltr'>τοῦ</span> <span class='ocrx_word' id='word_1_43' title='bbox 1641 482 1763 526; x_wconf 88' lang='grc' dir='ltr'><em>πολέ-</em></span> 
     </span>
     <span class='ocr_line' id='line_1_8' title="bbox 327 545 1790 608; baseline -0.001 -14"><span class='ocrx_word' id='word_1_44' title='bbox 327 570 409 608; x_wconf 92' lang='grc' dir='ltr'><em>μου</em></span> <span class='ocrx_word' id='word_1_45' title='bbox 438 550 675 606; x_wconf 82' lang='grc' dir='ltr'><em>ὖπεκλίθη,</em></span> <span class='ocrx_word' id='word_1_46' title='bbox 706 550 781 592; x_wconf 80' lang='grc' dir='ltr'>οὔκ</span> <span class='ocrx_word' id='word_1_47' title='bbox 807 547 889 591; x_wconf 72' lang='lat' dir='ltr'>dud</span> <span class='ocrx_word' id='word_1_48' title='bbox 920 548 1086 605; x_wconf 84' lang='grc' dir='ltr'><em>τρόπου,</em></span> <span class='ocrx_word' id='word_1_49' title='bbox 1118 551 1191 591; x_wconf 85' lang='grc' dir='ltr'><em>καί</em></span> <span class='ocrx_word' id='word_1_50' title='bbox 1215 548 1268 592; x_wconf 82' lang='grc' dir='ltr'>τοὶ</span> <span class='ocrx_word' id='word_1_51' title='bbox 1299 545 1378 591; x_wconf 77' lang='grc' dir='ltr'>ὅσα</span> <span class='ocrx_word' id='word_1_52' title='bbox 1403 564 1448 603; x_wconf 75' lang='grc' dir='ltr'><em>γε</em></span> <span class='ocrx_word' id='word_1_53' title='bbox 1475 547 1557 590; x_wconf 77' lang='grc' dir='ltr'>ὑπὸ</span> <span class='ocrx_word' id='word_1_54' title='bbox 1587 546 1661 604; x_wconf 76' lang='grc' dir='ltr'><em>τὴν</em></span> <span class='ocrx_word' id='word_1_55' title='bbox 1687 545 1790 592; x_wconf 71' lang='lat' dir='ltr'>rui-5</span> 
     </span>
     <span class='ocr_line' id='line_1_9' title="bbox 327 610 1766 671; baseline -0.003 -11"><span class='ocrx_word' id='word_1_56' title='bbox 327 623 393 660; x_wconf 87' lang='grc' dir='ltr'>λιν</span> <span class='ocrx_word' id='word_1_57' title='bbox 421 614 619 671; x_wconf 75' lang='grc' dir='ltr'><em>ἁρμόζειν</em></span> <span class='ocrx_word' id='word_1_58' title='bbox 646 615 803 669; x_wconf 72' lang='grc' dir='ltr'><em>αὐτοῖς,</em></span> <span class='ocrx_word' id='word_1_59' title='bbox 830 616 904 657; x_wconf 83' lang='grc' dir='ltr'><em>καί</em></span> <span class='ocrx_word' id='word_1_60' title='bbox 930 615 979 656; x_wconf 81' lang='grc' dir='ltr'><em>οὗ</em></span> <span class='ocrx_word' id='word_1_61' title='bbox 1009 616 1102 657; x_wconf 86' lang='grc' dir='ltr'><em>δέον</em></span> <span class='ocrx_word' id='word_1_62' title='bbox 1132 616 1264 658; x_wconf 79' lang='grc' dir='ltr'><em>ἐκεῖσε</em></span> <span class='ocrx_word' id='word_1_63' title='bbox 1292 615 1488 668; x_wconf 79' lang='grc' dir='ltr'><em>ξυνιέναι,</em></span> <span class='ocrx_word' id='word_1_64' title='bbox 1516 610 1584 657; x_wconf 80' lang='grc' dir='ltr'><em>οἷα</em></span> <span class='ocrx_word' id='word_1_65' title='bbox 1610 611 1666 669; x_wconf 73' lang='grc' dir='ltr'>μὴ</span> <span class='ocrx_word' id='word_1_66' title='bbox 1689 630 1766 656; x_wconf 77' lang='grc' dir='ltr'><em>κοι-</em></span> 
     </span>
     <span class='ocr_line' id='line_1_10' title="bbox 326 674 1765 737; baseline -0.005 -11"><span class='ocrx_word' id='word_1_67' title='bbox 326 680 547 726; x_wconf 83' lang='grc' dir='ltr'><em>θεστιότων</em></span> <span class='ocrx_word' id='word_1_68' title='bbox 574 680 826 737; x_wconf 85' lang='grc' dir='ltr'><em>ὄροθεσίων.</em></span> <span class='ocrx_word' id='word_1_69' title='bbox 853 678 957 734; x_wconf 80' lang='grc' dir='ltr'><em>μετὰ</em></span> <span class='ocrx_word' id='word_1_70' title='bbox 992 681 1092 735; x_wconf 75' lang='grc' dir='ltr'><em>γοῦν</em></span> <span class='ocrx_word' id='word_1_71' title='bbox 1119 682 1275 734; x_wconf 79' lang='grc' dir='ltr'><em>ταῦτα,</em></span> <span class='ocrx_word' id='word_1_72' title='bbox 1308 674 1416 722; x_wconf 70' lang='grc' dir='ltr'><em>οὕτω</em></span> <span class='ocrx_word' id='word_1_73' title='bbox 1443 681 1593 721; x_wconf 81' lang='grc' dir='ltr'><em>δοκοῦν</em></span> <span class='ocrx_word' id='word_1_74' title='bbox 1620 676 1765 737; x_wconf 73' lang='grc' dir='ltr'><em>ἀμφο-</em></span> 
     </span>
     <span class='ocr_line' id='line_1_11' title="bbox 326 743 1768 804; baseline -0.002 -13"><span class='ocrx_word' id='word_1_75' title='bbox 326 750 462 804; x_wconf 78' lang='grc' dir='ltr'><em>τέροις</em></span> <span class='ocrx_word' id='word_1_76' title='bbox 490 752 578 797; x_wconf 79' lang='grc' dir='ltr'><em>τοῖς</em></span> <span class='ocrx_word' id='word_1_77' title='bbox 603 748 777 802; x_wconf 78' lang='grc' dir='ltr'><em>μέρεσι,</em></span> <span class='ocrx_word' id='word_1_78' title='bbox 807 747 1010 801; x_wconf 81' lang='grc' dir='ltr'><em>ξυνῆλθον</em></span> <span class='ocrx_word' id='word_1_79' title='bbox 1032 748 1077 789; x_wconf 79' lang='grc' dir='ltr'>ἐν</span> <span class='ocrx_word' id='word_1_80' title='bbox 1104 748 1162 802; x_wconf 77' lang='grc' dir='ltr'><em>τῷ</em></span> <span class='ocrx_word' id='word_1_81' title='bbox 1190 743 1240 802; x_wconf 79' lang='grc' dir='ltr'><em>δὴ</em></span> <span class='ocrx_word' id='word_1_82' title='bbox 1269 747 1473 803; x_wconf 76' lang='grc' dir='ltr'><em>λεγομένῳ</em></span> <span class='ocrx_word' id='word_1_83' title='bbox 1497 743 1768 801; x_wconf 66' lang='grc' dir='ltr'><em>Ἀθραήλων*</em></span> 
     </span>
     <span class='ocr_line' id='line_1_12' title="bbox 326 806 1766 869; baseline -0.003 -12"><span class='ocrx_word' id='word_1_84' title='bbox 326 813 434 869; x_wconf 84' lang='grc' dir='ltr'><em>πρὸς</em></span> <span class='ocrx_word' id='word_1_85' title='bbox 474 818 574 862; x_wconf 81' lang='grc' dir='ltr'><em>τοῖς</em></span> <span class='ocrx_word' id='word_1_86' title='bbox 598 811 672 854; x_wconf 76' lang='grc' dir='ltr'><em>καὶ</em></span> <span class='ocrx_word' id='word_1_87' title='bbox 706 811 746 854; x_wconf 82' lang='grc' dir='ltr'><em>οἱ</em></span> <span class='ocrx_word' id='word_1_88' title='bbox 782 810 1002 866; x_wconf 79' lang='grc' dir='ltr'><em>ἐπιχώριοι</em></span> <span class='ocrx_word' id='word_1_89' title='bbox 1042 806 1240 866; x_wconf 70' lang='grc' dir='ltr'><em>ἄρχοντες</em></span> <span class='ocrx_word' id='word_1_90' title='bbox 1265 810 1477 862; x_wconf 84' lang='grc' dir='ltr'><em>πολιτείας</em></span> <span class='ocrx_word' id='word_1_91' title='bbox 1500 810 1766 867; x_wconf 72' lang='grc' dir='ltr'><em>ἀμφοτέροις.</em></span> 
     </span>
     <span class='ocr_line' id='line_1_13' title="bbox 326 872 1819 935; baseline -0.002 -14"><span class='ocrx_word' id='word_1_92' title='bbox 326 878 402 921; x_wconf 75' lang='grc' dir='ltr'><em>καὶ</em></span> <span class='ocrx_word' id='word_1_93' title='bbox 424 877 568 922; x_wconf 83' lang='grc' dir='ltr'><em>τοίνυν</em></span> <span class='ocrx_word' id='word_1_94' title='bbox 594 877 878 935; x_wconf 77' lang='grc' dir='ltr'><em>προῦτίθεσαν</em></span> <span class='ocrx_word' id='word_1_95' title='bbox 913 874 964 926; x_wconf 77' lang='grc' dir='ltr'>ἅς</span> <span class='ocrx_word' id='word_1_96' title='bbox 988 892 1035 932; x_wconf 78' lang='grc' dir='ltr'><em>γε</em></span> <span class='ocrx_word' id='word_1_97' title='bbox 1074 874 1286 932; x_wconf 83' lang='grc' dir='ltr'><em>δήπουθεν</em></span> <span class='ocrx_word' id='word_1_98' title='bbox 1313 872 1435 934; x_wconf 77' lang='grc' dir='ltr'><em>ᾤοντο</em></span> <span class='ocrx_word' id='word_1_99' title='bbox 1462 878 1556 918; x_wconf 78' lang='grc' dir='ltr'><em>κατ’</em></span> <span class='ocrx_word' id='word_1_100' title='bbox 1578 873 1819 930; x_wconf 82' lang='grc' dir='ltr'><em>οἷλλήλωνιο</em></span> 
     </span>
     <span class='ocr_line' id='line_1_14' title="bbox 328 936 1764 998; baseline -0.003 -11"><span class='ocrx_word' id='word_1_101' title='bbox 328 942 404 995; x_wconf 76' lang='grc' dir='ltr'><em>τὰς</em></span> <span class='ocrx_word' id='word_1_102' title='bbox 431 944 640 993; x_wconf 66' lang='grc' dir='ltr'><em>πολιτειοις</em></span> <span class='ocrx_word' id='word_1_103' title='bbox 677 941 791 997; x_wconf 81' lang='grc' dir='ltr'><em>ἔχειν</em></span> <span class='ocrx_word' id='word_1_104' title='bbox 817 944 981 996; x_wconf 89' lang='grc' dir='ltr'><em>αἰτιάς,</em></span> <span class='ocrx_word' id='word_1_105' title='bbox 1010 941 1067 992; x_wconf 70' lang='grc' dir='ltr'>αἶς</span> <span class='ocrx_word' id='word_1_106' title='bbox 1093 944 1168 998; x_wconf 83' lang='grc' dir='ltr'><em>τῆς</em></span> <span class='ocrx_word' id='word_1_107' title='bbox 1195 940 1339 998; x_wconf 75' lang='grc' dir='ltr'><em>ἑτέρας</em></span> <span class='ocrx_word' id='word_1_108' title='bbox 1366 940 1442 997; x_wconf 82' lang='grc' dir='ltr'>τὴν</span> <span class='ocrx_word' id='word_1_109' title='bbox 1467 939 1612 998; x_wconf 72' lang='grc' dir='ltr'><em>ἑτέραν</em></span> <span class='ocrx_word' id='word_1_110' title='bbox 1638 936 1764 994; x_wconf 70' lang='grc' dir='ltr'><em>ἄδικά</em></span> 
     </span>
     <span class='ocr_line' id='line_1_15' title="bbox 326 1005 1768 1064; baseline -0.003 -11"><span class='ocrx_word' id='word_1_111' title='bbox 326 1026 372 1053; x_wconf 83' lang='grc' dir='ltr'>τε</span> <span class='ocrx_word' id='word_1_112' title='bbox 406 1009 480 1052; x_wconf 80' lang='grc' dir='ltr'><em>καὶ</em></span> <span class='ocrx_word' id='word_1_113' title='bbox 513 1006 594 1064; x_wconf 68' lang='grc' dir='ltr'><em>οὐχ</em></span> <span class='ocrx_word' id='word_1_114' title='bbox 641 1005 737 1062; x_wconf 81' lang='grc' dir='ltr'><em>ὅσιοι</em></span> <span class='ocrx_word' id='word_1_115' title='bbox 764 1010 1062 1064; x_wconf 77' lang='grc' dir='ltr'><em>εἰργασμένης,</em></span> <span class='ocrx_word' id='word_1_116' title='bbox 1089 1005 1499 1064; x_wconf 82' lang='grc' dir='ltr'><em>παρασπονδησάσης</em></span> <span class='ocrx_word' id='word_1_117' title='bbox 1524 1022 1567 1049; x_wconf 86' lang='grc' dir='ltr'>τε</span> <span class='ocrx_word' id='word_1_118' title='bbox 1595 1008 1667 1048; x_wconf 84' lang='grc' dir='ltr'><em>καί</em></span> <span class='ocrx_word' id='word_1_119' title='bbox 1690 1006 1768 1050; x_wconf 71' lang='grc' dir='ltr'>πό-</span> 
     </span>
     <span class='ocr_line' id='line_1_16' title="bbox 283 1069 1767 1130; baseline -0.005 -9"><span class='ocrx_word' id='word_1_120' title='bbox 283 1081 453 1130; x_wconf 77' lang='grc' dir='ltr'><em>Βλεμον</em></span> <span class='ocrx_word' id='word_1_121' title='bbox 481 1070 626 1118; x_wconf 71' lang='grc' dir='ltr'><em>ἄδικον</em></span> <span class='ocrx_word' id='word_1_122' title='bbox 663 1072 884 1130; x_wconf 77' lang='grc' dir='ltr'><em>ἑλομένης.</em></span> <span class='ocrx_word' id='word_1_123' title='bbox 937 1072 1139 1116; x_wconf 76' lang='grc' dir='ltr'><em>πλείστων</em></span> <span class='ocrx_word' id='word_1_124' title='bbox 1168 1074 1216 1115; x_wconf 84' lang='grc' dir='ltr'>δὲ</span> <span class='ocrx_word' id='word_1_125' title='bbox 1243 1070 1354 1116; x_wconf 79' lang='grc' dir='ltr'><em>ὅσων</em></span> <span class='ocrx_word' id='word_1_126' title='bbox 1382 1069 1583 1130; x_wconf 76' lang='grc' dir='ltr'><em>ῥημάτων</em></span> <span class='ocrx_word' id='word_1_127' title='bbox 1610 1075 1654 1124; x_wconf 79' lang='grc' dir='ltr'>ἐξ</span> <span class='ocrx_word' id='word_1_128' title='bbox 1683 1073 1767 1126; x_wconf 77' lang='grc' dir='ltr'><em>οἶμ-</em></span> 
     </span>
     <span class='ocr_line' id='line_1_17' title="bbox 325 1135 1767 1199; baseline -0.004 -14"><span class='ocrx_word' id='word_1_129' title='bbox 325 1147 423 1199; x_wconf 82' lang='grc' dir='ltr'><em>φοῖν</em></span> <span class='ocrx_word' id='word_1_130' title='bbox 450 1145 535 1184; x_wconf 83' lang='grc' dir='ltr'>τοῖν</span> <span class='ocrx_word' id='word_1_131' title='bbox 561 1145 731 1197; x_wconf 80' lang='grc' dir='ltr'><em>μεροῖν,</em></span> <span class='ocrx_word' id='word_1_132' title='bbox 759 1137 817 1189; x_wconf 76' lang='grc' dir='ltr'>ὥς</span> <span class='ocrx_word' id='word_1_133' title='bbox 843 1157 899 1195; x_wconf 90' lang='grc' dir='ltr'>πη</span> <span class='ocrx_word' id='word_1_134' title='bbox 927 1137 1073 1193; x_wconf 78' lang='grc' dir='ltr'><em>ἔτυχεν</em></span> <span class='ocrx_word' id='word_1_135' title='bbox 1081 1172 1095 1193; x_wconf 92' lang='grc'><em>,</em></span> <span class='ocrx_word' id='word_1_136' title='bbox 1133 1135 1402 1195; x_wconf 76' lang='grc' dir='ltr'><em>ἐρ’ῥιμμένων</em></span> <span class='ocrx_word' id='word_1_137' title='bbox 1418 1169 1430 1192; x_wconf 86' lang='grc'><em>,</em></span> <span class='ocrx_word' id='word_1_138' title='bbox 1459 1138 1594 1194; x_wconf 75' lang='grc' dir='ltr'><em>χύδην</em></span> <span class='ocrx_word' id='word_1_139' title='bbox 1620 1152 1666 1180; x_wconf 90' lang='grc' dir='ltr'>τε</span> <span class='ocrx_word' id='word_1_140' title='bbox 1693 1153 1767 1180; x_wconf 79' lang='grc' dir='ltr'><em>πε-</em></span> 
     </span>
     <span class='ocr_line' id='line_1_18' title="bbox 326 1201 1819 1264; baseline -0.002 -16"><span class='ocrx_word' id='word_1_141' title='bbox 326 1208 512 1264; x_wconf 79' lang='grc' dir='ltr'><em>ριουσῶν</em></span> <span class='ocrx_word' id='word_1_142' title='bbox 539 1208 623 1248; x_wconf 73' lang='grc' dir='ltr'><em>τῶν</em></span> <span class='ocrx_word' id='word_1_143' title='bbox 651 1206 936 1260; x_wconf 80' lang='grc' dir='ltr'><em>δικαιολογιῶν</em></span> <span class='ocrx_word' id='word_1_144' title='bbox 974 1207 1031 1262; x_wconf 71' lang='grc' dir='ltr'><em>τῷ</em></span> <span class='ocrx_word' id='word_1_145' title='bbox 1057 1206 1229 1247; x_wconf 73' lang='grc' dir='ltr'><em>ἕκαστον</em></span> <span class='ocrx_word' id='word_1_146' title='bbox 1258 1205 1419 1247; x_wconf 81' lang='grc' dir='ltr'><em>ἐθέλειν</em></span> <span class='ocrx_word' id='word_1_147' title='bbox 1446 1205 1497 1261; x_wconf 84' lang='grc' dir='ltr'><em>τῇ</em></span> <span class='ocrx_word' id='word_1_148' title='bbox 1524 1205 1616 1246; x_wconf 79' lang='grc' dir='ltr'><em>κατ’</em></span> <span class='ocrx_word' id='word_1_149' title='bbox 1640 1201 1819 1251; x_wconf 72' lang='grc' dir='ltr'><em>αὕτὸνιό</em></span> 
     </span>
     <span class='ocr_line' id='line_1_19' title="bbox 324 1266 1771 1331; baseline -0.003 -16"><span class='ocrx_word' id='word_1_150' title='bbox 324 1275 538 1331; x_wconf 79' lang='grc' dir='ltr'><em>πολιτείᾳ,</em></span> <span class='ocrx_word' id='word_1_151' title='bbox 568 1268 638 1315; x_wconf 83' lang='grc' dir='ltr'><em>οἷα</em></span> <span class='ocrx_word' id='word_1_152' title='bbox 666 1269 801 1325; x_wconf 82' lang='grc' dir='ltr'><em>εἰκὸς,</em></span> <span class='ocrx_word' id='word_1_153' title='bbox 831 1266 1107 1312; x_wconf 70' lang='grc' dir='ltr'><em>εὐνούστατον</em></span> <span class='ocrx_word' id='word_1_154' title='bbox 1134 1267 1285 1312; x_wconf 74' lang='grc' dir='ltr'><em>ἑαυτὸν</em></span> <span class='ocrx_word' id='word_1_155' title='bbox 1311 1269 1551 1327; x_wconf 75' lang='grc' dir='ltr'><em>ἀποφῆναι,</em></span> <span class='ocrx_word' id='word_1_156' title='bbox 1583 1269 1699 1320; x_wconf 80' lang='grc' dir='ltr'><em>τέλος</em></span> <span class='ocrx_word' id='word_1_157' title='bbox 1725 1269 1771 1323; x_wconf 75' lang='grc' dir='ltr'>ἐς</span> 
     </span>
     <span class='ocr_line' id='line_1_20' title="bbox 326 1334 1295 1394; baseline -0.002 -14"><span class='ocrx_word' id='word_1_158' title='bbox 326 1339 586 1394; x_wconf 82' lang='grc' dir='ltr'><em>δημηγορίαν</em></span> <span class='ocrx_word' id='word_1_159' title='bbox 613 1338 772 1392; x_wconf 74' lang='grc' dir='ltr'><em>πρῶτοι</em></span> <span class='ocrx_word' id='word_1_160' title='bbox 797 1334 999 1388; x_wconf 85' lang='grc' dir='ltr'><em>Ῥωμαῖοι</em></span> <span class='ocrx_word' id='word_1_161' title='bbox 1026 1336 1295 1390; x_wconf 88' lang='grc' dir='ltr'><em>κατέστησαν.</em></span> 
     </span>
    </p>

    <p class='ocr_par' dir='ltr' id='par_1_5' title="bbox 326 1398 1822 1723">
     <span class='ocr_line' id='line_1_21' title="bbox 435 1398 1769 1457; baseline -0.001 -13"><span class='ocrx_word' id='word_1_162' title='bbox 435 1402 509 1446; x_wconf 87' lang='grc' dir='ltr'><em>κδ’.</em></span> <span class='ocrx_word' id='word_1_163' title='bbox 552 1398 644 1445; x_wconf 69' lang='grc' dir='ltr'><em>’Ότι</em></span> <span class='ocrx_word' id='word_1_164' title='bbox 671 1402 711 1444; x_wconf 81' lang='grc' dir='ltr'><em>οἳ</em></span> <span class='ocrx_word' id='word_1_165' title='bbox 749 1403 942 1457; x_wconf 85' lang='grc' dir='ltr'><em>πρέσβεις</em></span> <span class='ocrx_word' id='word_1_166' title='bbox 970 1399 1232 1453; x_wconf 80' lang='grc' dir='ltr'><em>’ξυνελθόντες</em></span> <span class='ocrx_word' id='word_1_167' title='bbox 1258 1402 1404 1445; x_wconf 75' lang='grc' dir='ltr'><em>τεκαὶ</em></span> <span class='ocrx_word' id='word_1_168' title='bbox 1427 1402 1486 1452; x_wconf 84' lang='grc' dir='ltr'><em>εἰς</em></span> <span class='ocrx_word' id='word_1_169' title='bbox 1512 1403 1556 1445; x_wconf 79' lang='grc' dir='ltr'>ἓν</span> <span class='ocrx_word' id='word_1_170' title='bbox 1595 1399 1769 1456; x_wconf 78' lang='grc' dir='ltr'><em>γενόμε-</em></span> 
     </span>
     <span class='ocr_line' id='line_1_22' title="bbox 326 1464 1768 1524; baseline -0.001 -12"><span class='ocrx_word' id='word_1_171' title='bbox 326 1485 393 1513; x_wconf 76' lang='grc' dir='ltr'><em>νοι</em></span> <span class='ocrx_word' id='word_1_172' title='bbox 421 1466 526 1511; x_wconf 71' lang='grc' dir='ltr'><em>κατὰ</em></span> <span class='ocrx_word' id='word_1_173' title='bbox 572 1467 622 1524; x_wconf 73' lang='grc' dir='ltr'><em>δὴ</em></span> <span class='ocrx_word' id='word_1_174' title='bbox 662 1465 714 1510; x_wconf 72' lang='grc' dir='ltr'><em>τὰ</em></span> <span class='ocrx_word' id='word_1_175' title='bbox 744 1464 843 1523; x_wconf 77' lang='grc' dir='ltr'><em>ὅρια</em></span> <span class='ocrx_word' id='word_1_176' title='bbox 879 1469 952 1522; x_wconf 84' lang='grc' dir='ltr'><em>τῆς</em></span> <span class='ocrx_word' id='word_1_177' title='bbox 986 1468 1040 1508; x_wconf 75' lang='grc' dir='ltr'>ἕω</span> <span class='ocrx_word' id='word_1_178' title='bbox 1078 1466 1124 1518; x_wconf 77' lang='grc' dir='ltr'>ἐξ</span> <span class='ocrx_word' id='word_1_179' title='bbox 1163 1466 1403 1523; x_wconf 82' lang='grc' dir='ltr'><em>οἷμφοτέρας</em></span> <span class='ocrx_word' id='word_1_180' title='bbox 1429 1467 1662 1520; x_wconf 84' lang='grc' dir='ltr'><em>πολιτείας,</em></span> <span class='ocrx_word' id='word_1_181' title='bbox 1690 1465 1768 1523; x_wconf 73' lang='grc' dir='ltr'><em>τὴν</em></span> 
     </span>
     <span class='ocr_line' id='line_1_23' title="bbox 326 1529 1822 1591; baseline 0 -14"><span class='ocrx_word' id='word_1_182' title='bbox 326 1534 494 1591; x_wconf 81' lang='grc' dir='ltr'><em>εἰρήνην</em></span> <span class='ocrx_word' id='word_1_183' title='bbox 535 1529 647 1583; x_wconf 76' lang='grc' dir='ltr'><em>ὅπως</em></span> <span class='ocrx_word' id='word_1_184' title='bbox 674 1534 963 1587; x_wconf 81' lang='grc' dir='ltr'><em>βεβαιωθῆναι</em></span> <span class='ocrx_word' id='word_1_185' title='bbox 1005 1534 1099 1574; x_wconf 88' lang='grc' dir='ltr'><em>δέον</em></span> <span class='ocrx_word' id='word_1_186' title='bbox 1126 1529 1470 1586; x_wconf 80' lang='grc' dir='ltr'><em>διασκεψάμενοι,</em></span> <span class='ocrx_word' id='word_1_187' title='bbox 1499 1529 1698 1588; x_wconf 81' lang='grc' dir='ltr'><em>γλαφυρά</em></span> <span class='ocrx_word' id='word_1_188' title='bbox 1722 1547 1822 1578; x_wconf 70' lang='lat' dir='ltr'>reno</span> 
     </span>
     <span class='ocr_line' id='line_1_24' title="bbox 327 1593 1770 1656; baseline -0.001 -14"><span class='ocrx_word' id='word_1_189' title='bbox 327 1603 403 1643; x_wconf 85' lang='grc' dir='ltr'><em>καί</em></span> <span class='ocrx_word' id='word_1_190' title='bbox 433 1603 601 1642; x_wconf 87' lang='grc' dir='ltr'><em>ποικίλα</em></span> <span class='ocrx_word' id='word_1_191' title='bbox 641 1597 815 1656; x_wconf 71' lang='grc' dir='ltr'><em>ῥήματα</em></span> <span class='ocrx_word' id='word_1_192' title='bbox 853 1600 1019 1641; x_wconf 75' lang='grc' dir='ltr'><em>ἕκαστοι</em></span> <span class='ocrx_word' id='word_1_193' title='bbox 1048 1593 1381 1654; x_wconf 72' lang='grc' dir='ltr'><em>α’ποᾷῥίψαντες,</em></span> <span class='ocrx_word' id='word_1_194' title='bbox 1416 1595 1594 1654; x_wconf 85' lang='grc' dir='ltr'><em>εἰπόντες</em></span> <span class='ocrx_word' id='word_1_195' title='bbox 1621 1612 1668 1639; x_wconf 88' lang='grc' dir='ltr'>τε</span> <span class='ocrx_word' id='word_1_196' title='bbox 1695 1595 1770 1640; x_wconf 76' lang='grc' dir='ltr'><em>καὶ</em></span> 
     </span>
     <span class='ocr_line' id='line_1_25' title="bbox 328 1656 1769 1723; baseline -0.003 -14"><span class='ocrx_word' id='word_1_197' title='bbox 328 1663 548 1723; x_wconf 74' lang='grc' dir='ltr'><em>ἀκηκοότες</em></span> <span class='ocrx_word' id='word_1_198' title='bbox 573 1662 626 1707; x_wconf 80' lang='grc' dir='ltr'><em>τοὶ</em></span> <span class='ocrx_word' id='word_1_199' title='bbox 669 1662 749 1707; x_wconf 79' lang='grc' dir='ltr'>ὅσα</span> <span class='ocrx_word' id='word_1_200' title='bbox 775 1656 942 1721; x_wconf 75' lang='grc' dir='ltr'><em>χρεων,</em></span> <span class='ocrx_word' id='word_1_201' title='bbox 981 1661 1106 1717; x_wconf 80' lang='grc' dir='ltr'><em>τυχὸν</em></span> <span class='ocrx_word' id='word_1_202' title='bbox 1133 1664 1205 1706; x_wconf 77' lang='grc' dir='ltr'><em>καί</em></span> <span class='ocrx_word' id='word_1_203' title='bbox 1231 1661 1284 1705; x_wconf 76' lang='grc' dir='ltr'><em>τὰ</em></span> <span class='ocrx_word' id='word_1_204' title='bbox 1315 1659 1395 1706; x_wconf 79' lang='grc' dir='ltr'>ὅσα</span> <span class='ocrx_word' id='word_1_205' title='bbox 1420 1661 1480 1719; x_wconf 78' lang='grc' dir='ltr'>μὴ</span> <span class='ocrx_word' id='word_1_206' title='bbox 1505 1660 1672 1719; x_wconf 78' lang='grc' dir='ltr'><em>χρεών,</em></span> <span class='ocrx_word' id='word_1_207' title='bbox 1699 1663 1769 1705; x_wconf 80' lang='grc' dir='ltr'>τέ-</span> 
     </span>
    </p>

    <p class='ocr_par' dir='ltr' id='par_1_6' title="bbox 423 1736 1769 1788">
     <span class='ocr_line' id='line_1_26' title="bbox 423 1736 1769 1788; baseline -0.001 -10"><span class='ocrx_word' id='word_1_208' title='bbox 423 1755 454 1779; x_wconf 86' lang='lat'>2.</span> <span class='ocrx_word' id='word_1_209' title='bbox 479 1736 554 1777; x_wconf 66' lang='grc' dir='ltr'>ὕπὸ</span> <span class='ocrx_word' id='word_1_210' title='bbox 581 1743 640 1785; x_wconf 88' lang='grc' dir='ltr'><em>Β.,</em></span> <span class='ocrx_word' id='word_1_211' title='bbox 664 1741 729 1776; x_wconf 75' lang='grc' dir='ltr'>ἐπὶ</span> <span class='ocrx_word' id='word_1_212' title='bbox 754 1743 847 1788; x_wconf 87' lang='lat' dir='ltr'>vulg.</span> <span class='ocrx_word' id='word_1_213' title='bbox 961 1742 995 1776; x_wconf 86' lang='lat'>6.</span> <span class='ocrx_word' id='word_1_214' title='bbox 1023 1742 1088 1775; x_wconf 75' lang='grc' dir='ltr'><em>καὶ</em></span> <span class='ocrx_word' id='word_1_215' title='bbox 1111 1751 1178 1774; x_wconf 88' lang='lat' dir='ltr'>om.</span> <span class='ocrx_word' id='word_1_216' title='bbox 1204 1739 1259 1774; x_wconf 89' lang='lat' dir='ltr'>ed.</span> <span class='ocrx_word' id='word_1_217' title='bbox 1286 1740 1362 1774; x_wconf 87' lang='lat' dir='ltr'><strong>Par.</strong></span> <span class='ocrx_word' id='word_1_218' title='bbox 1503 1753 1536 1786; x_wconf 80' lang='lat'>7.</span> <span class='ocrx_word' id='word_1_219' title='bbox 1561 1740 1769 1788; x_wconf 68' lang='grc' dir='ltr'><em>’ὁροθέσιον</em></span> 
     </span>
    </p>

    <p class='ocr_par' dir='ltr' id='par_1_7' title="bbox 420 1785 1550 1835">
     <span class='ocr_line' id='line_1_27' title="bbox 420 1785 1550 1835; baseline -0.002 -11"><span class='ocrx_word' id='word_1_220' title='bbox 420 1790 516 1835; x_wconf 77' lang='lat' dir='ltr'>vulg.</span> <span class='ocrx_word' id='word_1_221' title='bbox 639 1801 690 1824; x_wconf 89' lang='grc' dir='ltr'><em>ιο.</em></span> <span class='ocrx_word' id='word_1_222' title='bbox 716 1786 759 1826; x_wconf 81' lang='grc' dir='ltr'>ἅς</span> <span class='ocrx_word' id='word_1_223' title='bbox 782 1790 843 1829; x_wconf 88' lang='lat' dir='ltr'>B.‚</span> <span class='ocrx_word' id='word_1_224' title='bbox 866 1785 917 1826; x_wconf 76' lang='grc' dir='ltr'>ὥς</span> <span class='ocrx_word' id='word_1_225' title='bbox 942 1789 1035 1833; x_wconf 83' lang='lat' dir='ltr'><strong>vulg.</strong></span> <span class='ocrx_word' id='word_1_226' title='bbox 1179 1799 1231 1823; x_wconf 83' lang='lat'>11·</span> <span class='ocrx_word' id='word_1_227' title='bbox 1255 1788 1320 1830; x_wconf 79' lang='grc' dir='ltr'><em>τῆς</em></span> <span class='ocrx_word' id='word_1_228' title='bbox 1342 1786 1430 1826; x_wconf 88' lang='grc' dir='ltr'><em>πολ.</em></span> <span class='ocrx_word' id='word_1_229' title='bbox 1455 1788 1550 1834; x_wconf 84' lang='lat' dir='ltr'>vulg.</span> 
     </span>
    </p>
   </div>
   <div class='ocr_carea' id='block_1_5' title="bbox 327 1855 1770 2788">
    <p class='ocr_par' dir='ltr' id='par_1_8' title="bbox 327 1855 1770 2588">
     <span class='ocr_line' id='line_1_28' title="bbox 327 1855 1768 1902; baseline -0.001 -9"><span class='ocrx_word' id='word_1_230' title='bbox 327 1859 411 1893; x_wconf 85' lang='lat' dir='ltr'>loco</span> <span class='ocrx_word' id='word_1_231' title='bbox 447 1856 691 1892; x_wconf 83' lang='lat' dir='ltr'>convenirent.</span> <span class='ocrx_word' id='word_1_232' title='bbox 759 1856 911 1890; x_wconf 83' lang='lat' dir='ltr'>Romani</span> <span class='ocrx_word' id='word_1_233' title='bbox 943 1856 1140 1902; x_wconf 84' lang='lat' dir='ltr'>petebant,</span> <span class='ocrx_word' id='word_1_234' title='bbox 1186 1861 1401 1891; x_wconf 84' lang='lat' dir='ltr'>conventum</span> <span class='ocrx_word' id='word_1_235' title='bbox 1436 1857 1492 1901; x_wconf 84' lang='lat' dir='ltr'>agi</span> <span class='ocrx_word' id='word_1_236' title='bbox 1530 1857 1568 1891; x_wconf 87' lang='lat' dir='ltr'>in</span> <span class='ocrx_word' id='word_1_237' title='bbox 1602 1855 1768 1891; x_wconf 74' lang='lat' dir='ltr'>finitimis</span> 
     </span>
     <span class='ocr_line' id='line_1_29' title="bbox 329 1902 1770 1949; baseline -0.002 -10"><span class='ocrx_word' id='word_1_238' title='bbox 329 1907 441 1940; x_wconf 81' lang='lat' dir='ltr'>naras</span> <span class='ocrx_word' id='word_1_239' title='bbox 465 1904 576 1944; x_wconf 85' lang='lat' dir='ltr'>locis,</span> <span class='ocrx_word' id='word_1_240' title='bbox 601 1905 737 1949; x_wconf 85' lang='lat' dir='ltr'>quippe</span> <span class='ocrx_word' id='word_1_241' title='bbox 753 1913 846 1948; x_wconf 83' lang='lat' dir='ltr'>quae</span> <span class='ocrx_word' id='word_1_242' title='bbox 869 1915 934 1936; x_wconf 78' lang='lat' dir='ltr'>sua</span> <span class='ocrx_word' id='word_1_243' title='bbox 957 1909 1086 1937; x_wconf 84' lang='lat' dir='ltr'>essent.</span> <span class='ocrx_word' id='word_1_244' title='bbox 1137 1902 1269 1936; x_wconf 78' lang='lat' dir='ltr'>Contra</span> <span class='ocrx_word' id='word_1_245' title='bbox 1292 1902 1417 1937; x_wconf 77' lang='lat' dir='ltr'>Persae</span> <span class='ocrx_word' id='word_1_246' title='bbox 1442 1902 1629 1948; x_wconf 86' lang='lat' dir='ltr'>dicebant,</span> <span class='ocrx_word' id='word_1_247' title='bbox 1652 1914 1770 1949; x_wconf 86' lang='lat' dir='ltr'>quan-</span> 
     </span>
     <span class='ocr_line' id='line_1_30' title="bbox 333 1949 1769 1998; baseline -0.003 -12"><span class='ocrx_word' id='word_1_248' title='bbox 333 1951 531 1998; x_wconf 86' lang='lat' dir='ltr'>doquidem</span> <span class='ocrx_word' id='word_1_249' title='bbox 559 1960 600 1984; x_wconf 82' lang='lat' dir='ltr'>ea</span> <span class='ocrx_word' id='word_1_250' title='bbox 631 1950 716 1983; x_wconf 84' lang='lat' dir='ltr'>urbs</span> <span class='ocrx_word' id='word_1_251' title='bbox 752 1951 831 1982; x_wconf 86' lang='lat' dir='ltr'>iure</span> <span class='ocrx_word' id='word_1_252' title='bbox 863 1949 955 1984; x_wconf 88' lang='lat' dir='ltr'>belli</span> <span class='ocrx_word' id='word_1_253' title='bbox 981 1950 1147 1983; x_wconf 86' lang='lat' dir='ltr'>Romanis</span> <span class='ocrx_word' id='word_1_254' title='bbox 1165 1949 1328 1983; x_wconf 87' lang='lat' dir='ltr'>subiecta</span> <span class='ocrx_word' id='word_1_255' title='bbox 1351 1955 1462 1990; x_wconf 88' lang='lat' dir='ltr'>esset,</span> <span class='ocrx_word' id='word_1_256' title='bbox 1490 1962 1563 1984; x_wconf 88' lang='lat' dir='ltr'>non</span> <span class='ocrx_word' id='word_1_257' title='bbox 1590 1960 1611 1982; x_wconf 82' lang='lat' dir='ltr'>a</span> <span class='ocrx_word' id='word_1_258' title='bbox 1634 1950 1769 1984; x_wconf 82' lang='lat' dir='ltr'>verisi-</span> 
     </span>
     <span class='ocr_line' id='line_1_31' title="bbox 333 1996 1768 2041; baseline -0.003 -8"><span class='ocrx_word' id='word_1_259' title='bbox 333 1997 543 2033; x_wconf 87' lang='lat' dir='ltr'>militudine</span> <span class='ocrx_word' id='word_1_260' title='bbox 574 1997 732 2031; x_wconf 80' lang='lat' dir='ltr'>alienum</span> <span class='ocrx_word' id='word_1_261' title='bbox 762 2006 861 2037; x_wconf 88' lang='lat' dir='ltr'>esse,</span> <span class='ocrx_word' id='word_1_262' title='bbox 891 2007 1033 2029; x_wconf 88' lang='lat' dir='ltr'>omnem</span> <span class='ocrx_word' id='word_1_263' title='bbox 1056 1996 1240 2041; x_wconf 85' lang='lat' dir='ltr'>regionem</span> <span class='ocrx_word' id='word_1_264' title='bbox 1267 1996 1359 2030; x_wconf 81' lang='lat' dir='ltr'>circa</span> <span class='ocrx_word' id='word_1_265' title='bbox 1383 1996 1480 2030; x_wconf 76' lang='lat' dir='ltr'>illam</span> <span class='ocrx_word' id='word_1_266' title='bbox 1504 2007 1627 2030; x_wconf 84' lang='lat' dir='ltr'>eorum</span> <span class='ocrx_word' id='word_1_267' title='bbox 1648 1996 1768 2041; x_wconf 79' lang='lat' dir='ltr'>parti-</span> 
     </span>
     <span class='ocr_line' id='line_1_32' title="bbox 333 2042 1768 2089; baseline -0.002 -10"><span class='ocrx_word' id='word_1_268' title='bbox 333 2045 402 2079; x_wconf 85' lang='lat' dir='ltr'>bus</span> <span class='ocrx_word' id='word_1_269' title='bbox 429 2044 646 2084; x_wconf 83' lang='lat' dir='ltr'>adhaerere,</span> <span class='ocrx_word' id='word_1_270' title='bbox 677 2053 797 2088; x_wconf 88' lang='lat' dir='ltr'>neque</span> <span class='ocrx_word' id='word_1_271' title='bbox 822 2043 899 2076; x_wconf 91' lang='lat' dir='ltr'>illic</span> <span class='ocrx_word' id='word_1_272' title='bbox 924 2042 970 2076; x_wconf 88' lang='lat' dir='ltr'>ad</span> <span class='ocrx_word' id='word_1_273' title='bbox 994 2044 1216 2089; x_wconf 84' lang='lat' dir='ltr'><strong>colloquium</strong></span> <span class='ocrx_word' id='word_1_274' title='bbox 1240 2042 1430 2077; x_wconf 83' lang='lat' dir='ltr'>convenire</span> <span class='ocrx_word' id='word_1_275' title='bbox 1457 2048 1622 2088; x_wconf 77' lang='lat' dir='ltr'>oportere</span> <span class='ocrx_word' id='word_1_276' title='bbox 1638 2066 1648 2083; x_wconf 91' lang='lat'>‚</span> <span class='ocrx_word' id='word_1_277' title='bbox 1681 2043 1768 2089; x_wconf 80' lang='lat' dir='ltr'>quia</span> 
     </span>
     <span class='ocr_line' id='line_1_33' title="bbox 334 2087 1769 2135; baseline -0.001 -10"><span class='ocrx_word' id='word_1_278' title='bbox 334 2092 484 2125; x_wconf 87' lang='lat' dir='ltr'>minime</span> <span class='ocrx_word' id='word_1_279' title='bbox 508 2091 606 2135; x_wconf 83' lang='lat' dir='ltr'>regio</span> <span class='ocrx_word' id='word_1_280' title='bbox 632 2090 696 2123; x_wconf 88' lang='lat' dir='ltr'>illa</span> <span class='ocrx_word' id='word_1_281' title='bbox 724 2095 817 2123; x_wconf 87' lang='lat' dir='ltr'>esset</span> <span class='ocrx_word' id='word_1_282' title='bbox 842 2090 938 2123; x_wconf 81' lang='lat' dir='ltr'>inter</span> <span class='ocrx_word' id='word_1_283' title='bbox 962 2090 1168 2124; x_wconf 79' lang='lat' dir='ltr'>limitaneas</span> <span class='ocrx_word' id='word_1_284' title='bbox 1193 2087 1395 2123; x_wconf 80' lang='lat' dir='ltr'>censenda.</span> <span class='ocrx_word' id='word_1_285' title='bbox 1451 2090 1534 2123; x_wconf 75' lang='lat' dir='ltr'>Post</span> <span class='ocrx_word' id='word_1_286' title='bbox 1569 2088 1677 2130; x_wconf 81' lang='lat' dir='ltr'>haec,</span> <span class='ocrx_word' id='word_1_287' title='bbox 1714 2089 1769 2123; x_wconf 81' lang='lat' dir='ltr'>sie</span> 
     </span>
     <span class='ocr_line' id='line_1_34' title="bbox 330 2135 1768 2182; baseline -0.001 -11"><span class='ocrx_word' id='word_1_288' title='bbox 330 2139 429 2171; x_wconf 88' lang='lat' dir='ltr'>enim</span> <span class='ocrx_word' id='word_1_289' title='bbox 453 2138 618 2181; x_wconf 83' lang='lat' dir='ltr'>utrisque</span> <span class='ocrx_word' id='word_1_290' title='bbox 641 2137 781 2177; x_wconf 82' lang='lat' dir='ltr'>visum,</span> <span class='ocrx_word' id='word_1_291' title='bbox 820 2135 866 2168; x_wconf 87' lang='lat' dir='ltr'>ad</span> <span class='ocrx_word' id='word_1_292' title='bbox 890 2136 1170 2182; x_wconf 85' lang='lat' dir='ltr'>colloquendum</span> <span class='ocrx_word' id='word_1_293' title='bbox 1213 2140 1458 2170; x_wconf 84' lang='lat' dir='ltr'>convenerunt</span> <span class='ocrx_word' id='word_1_294' title='bbox 1493 2136 1532 2168; x_wconf 90' lang='lat' dir='ltr'>in</span> <span class='ocrx_word' id='word_1_295' title='bbox 1565 2135 1667 2176; x_wconf 91' lang='lat' dir='ltr'>loco,</span> <span class='ocrx_word' id='word_1_296' title='bbox 1701 2136 1768 2181; x_wconf 86' lang='lat' dir='ltr'>qui</span> 
     </span>
     <span class='ocr_line' id='line_1_35' title="bbox 337 2181 1767 2229; baseline -0.002 -12"><span class='ocrx_word' id='word_1_297' title='bbox 337 2184 471 2218; x_wconf 85' lang='lat' dir='ltr'>dicitur</span> <span class='ocrx_word' id='word_1_298' title='bbox 494 2183 686 2223; x_wconf 62' lang='lat' dir='ltr'>Atraelom</span> <span class='ocrx_word' id='word_1_299' title='bbox 714 2187 751 2216; x_wconf 91' lang='lat' dir='ltr'>et</span> <span class='ocrx_word' id='word_1_300' title='bbox 778 2194 858 2216; x_wconf 89' lang='lat' dir='ltr'>cum</span> <span class='ocrx_word' id='word_1_301' title='bbox 883 2183 958 2216; x_wconf 86' lang='lat' dir='ltr'>illis</span> <span class='ocrx_word' id='word_1_302' title='bbox 987 2195 1132 2229; x_wconf 86' lang='lat' dir='ltr'>quoque</span> <span class='ocrx_word' id='word_1_303' title='bbox 1156 2183 1346 2229; x_wconf 85' lang='lat' dir='ltr'>utriusque</span> <span class='ocrx_word' id='word_1_304' title='bbox 1370 2183 1421 2216; x_wconf 86' lang='lat' dir='ltr'>rei</span> <span class='ocrx_word' id='word_1_305' title='bbox 1438 2182 1606 2228; x_wconf 89' lang='lat' dir='ltr'>publicae</span> <span class='ocrx_word' id='word_1_306' title='bbox 1628 2181 1767 2226; x_wconf 84' lang='lat' dir='ltr'>princi-</span> 
     </span>
     <span class='ocr_line' id='line_1_36' title="bbox 331 2228 1766 2275; baseline 0 -12"><span class='ocrx_word' id='word_1_307' title='bbox 331 2241 419 2275; x_wconf 83' lang='lat' dir='ltr'>pes,</span> <span class='ocrx_word' id='word_1_308' title='bbox 453 2231 517 2275; x_wconf 84' lang='lat' dir='ltr'>qui</span> <span class='ocrx_word' id='word_1_309' title='bbox 542 2241 599 2263; x_wconf 86' lang='lat' dir='ltr'>eas</span> <span class='ocrx_word' id='word_1_310' title='bbox 626 2229 791 2274; x_wconf 84' lang='lat' dir='ltr'>regiones</span> <span class='ocrx_word' id='word_1_311' title='bbox 815 2228 1036 2264; x_wconf 80' lang='lat' dir='ltr'>incolebant.</span> <span class='ocrx_word' id='word_1_312' title='bbox 1092 2229 1174 2262; x_wconf 89' lang='lat' dir='ltr'>Illic</span> <span class='ocrx_word' id='word_1_313' title='bbox 1206 2229 1246 2261; x_wconf 88' lang='lat' dir='ltr'>in</span> <span class='ocrx_word' id='word_1_314' title='bbox 1280 2229 1436 2263; x_wconf 90' lang='lat' dir='ltr'>medium</span> <span class='ocrx_word' id='word_1_315' title='bbox 1470 2233 1766 2274; x_wconf 83' lang='lat' dir='ltr'>proposuerunt,</span> 
     </span>
     <span class='ocr_line' id='line_1_37' title="bbox 334 2274 1766 2322; baseline 0.001 -14"><span class='ocrx_word' id='word_1_316' title='bbox 334 2288 425 2322; x_wconf 88' lang='lat' dir='ltr'>quas</span> <span class='ocrx_word' id='word_1_317' title='bbox 450 2277 546 2310; x_wconf 84' lang='lat' dir='ltr'>ultro</span> <span class='ocrx_word' id='word_1_318' title='bbox 571 2276 736 2320; x_wconf 88' lang='lat' dir='ltr'>citroque</span> <span class='ocrx_word' id='word_1_319' title='bbox 762 2276 1019 2309; x_wconf 78' lang='lat' dir='ltr'>existimabant</span> <span class='ocrx_word' id='word_1_320' title='bbox 1041 2275 1176 2309; x_wconf 89' lang='lat' dir='ltr'>habere</span> <span class='ocrx_word' id='word_1_321' title='bbox 1201 2286 1238 2309; x_wconf 89' lang='lat' dir='ltr'>se</span> <span class='ocrx_word' id='word_1_322' title='bbox 1262 2281 1389 2309; x_wconf 88' lang='lat' dir='ltr'>mutuo</span> <span class='ocrx_word' id='word_1_323' title='bbox 1416 2274 1606 2309; x_wconf 86' lang='lat' dir='ltr'>accusandi</span> <span class='ocrx_word' id='word_1_324' title='bbox 1623 2286 1766 2317; x_wconf 76' lang='lat' dir='ltr'>causas,</span> 
     </span>
     <span class='ocr_line' id='line_1_38' title="bbox 335 2320 1766 2370; baseline 0 -14"><span class='ocrx_word' id='word_1_325' title='bbox 335 2334 430 2370; x_wconf 87' lang='lat' dir='ltr'>quae</span> <span class='ocrx_word' id='word_1_326' title='bbox 456 2323 548 2356; x_wconf 80' lang='lat' dir='ltr'>alter</span> <span class='ocrx_word' id='word_1_327' title='bbox 570 2323 728 2368; x_wconf 85' lang='lat' dir='ltr'>populus</span> <span class='ocrx_word' id='word_1_328' title='bbox 756 2322 861 2356; x_wconf 77' lang='lat' dir='ltr'>alteri</span> <span class='ocrx_word' id='word_1_329' title='bbox 886 2322 1017 2356; x_wconf 87' lang='lat' dir='ltr'>damna</span> <span class='ocrx_word' id='word_1_330' title='bbox 1040 2323 1226 2356; x_wconf 82' lang='lat' dir='ltr'>intulisset</span> <span class='ocrx_word' id='word_1_331' title='bbox 1263 2327 1327 2355; x_wconf 82' lang='lat' dir='ltr'>aut</span> <span class='ocrx_word' id='word_1_332' title='bbox 1350 2320 1487 2355; x_wconf 86' lang='lat' dir='ltr'>bellum</span> <span class='ocrx_word' id='word_1_333' title='bbox 1512 2323 1630 2355; x_wconf 85' lang='lat' dir='ltr'>facere</span> <span class='ocrx_word' id='word_1_334' title='bbox 1658 2331 1766 2367; x_wconf 83' lang='lat' dir='ltr'>prae-</span> 
     </span>
     <span class='ocr_line' id='line_1_39' title="bbox 334 2368 1766 2415; baseline -0.002 -12"><span class='ocrx_word' id='word_1_335' title='bbox 334 2374 552 2414; x_wconf 83' lang='lat' dir='ltr'>occupasset.</span> <span class='ocrx_word' id='word_1_336' title='bbox 600 2369 729 2414; x_wconf 88' lang='lat' dir='ltr'>Itaque</span> <span class='ocrx_word' id='word_1_337' title='bbox 755 2380 836 2402; x_wconf 89' lang='lat' dir='ltr'>cum</span> <span class='ocrx_word' id='word_1_338' title='bbox 866 2370 1012 2414; x_wconf 86' lang='lat' dir='ltr'>utrique</span> <span class='ocrx_word' id='word_1_339' title='bbox 1046 2370 1167 2415; x_wconf 86' lang='lat' dir='ltr'>plures</span> <span class='ocrx_word' id='word_1_340' title='bbox 1194 2378 1373 2402; x_wconf 77' lang='lat' dir='ltr'>sermones</span> <span class='ocrx_word' id='word_1_341' title='bbox 1403 2380 1510 2412; x_wconf 84' lang='lat' dir='ltr'>super</span> <span class='ocrx_word' id='word_1_342' title='bbox 1534 2368 1603 2401; x_wconf 82' lang='lat' dir='ltr'>hac</span> <span class='ocrx_word' id='word_1_343' title='bbox 1640 2379 1678 2402; x_wconf 84' lang='lat' dir='ltr'>re</span> <span class='ocrx_word' id='word_1_344' title='bbox 1710 2368 1766 2400; x_wconf 84' lang='lat' dir='ltr'>ia-</span> 
     </span>
     <span class='ocr_line' id='line_1_40' title="bbox 334 2413 1766 2462; baseline 0.001 -14"><span class='ocrx_word' id='word_1_345' title='bbox 334 2420 513 2455; x_wconf 74' lang='lat' dir='ltr'>ctassent,</span> <span class='ocrx_word' id='word_1_346' title='bbox 540 2419 577 2448; x_wconf 86' lang='lat' dir='ltr'>et</span> <span class='ocrx_word' id='word_1_347' title='bbox 600 2415 849 2461; x_wconf 85' lang='lat' dir='ltr'>unusquisque</span> <span class='ocrx_word' id='word_1_348' title='bbox 872 2415 1017 2449; x_wconf 80' lang='lat' dir='ltr'>abunde</span> <span class='ocrx_word' id='word_1_349' title='bbox 1033 2441 1044 2457; x_wconf 87' lang='lat'><em>‚</em></span> <span class='ocrx_word' id='word_1_350' title='bbox 1071 2427 1143 2462; x_wconf 91' lang='lat' dir='ltr'>quo</span> <span class='ocrx_word' id='word_1_351' title='bbox 1168 2426 1206 2448; x_wconf 85' lang='lat' dir='ltr'>se</span> <span class='ocrx_word' id='word_1_352' title='bbox 1229 2424 1313 2448; x_wconf 86' lang='lat' dir='ltr'>suae</span> <span class='ocrx_word' id='word_1_353' title='bbox 1336 2415 1498 2459; x_wconf 86' lang='lat' dir='ltr'>patriae,</span> <span class='ocrx_word' id='word_1_354' title='bbox 1526 2420 1567 2448; x_wconf 88' lang='lat' dir='ltr'>ut</span> <span class='ocrx_word' id='word_1_355' title='bbox 1591 2413 1766 2456; x_wconf 81' lang='lat' dir='ltr'>decebat,</span> 
     </span>
     <span class='ocr_line' id='line_1_41' title="bbox 333 2460 1766 2508; baseline 0 -14"><span class='ocrx_word' id='word_1_356' title='bbox 333 2467 514 2495; x_wconf 82' lang='lat' dir='ltr'>amantem</span> <span class='ocrx_word' id='word_1_357' title='bbox 539 2466 576 2494; x_wconf 88' lang='lat' dir='ltr'>et</span> <span class='ocrx_word' id='word_1_358' title='bbox 600 2461 799 2495; x_wconf 84' lang='lat' dir='ltr'>studiosum</span> <span class='ocrx_word' id='word_1_359' title='bbox 823 2462 1031 2496; x_wconf 84' lang='lat' dir='ltr'>ostenderet</span> <span class='ocrx_word' id='word_1_360' title='bbox 1054 2463 1167 2496; x_wconf 80' lang='lat' dir='ltr'>iustas</span> <span class='ocrx_word' id='word_1_361' title='bbox 1184 2486 1193 2502; x_wconf 94' lang='lat'><strong>,</strong></span> <span class='ocrx_word' id='word_1_362' title='bbox 1209 2462 1363 2494; x_wconf 79' lang='lat' dir='ltr'>rationes</span> <span class='ocrx_word' id='word_1_363' title='bbox 1380 2485 1390 2501; x_wconf 92' lang='lat'>,</span> <span class='ocrx_word' id='word_1_364' title='bbox 1414 2460 1546 2508; x_wconf 80' lang='lat' dir='ltr'>quibus</span> <span class='ocrx_word' id='word_1_365' title='bbox 1573 2472 1649 2496; x_wconf 85' lang='lat' dir='ltr'>eam</span> <span class='ocrx_word' id='word_1_366' title='bbox 1682 2466 1766 2495; x_wconf 83' lang='lat' dir='ltr'>tue-</span> 
     </span>
     <span class='ocr_line' id='line_1_42' title="bbox 334 2505 1766 2555; baseline 0 -13"><span class='ocrx_word' id='word_1_367' title='bbox 334 2513 434 2542; x_wconf 77' lang='lat' dir='ltr'>retur</span> <span class='ocrx_word' id='word_1_368' title='bbox 458 2513 496 2540; x_wconf 84' lang='lat' dir='ltr'>et</span> <span class='ocrx_word' id='word_1_369' title='bbox 518 2507 742 2548; x_wconf 83' lang='lat' dir='ltr'>defenderet,</span> <span class='ocrx_word' id='word_1_370' title='bbox 769 2508 973 2551; x_wconf 82' lang='lat' dir='ltr'>attulisset,</span> <span class='ocrx_word' id='word_1_371' title='bbox 992 2508 1136 2543; x_wconf 83' lang='lat' dir='ltr'>tandem</span> <span class='ocrx_word' id='word_1_372' title='bbox 1153 2507 1262 2555; x_wconf 85' lang='lat' dir='ltr'>primi</span> <span class='ocrx_word' id='word_1_373' title='bbox 1271 2508 1420 2542; x_wconf 84' lang='lat' dir='ltr'>Romani</span> <span class='ocrx_word' id='word_1_374' title='bbox 1440 2508 1651 2543; x_wconf 85' lang='lat' dir='ltr'>concionem</span> <span class='ocrx_word' id='word_1_375' title='bbox 1668 2505 1766 2554; x_wconf 80' lang='lat' dir='ltr'>apud</span> 
     </span>
     <span class='ocr_line' id='line_1_43' title="bbox 333 2552 913 2588; baseline -0.002 0"><span class='ocrx_word' id='word_1_376' title='bbox 333 2558 550 2588; x_wconf 84' lang='lat' dir='ltr'>conventum</span> <span class='ocrx_word' id='word_1_377' title='bbox 573 2552 789 2587; x_wconf 78' lang='lat' dir='ltr'>habuerunt.</span> <span class='ocrx_word' id='word_1_378' title='bbox 908 2584 913 2587; x_wconf 87' lang='lat'><em>.</em></span> 
     </span>
    </p>

    <p class='ocr_par' dir='ltr' id='par_1_9' title="bbox 333 2599 1764 2788">
     <span class='ocr_line' id='line_1_44' title="bbox 426 2599 1764 2646; baseline 0 -12"><span class='ocrx_word' id='word_1_379' title='bbox 426 2599 481 2643; x_wconf 80' lang='lat'>24.</span> <span class='ocrx_word' id='word_1_380' title='bbox 529 2599 654 2644; x_wconf 86' lang='lat' dir='ltr'>Legati</span> <span class='ocrx_word' id='word_1_381' title='bbox 690 2602 945 2635; x_wconf 85' lang='lat' dir='ltr'>convenientes</span> <span class='ocrx_word' id='word_1_382' title='bbox 981 2604 1018 2634; x_wconf 87' lang='lat' dir='ltr'>et</span> <span class='ocrx_word' id='word_1_383' title='bbox 1040 2601 1079 2633; x_wconf 85' lang='lat' dir='ltr'>in</span> <span class='ocrx_word' id='word_1_384' title='bbox 1103 2611 1214 2634; x_wconf 88' lang='lat' dir='ltr'>unum</span> <span class='ocrx_word' id='word_1_385' title='bbox 1239 2601 1417 2646; x_wconf 83' lang='lat' dir='ltr'>congressi</span> <span class='ocrx_word' id='word_1_386' title='bbox 1443 2599 1489 2634; x_wconf 80' lang='lat' dir='ltr'>ad</span> <span class='ocrx_word' id='word_1_387' title='bbox 1516 2600 1605 2635; x_wconf 85' lang='lat' dir='ltr'>fines</span> <span class='ocrx_word' id='word_1_388' title='bbox 1627 2599 1764 2634; x_wconf 84' lang='lat' dir='ltr'>Orien-</span> 
     </span>
     <span class='ocr_line' id='line_1_45' title="bbox 333 2645 1764 2693; baseline -0.002 -11"><span class='ocrx_word' id='word_1_389' title='bbox 333 2648 381 2682; x_wconf 75' lang='lat' dir='ltr'>tin</span> <span class='ocrx_word' id='word_1_390' title='bbox 410 2646 456 2680; x_wconf 82' lang='lat' dir='ltr'>ab</span> <span class='ocrx_word' id='word_1_391' title='bbox 489 2651 644 2690; x_wconf 81' lang='lat' dir='ltr'>utroque</span> <span class='ocrx_word' id='word_1_392' title='bbox 669 2657 798 2692; x_wconf 86' lang='lat' dir='ltr'>regno,</span> <span class='ocrx_word' id='word_1_393' title='bbox 837 2652 878 2680; x_wconf 90' lang='lat' dir='ltr'>ut</span> <span class='ocrx_word' id='word_1_394' title='bbox 913 2647 1150 2692; x_wconf 85' lang='lat' dir='ltr'>dispicerent,</span> <span class='ocrx_word' id='word_1_395' title='bbox 1184 2646 1364 2693; x_wconf 84' lang='lat' dir='ltr'>quomodo</span> <span class='ocrx_word' id='word_1_396' title='bbox 1397 2659 1521 2692; x_wconf 78' lang='lat' dir='ltr'>pacem</span> <span class='ocrx_word' id='word_1_397' title='bbox 1546 2648 1682 2682; x_wconf 84' lang='lat' dir='ltr'><strong>firmam</strong></span> <span class='ocrx_word' id='word_1_398' title='bbox 1704 2645 1764 2679; x_wconf 79' lang='lat' dir='ltr'>sa-</span> 
     </span>
     <span class='ocr_line' id='line_1_46' title="bbox 334 2691 1763 2742; baseline 0 -13"><span class='ocrx_word' id='word_1_399' title='bbox 334 2696 478 2733; x_wconf 85' lang='lat' dir='ltr'>cerent,</span> <span class='ocrx_word' id='word_1_400' title='bbox 498 2691 638 2726; x_wconf 80' lang='lat' dir='ltr'>lubrica</span> <span class='ocrx_word' id='word_1_401' title='bbox 660 2698 697 2726; x_wconf 88' lang='lat' dir='ltr'>ct</span> <span class='ocrx_word' id='word_1_402' title='bbox 729 2693 896 2738; x_wconf 83' lang='lat' dir='ltr'>ambigua</span> <span class='ocrx_word' id='word_1_403' title='bbox 929 2693 1039 2727; x_wconf 81' lang='lat' dir='ltr'>verba</span> <span class='ocrx_word' id='word_1_404' title='bbox 1062 2692 1243 2740; x_wconf 80' lang='lat' dir='ltr'>utrimque</span> <span class='ocrx_word' id='word_1_405' title='bbox 1266 2694 1485 2736; x_wconf 86' lang='lat' dir='ltr'>emiserunt,</span> <span class='ocrx_word' id='word_1_406' title='bbox 1507 2700 1546 2729; x_wconf 86' lang='lat' dir='ltr'>et</span> <span class='ocrx_word' id='word_1_407' title='bbox 1567 2706 1660 2742; x_wconf 80' lang='lat' dir='ltr'>quae</span> <span class='ocrx_word' id='word_1_408' title='bbox 1689 2693 1763 2729; x_wconf 83' lang='lat' dir='ltr'>dici</span> 
     </span>
     <span class='ocr_line' id='line_1_47' title="bbox 336 2737 1763 2788; baseline 0.003 -12"><span class='ocrx_word' id='word_1_409' title='bbox 336 2739 518 2788; x_wconf 81' lang='lat' dir='ltr'>oportuit,</span> <span class='ocrx_word' id='word_1_410' title='bbox 541 2737 712 2774; x_wconf 81' lang='lat' dir='ltr'>dixerunt</span> <span class='ocrx_word' id='word_1_411' title='bbox 734 2745 779 2775; x_wconf 71' lang='lat' dir='ltr'>et</span> <span class='ocrx_word' id='word_1_412' title='bbox 795 2739 1012 2783; x_wconf 83' lang='lat' dir='ltr'>audierunt,</span> <span class='ocrx_word' id='word_1_413' title='bbox 1050 2744 1092 2774; x_wconf 79' lang='lat' dir='ltr'>et</span> <span class='ocrx_word' id='word_1_414' title='bbox 1113 2739 1207 2776; x_wconf 77' lang='lat' dir='ltr'>forte</span> <span class='ocrx_word' id='word_1_415' title='bbox 1231 2750 1328 2787; x_wconf 77' lang='lat' dir='ltr'>quae</span> <span class='ocrx_word' id='word_1_416' title='bbox 1350 2741 1499 2779; x_wconf 80' lang='lat' dir='ltr'>minime</span> <span class='ocrx_word' id='word_1_417' title='bbox 1525 2741 1597 2777; x_wconf 84' lang='lat' dir='ltr'>dici</span> <span class='ocrx_word' id='word_1_418' title='bbox 1623 2741 1763 2780; x_wconf 79' lang='lat' dir='ltr'>dehue-</span> 
     </span>
    </p>
   </div>
  </div>
 </body>
</html>
