1924 3164
556 223 589 262 E
625 222 912 265 MENANnm
951 223 1225 267 ms‘romA.
1493 206 1610 281 339

165 319 377 377 ἐχρήσατο
405 323 456 379 τῇ
482 324 624 380 λέξει,)
647 322 853 379 Ἀβάρους
879 340 927 366 τε
953 324 1028 367 καί
1050 325 1124 368 τὸν
1148 327 1233 369 τῶν
1254 321 1446 381 Ἀβάρων
1466 323 1616 386 Χαγά-
1631 330 1719 366 A.c.
1736 331 1804 378 579

166 402 258 429 νον·
285 388 374 429 ἀλλ’
403 386 659 442 ἐξαγαγόντα
688 389 826 441 σώους
851 388 1040 440 ἅπαντας
1065 390 1165 441 τούς
1202 393 1248 435 ἐν
1275 390 1385 448 αὐτῇ
1411 389 1616 446 στρατιώ-
1626 378 1787 460 Ῐὶὶΐὲζ

164 468 240 502 τας
276 468 322 494 τε
360 452 436 495 καί
472 454 723 511 οἰκήτορας,
766 456 818 497 οὕ
858 455 945 511 μὴν
984 455 1090 499 α’λλά
1121 456 1196 499 καί
1221 454 1301 500 ὅσα
1328 457 1443 500 ἐστὶν
1471 460 1618 508 αὐτοῖς
1742 450 1750 456 ’

164 521 247 561 τῶν
275 521 486 575 φέρεσθαι
513 522 758 574 δυναμένων
785 519 1032 577 κτημάτων,
1080 526 1395 580 παραχωρῆσαι
1429 526 1488 581 τῷ
1523 526 1623 566 Χα-

139 585 275 642 5γάνῳ
302 586 374 640 τῆς
401 583 588 640 πόλεως,
615 588 777 641 γυμνῆς
800 603 845 629 τε
871 590 946 630 καί
971 585 1131 645 ἐρήμου
1159 587 1207 630 τὸ
1238 588 1383 631 λοιπὸν
1407 588 1624 632 nanasard-

166 666 254 705 σης.
284 651 518 693 δεδοικέναι
544 650 622 708 γὰρ
655 651 809 707 αὕτὸν,
837 652 898 709 μή
927 655 1005 697 νῦν
1031 655 1110 708 μὲν
1136 661 1228 704 ταῖς
1253 656 1329 710 τῆς
1355 655 1522 712 εἰρήνης
1546 657 1624 710 ἐμ-

162 716 304 768 μένειν
352 723 647 772 προσποιοΐντο
680 715 892 773 εΡιομαῐόι,
939 719 1198 774 συνθήκαις,
1233 723 1363 777 μέχρι
1401 719 1476 763 τὸν
1509 723 1621 764 κατὰ

162 782 351 837 ,Περσῶν
374 784 585 825 διαθεῖντο
608 783 814 838 πόλεμον,
837 786 1081 840 διαθέμενοι
1097 788 1143 828 δὲ
1161 788 1380 840 μετέπειτα
1402 797 1655 842 πανστρα-(Ξ

161 849 231 904 ru}
260 845 368 890 κατὰ
391 847 588 904 Ἀβάρων
609 852 859 907 χωρήσοιεν,
884 850 1151 906 ἑτοιμότατον
1173 853 1625 908 ἐπιτείχισματαύτην

116 930 212 970 ιογε
240 914 378 970 δήπου
407 913 487 969 τήν
524 916 648 960 πόλιν
689 914 852 971 ἔχοντες
883 920 971 960 κατ’
1002 918 1173 972 αὐτῶν,
1221 919 1295 960 καί
1322 913 1415 960 οὔτε
1442 921 1622 977 ποταμῷ

161 978 318 1035 μεταξὺ
345 980 529 1041 μεγίστῳ
559 977 659 1024 οὔτε
683 981 771 1038 μήν
797 980 920 1041 ἑτέρᾳ
946 985 1032 1026 τινί
1058 985 1278 1043 δυσχωρίᾳ
1306 987 1519 1033 παντελῶς
1552 986 1620 1026 δι-

166 1045 417 1102 ειργόμενοι.
471 1049 607 1104 σαφές
633 1065 678 1091 τε
713 1046 822 1091 εἶναι
857 1052 932 1092 καί
970 1048 1271 1107 φανερώτατον
1293 1082 1306 1103 ,
1336 1048 1394 1098 ὥς
1437 1047 1512 1091 οὔκ
1550 1050 1624 1092 ἐπὶ

162 1115 279 1170 καλῷ
321 1115 378 1172 τῷ
416 1112 640 1176 Ἀβάρων,
682 1116 848 1171 εἰρήνης
880 1118 940 1174 τῷ
979 1114 1266 1171 αὕτοκράτορι
1313 1113 1417 1172 πρὸς
1465 1114 1625 1165 αὐτούς

164 1181 372 1233 σταθερᾶς
399 1180 688 1236 συνεστώσης,
725 1183 960 1236 τηλικαῦτα
990 1183 1091 1238 περὶ
1115 1180 1192 1237 τήν
1219 1180 1343 1223 πόλιν
1367 1180 1414 1224 τὸ
1445 1181 1625 1237 Σιρμιον

115 1243 466 1303 ιόῴκοδομήσατο
505 1247 636 1301 τείχη.
692 1246 860 1302 χαίρειν
895 1248 975 1301 μὲν
1011 1246 1092 1303 γάρ
1124 1246 1289 1303 ἔφασκε
1314 1247 1388 1289 τὸν
1419 1245 1622 1302 Χαγάνον

168 1310 244 1354 καὶ
267 1311 341 1353 ἐπὶ
364 1317 453 1361 τοῖς
485 1314 586 1353 καθ’
611 1312 786 1354 ἕκαστον
816 1310 907 1363 ἔτος
938 1315 1224 1366 στελλομένοις
1252 1314 1365 1370 αὐτῷ
1395 1311 1511 1367 παρα
1539 1316 1622 1366 βα-

164 1378 315 1426 σιλέως
343 1378 510 1433 δώροις.
555 1375 685 1419 καλὸν
707 1376 790 1432 γὰρ
820 1377 1034 1434 ὑπάρχειν
1063 1379 1228 1432 κτῆμα,
1258 1379 1332 1419 καί
1354 1376 1520 1434 χρυσὸν
1547 1379 1624 1419 καί

164 1438 351 1499 ἄργυρον
377 1442 452 1485 καί
475 1445 555 1496 μὲν
581 1438 659 1485 οὖν
686 1445 850 1499 ἐσθῆτα
878 1443 1083 1500 σηρικήν·
1112 1442 1307 1486 ἁπάντων
1338 1445 1378 1485 δ’
1400 1439 1478 1486 οὖν
1506 1443 1622 1495 ιῖξιο-

163 1509 409 1565 κτητότερον
448 1505 558 1551 εἶναι
601 1508 761 1552 τούτων
805 1511 882 1552 καί
916 1509 1168 1567 τιμιώτερον
1204 1508 1280 1565 τήν
1308 1508 1456 1565 ψυχήν
1467 1541 1481 1563 ,
1523 1507 1659 1565 aspin

110 1569 213 1630 αοῆς
241 1572 502 1631 φοβούμενον
543 1573 674 1618 αυ’τὸν
710 1574 786 1618 καὶ
821 1573 1174 1631 ἀναλογιζόμενον
1203 1576 1261 1625 ὥς
1287 1574 1339 1618 τοὶ
1368 1573 1502 1617 πολλοὶ
1532 1578 1665 1618 τῶνν.
1676 1585 1721 1619 88

162 1642 224 1689 εἰς
269 1639 342 1683 τὸν
381 1640 614 1697 φθάσαντα
651 1639 808 1698 χρόνον
842 1645 932 1685 κατ’
977 1642 1139 1698 ἐκείνην
1170 1643 1307 1699 δήπου
1351 1640 1429 1696 τήν
1471 1641 1619 1698 χώραν

164 1703 426 1749 ἐπελθόντων
454 1709 588 1749 ἐθνῶν
614 1705 822 1758 τοιούτοις
851 1707 1006 1764 δώροις
1027 1708 1240 1762 ι,Ρωμαῖοι
1268 1709 1617 1763 προκαλέσαντες,

161 1772 281 1822 τέλος
328 1772 372 1822 ἐς
414 1771 564 1829 καιρὸν
609 1773 852 1827 ἐπιθέμενοι
900 1776 1174 1833 πανωλεθρίᾳ
1219 1774 1499 1830 διέφθειραν,
1540 1768 1619 1814 οὐκ

255 1873 290 1910 8.
316 1870 542 1919 διαθέμενοι
566 1873 619 1914 B„
644 1871 910 1920 διατιθέμενοι
941 1874 1037 1919 vulg.
1117 1884 1169 1919 ¹7·
1186 1867 1305 1909 καλὸν
1325 1873 1392 1916 N„
1421 1870 1496 1908 κᾶν
1522 1874 1618 1919 vulg.

162 1957 262 1990 lenta
286 1954 391 1998 urbe,
414 1956 527 2002 magis
551 1966 617 2002 pro
642 1967 716 1989 una
741 1955 828 1996 olla,
850 1956 919 2003 (ea
943 1958 1043 1991 enim
1071 1956 1233 1992 dictione
1257 1968 1344 1991 usus
1370 1956 1521 2002 fuerat‚)
1541 1967 1617 1990 non

161 2002 302 2037 bellum
326 2003 366 2037 in
390 2003 521 2048 A-vares
545 2009 583 2037 et
605 2003 760 2037 Avarum
785 2003 993 2050 Chaganum
1017 2004 1244 2050 susciperet,
1268 2004 1334 2039 sed
1362 2004 1394 2036 si
1422 2009 1616 2038 contentus

162 2051 318 2095 educere
346 2050 462 2084 salvos
488 2055 526 2084 et
550 2050 750 2085 incolumes
774 2060 900 2084 omnes
923 2050 1060 2084 milites
1084 2052 1264 2085 Romanos
1296 2056 1334 2085 et
1366 2050 1468 2085 urbis
1508 2050 1614 2083 ineo-

160 2098 215 2131 las
253 2108 326 2130 una
360 2108 441 2130 cum
474 2097 547 2130 suis
572 2096 703 2138 rebus,
740 2097 918 2143 quicquid
943 2108 1067 2131 earum
1091 2099 1218 2132 efferre
1242 2098 1451 2143 potuerint,
1483 2096 1612 2131 urbem

162 2143 300 2184 nudam
325 2148 362 2177 et
386 2144 564 2178 desertam
590 2143 759 2190 Chagano
787 2145 944 2179 cederet.
991 2145 1099 2178 Hunc
1125 2145 1223 2178 enim
1246 2145 1403 2178 veritum
1427 2154 1504 2178 esse
1519 2169 1530 2185 ,
1565 2153 1613 2176 ne

162 2192 314 2225 Romani
338 2196 434 2224 stare
458 2192 555 2235 pacis
580 2191 854 2225 conditionibus
879 2192 920 2225 in
944 2190 1066 2225 animo
1099 2190 1278 2225 haberent
1309 2190 1490 2237 tantisper
1524 2189 1613 2224 dum

162 2237 323 2279 bellum,
362 2237 463 2284 quod
496 2250 577 2272 cum
608 2237 723 2272 Persis
757 2243 942 2282 gererent,
983 2238 1229 2280 confecerint,
1273 2248 1391 2284 eoque
1423 2237 1615 2279 consecto,

164 2284 334 2318 omnibus
361 2285 501 2319 viribus
526 2285 565 2318 in
586 2286 718 2320 Avares
743 2283 918 2330 impetum
942 2285 1084 2326 facere,
1108 2295 1220 2331 quum
1237 2284 1331 2319 hanc
1349 2284 1473 2339 urbem
1489 2295 1615 2330 prom«

162 2332 369 2377 ptissimum
393 2332 563 2366 adversus
588 2332 685 2377 ipsos
709 2332 1020 2377 propugnaculum
1044 2330 1242 2372 haberent,
1271 2343 1393 2378 neque
1418 2332 1611 2365 interiecto

163 2379 273 2412 fluvio
297 2380 452 2414 maximo
479 2383 543 2412 aut
565 2379 638 2412 alia
662 2379 735 2412 loci
762 2378 973 2412 difficultate
1001 2378 1277 2424 impedirentur.
1335 2377 1503 2413 Ceterum
1529 2389 1614 2423 per·

165 2425 331 2470 spicuum
367 2431 406 2458 et
440 2423 606 2470 apertum
640 2437 741 2466 esse,
774 2427 1031 2470 Imperatorem
1068 2424 1247 2460 commodi
1285 2423 1440 2461 Avarum
1471 2425 1611 2458 nullam

163 2472 338 2506 habuisse
369 2473 569 2514 rationem,
606 2473 694 2519 qui,
730 2473 839 2506 etiam
864 2483 950 2516 pace
976 2473 1196 2513 constituta,
1231 2472 1409 2518 oppidum
1434 2471 1608 2506 Sirmium

163 2519 404 2553 validioribus
419 2520 612 2553 moenibus
639 2520 803 2553 cinxerit.
838 2519 925 2553 Frui
950 2518 1099 2565 quidem
1126 2519 1334 2565 Chaganum
1359 2518 1486 2560 donis,
1511 2529 1607 2566 quae

163 2567 317 2612 singulis
348 2568 452 2600 annis
485 2567 641 2611 accipiat
672 2565 716 2599 ab
743 2567 984 2611 imperatore3
1017 2577 1100 2599 nam
1125 2566 1245 2611 magui
1270 2566 1381 2610 pretii
1406 2572 1506 2599 hona
1532 2575 1611 2599 esse

165 2625 314 2655 aurum,
341 2618 528 2659 argentum
554 2619 591 2647 et
617 2614 768 2647 sericam
793 2619 951 2654 vestem,
987 2613 1053 2647 sed
1076 2613 1298 2647 carissimum
1325 2617 1363 2647 et
1385 2612 1612 2658 pretiosissi-

164 2672 263 2694 mum
293 2661 456 2694 omnium
483 2659 663 2694 bonorum
694 2671 771 2694 esse
803 2661 936 2701 vitam,
973 2661 1033 2692 cui
1067 2671 1180 2706 quum
1214 2662 1380 2700 timeret,
1420 2665 1458 2693 et
1488 2659 1611 2692 animo

165 2711 360 2753 repeteret,
384 2709 562 2741 Romanos
588 2707 720 2741 multas
746 2711 869 2751 gentes
883 2708 922 2740 in
946 2706 1002 2740 his
1025 2707 1115 2740 locis
1139 2707 1245 2741 donis
1270 2712 1307 2740 et
1330 2704 1542 2739 muneribus
1564 2702 1614 2737 ad

165 2765 204 2788 se
229 2755 399 2789 accivisse
423 2759 462 2788 et
483 2754 724 2797 pertraxisse,
748 2765 836 2801 quas
862 2752 996 2787 deinde
1021 2758 1184 2799 tempore
1207 2752 1429 2799 procedente
1455 2752 1613 2795 subege-

165 2801 241 2836 rint
265 2806 303 2835 et
336 2799 503 2836 funditus
527 2803 747 2844 everterint,
778 2811 899 2848 neque
936 2799 1062 2844 dffnis,
1096 2811 1218 2848 neque
1242 2799 1454 2848 promissis,
1491 2804 1612 2846 neque
