1924 3164
665 204 668 205 ⁷
703 196 707 197 ⁷
734 195 1084 243 FRAGMENTA.
1515 175 1624 245 441

290 305 346 360 η’.
375 304 443 347 -Ὁ
459 306 506 347 δὲ
525 301 791 354 ἐπετοξὰζετο
815 301 925 344 κατὰ
951 303 1030 344 τοῦ
1056 300 1303 356 βαρβάρου,
1328 289 1405 340 καί
1416 298 1535 352 μάλα
1563 299 1635 340 εὖ·
1646 302 1765 339 R-365

181 369 428 426 στοχώτατα
456 368 505 412 τὸ
536 371 663 426 κέρας
689 369 874 418 ἐκτείνας
902 368 1059 425 ἀφίησι
1084 365 1159 410 τὸν
1193 362 1399 424 ἄτρακτον
1429 362 1534 407 κατὰ
1561 367 1640 406 τοῦ

179 437 296 491 'Keil
321 451 334 465 ⁰
371 434 417 478 τὸ
447 437 495 479 δὲ
522 437 643 490 βέλος
673 431 935 494 ἀνεῳγμένον
962 433 1224 491 προφθάσαν
1254 430 1303 475 τὸ
1333 430 1473 485 στόμα
1491 464 1504 485 ,
1534 431 1642 472 ἐκεῖ-

181 519 230 545 σε
258 501 467 557 ἐμπεσὸν,
495 503 731 544 κατέπαυσε
761 501 840 556 τήν
868 501 1043 555 πτῆσιν·
1098 501 1173 542 καί
1198 497 1250 555 δὴ
1281 497 1303 542 ὅ
1330 495 1443 553 Κοόχ
1471 493 1642 539 edam-

154 556 261 625 5ρὸν
289 569 466 624 ἅπεβίω.
493 585 584 610 voc.
614 563 824 624 ἄτρακτον
839 601 853 620 ,
880 564 1104 622 εὐθυωρόν
1131 577 1170 607 et
1195 563 1323 620 Κώχ.
1545 615 1549 617 μ

291 632 349 677 θ’.
405 632 583 677 Mon-9061*
613 630 671 683 ὥς
697 637 792 682 ταῖς
819 628 901 688 ἤδη
920 629 1005 673 ὑπὸ
1036 631 1261 686 Ζαχαρίου
1292 628 1640 683 δοκιμασθείσαις

181 703 383 751 σπονδαῖς
427 702 480 742 οὖ
518 701 745 756 στέργουσι
774 697 1003 752 Ῥωμαῖοι,
1032 698 1242 754 ἐπαφίησι
1268 694 1344 739 τὸν
1377 692 1636 752 Ταγχοσδρώ

179 764 283 809 κατὰ
308 768 385 823 τῆς
408 766 630 819 Ῥωμαίων
658 763 936 821 ἐπικρατείας.
993 780 1083 806 voe.
1114 761 1363 817 δοκιμάσας.
1633 812 1638 820 ¹

287 832 326 876 ι’.
374 833 426 875 Ὃ
453 834 501 874 δὲ
535 830 822 888 Ταγχοσδρώ,
855 831 877 874 ὅ
918 833 996 874 τοῦ
1024 828 1224 887 Χοσρόου
1254 827 1506 886 στρατηγός,
1538 824 1643 884 οὖχῖ

118 896 408 956 Υ,ἱθὲλὲφαντιίς
444 914 491 941 τε
519 899 593 940 καί
619 894 827 954 ἀγροίκων
854 894 1003 952 ὅμιλον
1030 898 1105 940 καί
1129 896 1252 953 ἕτερα
1288 890 1398 938 ἅττα
1429 893 1638 952 φόβητρα,

178 963 325 1023 κόμπῳ,
353 967 432 1020 μὲν
461 962 676 1022 ἁρμόδια,
706 963 857 1020 ἔνεργά
885 980 930 1007 τε
957 963 1032 1007 καί
1058 964 1245 1019 ἐμβριθῆ
1273 964 1499 1016 ου’δαμῶς,
1526 959 1635 1027 ἄλλοι

175 1031 278 1081 τούς
305 1025 637 1086 μαχιμωτάτους
662 1047 707 1074 τε
735 1031 810 1073 καὶ
837 1031 1140 1080 εὐοπλοτάτους
1167 1031 1350 1086 ἀγείρας,
1379 1026 1569 1085 πλήθους
1589 1043 1636 1069 τε

175 1099 348 1152 α’γενοῦς
376 1097 650 1158 ἀντάλλαγμα
676 1095 776 1148 τούς
803 1097 857 1140 τοὶ
872 1099 1055 1152 πολέμια
1085 1095 1248 1147 δεινοὺς
1274 1096 1516 1153 α’ποκρίνας.
1543 1112 1632 1138 voc-

174 1164 363 1220 ἐμβριθῆ
396 1165 498 1207 νοῦν
524 1176 564 1206 ec
596 1163 870 1221 Ταγχοσὸριό.

124 1225 173 1266 15
286 1233 383 1272 Καὶ
416 1226 558 1280 αὖθις·
628 1227 799 1274 ἐστοίναι
838 1247 882 1274 τε
927 1232 1244 1288 ἐμβριθέστατα
1285 1230 1359 1272 καὶ
1403 1225 1636 1282 ἐπαμύνειν

175 1297 229 1353 τῇ
255 1296 387 1338 πόλει.
442 1300 580 1339 itidem
604 1315 639 1339 s.
677 1314 764 1351 voc.
818 1299 1008 1354 ἐμβριθῆ
1032 1298 1146 1344 νοῦν,

286 1363 357 1404 ια’.
378 1362 430 1405 Ὃ
453 1365 500 1406 δὲ
520 1362 690 1418 ἡγεμών
715 1366 762 1407 ἐν
804 1361 872 1417 ἐνὶ
894 1365 978 1406 τῶν
1005 1361 1111 1405 ἑπτὰ
1142 1360 1287 1419 λόφων
1307 1359 1510 1414 ἀνελθών,
1538 1360 1634 1402 ἐπε-

174 1429 323 1479 θείαζε
352 1426 515 1485 ῥήμασι
530 1427 789 1487 βαρβάροις,
819 1431 894 1473 καί
916 1432 1064 1487 γαυρῷ
1090 1431 1147 1488 τῷ
1176 1429 1421 1487 φρονήματι
1448 1432 1634 1483 μεγαλη-

175 1495 297 1552 γορίᾳ
325 1496 494 1552 ἐχρῆτο.
550 1513 639 1538 voc.
670 1497 905 1549 ἐπεθείαζε.

113 1574 170 1602 20
286 1559 356 1614 ιβ’.
418 1562 471 1605 Οἱ
499 1563 547 1605 δὲ
563 1557 750 1620 Ἀβαροι
777 1561 882 1606 κατὰ
911 1563 985 1620 τὴν
1001 1565 1080 1606 τοῦ
1106 1564 1293 1616 πολέμου
1317 1560 1479 1618 κίνησιν
1506 1559 1629 1616 ἐβού-
1642 1567 1679 1600 R.
1691 1568 1760 1609 369

170 1629 291 1669 λοντο
319 1622 426 1683 ἦχον
467 1629 630 1685 ἐγεῖραι
668 1631 855 1686 ξυμμιγῆ
881 1646 928 1672 τε
964 1633 1040 1673 καί
1076 1625 1251 1687 ἄγριον,
1281 1628 1345 1672 ἔτι
1374 1630 1422 1671 δὲ
1450 1623 1526 1670 οὖν
1555 1626 1630 1677 ξὺν

169 1694 232 1751 τῷ
260 1692 528 1750 ἀλαλάγματι
555 1696 841 1753 ἐπιδουπῆσαι
867 1702 954 1747 τοῖς
979 1696 1238 1752 τυμπάνοις,
1268 1692 1382 1746 ὅπως
1409 1691 1464 1739 ἂν
1491 1697 1536 1744 ἐς
1561 1710 1630 1737 το-

261 1796 296 1829 6.
322 1794 515 1828 Menandri
540 1795 632 1829 haec
662 1807 753 1838 esse,
777 1808 892 1843 quum
914 1798 994 1831 sine
1018 1798 1177 1832 auctoris
1202 1799 1354 1833 nomine
1377 1797 1521 1842 prolata
1540 1797 1634 1838 sint5·

261 1843 451 1886 perspexit
471 1843 651 1877 Valesius.
765 1855 796 1890 7.
824 1841 893 1878 τὸν
915 1837 1080 1890 Χοσδρῶ
1106 1846 1201 1892 vulg.
1302 1856 1354 1879 11.
1381 1838 1518 1888 ἐνεεργαι
1555 1855 1625 1876 s.v.

265 1886 526 1934 Ταγχοσιΐρώ,
549 1889 695 1935 ἐναργῆ
725 1901 754 1927 s.
776 1902 809 1924 v.
834 1891 1000 1938 ἐμβριθῆ
1027 1892 1135 1930 νοῦν.
1233 1890 1286 1928 15.
1331 1892 1409 1927 Hoc
1443 1892 1627 1936 fragmen-

260 1939 341 1968 tum
359 1935 554 1970 Menandri
585 1946 664 1971 esse
689 1937 870 1972 affirmare
894 1950 970 1972 non
994 1940 1126 1973 ausim.

262 2032 297 2066 8.
346 2032 417 2067 Ille
441 2044 526 2068 vero
552 2044 674 2067 arcum
704 2034 744 2068 in
771 2033 970 2069 barbarum
1007 2035 1224 2077 intendens,
1253 2035 1349 2068 iactu
1390 2034 1490 2068 haud
1526 2046 1620 2070 vano

170 2079 338 2123 sagittam
363 2081 404 2112 in
431 2079 592 2114 Cochum
619 2081 750 2115 emisit.
799 2083 908 2116 Porro
933 2081 1072 2123 telum,
1106 2085 1187 2115 cu'm
1213 2093 1280 2126 per
1308 2091 1347 2114 os
1370 2087 1537 2126 apertum
1560 2084 1625 2116 ixx-2

172 2131 326 2168 tra-sset,
351 2127 391 2159 in
416 2132 562 2171 gutture
587 2127 717 2162 haesit.
768 2129 910 2163 Cochus
934 2140 1019 2163 vero
1046 2131 1168 2163 statim
1193 2130 1270 2163 vita
1297 2130 1462 2163 excessit.

260 2185 294 2218 9.
346 2173 540 2219 Comperto
571 2175 752 2209 Romanos
780 2188 856 2210 non
879 2176 1112 2223 acquieturos
1146 2176 1289 2220 legibus
1313 2176 1487 2217 foederis,
1518 2177 1621 2224 quod

169 2219 356 2254 Zacharias
382 2222 582 2262 sancierat,
606 2221 881 2257 Tanchosdrum
905 2224 1104 2268 provinciis
1129 2223 1298 2256 Romanis
1321 2223 1497 2257 immittit.

267 2278 321 2301 10.
372 2267 607 2302 Tanchosdro
636 2275 780 2311 autem,·
805 2271 977 2303 Chosro'is
1004 2272 1192 2317 copiarum
1216 2270 1311 2311 dux,
1337 2281 1413 2304 non
1437 2269 1617 2315 elephan-

167 2316 222 2345 tas
246 2313 466 2361 turbamque
492 2316 724 2358 rusticorum,
750 2323 788 2351 et
811 2316 920 2351 huius
946 2319 1088 2363 generis
1113 2316 1479 2358 terriculamenta;ad
1494 2324 1619 2351 osten-

166 2361 343 2394 talionem
371 2361 520 2408 quidem
553 2368 637 2408 apta
652 2389 663 2405 ,
684 2359 810 2397 verum
834 2365 938 2398 nullo
962 2365 1072 2399 modo
1097 2365 1200 2398 firma
1229 2369 1267 2398 et
1290 2374 1427 2404 secura,
1455 2365 1619 2411 collegit,

166 2406 231 2439 sed
254 2409 349 2442 viros
374 2409 567 2444 bellicosos
593 2415 631 2443 et
658 2411 799 2456 egregie
823 2416 1003 2445 armatos:
1038 2411 1182 2446 selectis
1205 2409 1288 2454 his,
1324 2413 1390 2459 qui
1414 2412 1454 2446 in
1474 2423 1514 2446 re
1536 2412 1620 2447 bel-

164 2453 236 2486 lica
262 2457 484 2490 excellerent
505 2457 665 2491 imbellis
687 2457 938 2493 multitudinis
963 2459 1056 2494 loco.

259 2501 306 2534 Et
330 2515 475 2538 rursus:
525 2505 698 2539 Firmiter
725 2511 819 2539 stare
843 2506 884 2538 in
908 2506 999 2548 acie,
1026 2512 1065 2540 et
1087 2517 1247 2553 pugnare
1272 2517 1339 2551 pro
1364 2506 1570 2540 moenibus.

266 2559 317 2581 ιι.
365 2550 450 2583 Dux
473 2562 560 2584 vero
586 2551 625 2585 in
654 2563 768 2585 unum
797 2563 817 2586 e
842 2557 983 2597 septem
1009 2553 1167 2588 collibus
1193 2553 1418 2594 conscendit,
1449 2559 1487 2587 et
1520 2554 1616 2597 lym-

164 2592 306 2638 phatici
329 2595 443 2630 instar
466 2597 622 2631 barbara
644 2599 757 2633 verba
789 2600 1034 2646 proloquens,
1072 2600 1250 2637 insolenti
1280 2600 1378 2636 fastu
1414 2602 1620 2634 orationem

165 2641 362 2676 iactantiae
388 2644 533 2687 plenam
557 2644 702 2680 hahuit.

264 2699 316 2722 ια.
364 2690 496 2724 Avares
531 2697 654 2726 autem
688 2693 756 2727 sub
788 2693 937 2728 initium
969 2694 1102 2739 proelii
1136 2695 1323 2729 dissonum
1356 2698 1394 2728 et
1424 2693 1615 2727 horridum

166 2735 358 2768 'clamorem'
386 2737 542 2779 tollere,
577 2745 615 2778 et
638 2751 718 2773 cum
741 2741 890 2775 fremitu
916 2741 1050 2775 bellico
1079 2747 1255 2787 tympana
1286 2753 1433 2788 quoque
1468 2741 1614 2785 pulsare

166 2785 386 2826 statuerant,
411 2788 454 2818 ut
476 2786 629 2832 inopino
659 2787 725 2822 illo
749 2786 1032 2837 vehementique
1058 2790 1215 2836 strepitu
1232 2789 1411 2823 Romanos
1435 2787 1622 2834 porcello--
