1838 3210
682 189 754 230 DE
790 181 999 231 musco,
1433 190 1562 230 xxix

122 303 206 349 aet3
226 297 292 336 cui
320 296 439 335 etiam
461 292 652 334 aValesio
667 300 708 332 et
717 293 920 344 Gibbono,
941 293 1106 335 summis
1122 293 1236 346 viris,
1259 292 1416 334 laudari
1432 297 1564 334 conti-

125 365 198 416 git.
255 361 408 401 Rhetor
426 359 590 409 dicitur,
617 365 660 398 at
685 358 794 399 idem
816 360 992 413 sophista
1001 360 1084 413 Μ),
1110 360 1220 400 unde
1236 359 1461 414 colligimus
1480 375 1562 400 non

124 428 368 468 causidicum
388 425 733 479 Constantinopoli
762 427 904 479 egisse,
934 427 1004 466 sed
1021 427 1239 467 oratoriam
1258 434 1386 466 artem
1413 427 1470 466 ibi
1491 427 1564 466 do-

125 497 270 534 cuisse.
306 495 493 533 Ceterum
509 492 560 531 de
579 493 664 531 eius
680 492 765 532 vita
782 492 860 531 hoc
875 494 1328 547 tantumcomperimus:
1360 500 1566 547 receptum

125 562 169 600 in
197 562 414 600 amicitiam
439 559 680 610 Maximini,
722 559 800 599 viri
844 557 915 598 illo
943 573 1044 599 aevo
1067 561 1247 613 primarii
1260 592 1274 612 ,
1317 574 1412 599 cum
1438 574 1486 599 eo
1513 560 1566 599 ad

124 626 298 667 Attilam
315 655 329 678 ‚
354 633 395 666 et
419 632 555 679 postea
570 653 583 676 ‚
626 625 833 665 Marciano
860 626 1098 679 imperante,
1138 626 1181 665 in
1208 625 1403 666 Arabiam
1429 625 1565 680 Aegy-

123 700 320 749 ptumque
334 693 556 747 profectum
575 706 659 731 esse
667 693 737 745 ⁰⁵).
768 692 852 743 Qui
877 694 1119 732 Maximinus
1135 707 1260 746 quum
1276 693 1425 746 absque
1441 692 1567 731 dubio

123 764 176 813 p'a
204 774 303 799 anus
331 766 448 810 esset,
478 758 744 812 (Christianus
772 759 879 797 enim
904 773 1113 813 nunquam
1141 761 1322 798 animum
1347 759 1566 798 induxisset

125 812 175 865 ut*
250 826 375 879 emyis
411 824 461 864 de
487 825 608 864 sacris
635 824 676 863 in
703 824 915 864 Philarum
943 824 1075 864 insula
1101 825 1350 865 celebrandis
1375 825 1569 865 concede-

126 892 264 944 deret‚
300 891 552 945 foederisque
589 890 770 930 tabulam
812 892 855 930 in
884 889 954 930 illo
977 890 1128 944 templo
1165 891 1315 945 figeret)
1342 893 1570 931 coniectura

127 959 209 997 iam
227 972 299 1012 per
319 971 360 997 se
376 955 494 997 valde
515 955 735 1011 probabilis
754 957 938 996 Priscum
959 971 1121 1010 quoque
1149 959 1322 1012 antiquis
1347 959 1469 997 sacris
1496 957 1569 997 ad-

127 1024 280 1064 dictum
307 1024 452 1071 fuisse,
482 1023 608 1077 magis
637 1022 770 1062 adhue
800 1023 1077 1062 confirmatur.

236 1090 383 1131 Eidem
412 1090 552 1129 Prisco
592 1089 736 1128 Suidas
777 1097 983 1144 praeterea
1011 1089 1154 1129 tribuit
1179 1089 1500 1130 Declamationes
1532 1097 1572 1131 et

127 1157 346 1213 Epistolas.

239 1228 485 1268 Testimonia
512 1228 562 1267 de
590 1227 732 1267 Prisco
747 1241 760 1267 z

238 1294 390 1335 SmnAs
420 1300 454 1333 s.
486 1308 555 1333 v.:
587 1292 776 1347 Πρίσκος
801 1292 1017 1347 Πανίτης,
1045 1290 1273 1349 σοφιστῆς,
1299 1290 1475 1347 γεγονώς
1503 1293 1577 1335 ἐπὶ

129 1361 215 1402 τῶν
250 1357 418 1414 χρόνων
465 1355 692 1400 Θεοδοσίου
731 1359 809 1400 τοῦ
845 1361 1025 1414 μικροῦ·
1058 1357 1244 1414 ἔγραψεν
1267 1357 1458 1415 ἱστορίαν
1483 1363 1573 1402 Βυ-

130 1422 324 1480 ζαντικὴν
352 1424 425 1466 καί
452 1424 549 1481 (ins.
581 1423 653 1480 τὰ)
683 1421 789 1466 κατ-οὶ
812 1418 1019 1466 ’Ἄτταλον
1038 1422 1294 1482 (Ἀττήλαν)
1325 1427 1369 1468 ἐν
1397 1424 1575 1480 βιβλίοις

129 1489 237 1533 ὀκτώ
253 1525 268 1545 ,
295 1490 470 1544 μελέτας
507 1505 552 1531 τε
580 1488 804 1546 ῥητορικάς
831 1491 904 1531 καί
929 1490 1162 1539 ἐπιστολάς.

240 1559 456 1600 Euenus
492 1559 581 1598 hist.
612 1559 706 1597 eccl.
738 1558 772 1598 1.
808 1572 905 1612 17.:
945 1557 992 1598 ἑν
1030 1554 1195 1605 τούτοις
1233 1562 1322 1606 τοῖς
1358 1555 1527 1612 χρόνοις
1555 1555 1578 1599 ὃ

131 1621 264 1673 πολὺς
290 1623 349 1681 τῷ
381 1619 488 1680 λόγῳ
515 1619 695 1675 πόλεμος
721 1621 927 1677 ἐκεκίνητο
967 1622 1143 1665 'Anam
1181 1624 1257 1664 τοῦ
1280 1623 1365 1666 τῶν
1397 1626 1575 1666 Σκυθῶν

131 1690 363 1744 βασιλέως,
406 1685 456 1730 ὃν
483 1690 710 1745 περιέργως
737 1688 811 1729 καί
835 1690 879 1737 ἐς
905 1687 955 1730 τὰ
982 1685 1169 1741 μάλιστα
1209 1690 1357 1743 λογίως
1383 1683 1576 1745 Πρίσκος

133 1752 157 1795 ὅ
197 1751 341 1811 ῥήτωρ
384 1751 565 1811 γράφει,
609 1753 720 1808 μετὰ
763 1756 918 1808 πολλῆς
953 1757 1028 1808 τῆς
1062 1755 1269 1808 κομψείας
1306 1755 1577 1810 διηγούμενος

133 1817 248 1869 ὅπως
285 1835 331 1862 τε
367 1819 475 1861 κατὰ
512 1822 597 1862 τῶν
634 1817 748 1877 ἑῴων
775 1818 849 1861 καί
869 1817 1072 1875 ἑσπερίων
1103 1820 1379 1875 ἐπεστράτευε
1404 1821 1576 1875 μερῶν,

134 1887 226 1934 οΐας
251 1900 295 1927 τε
324 1887 399 1927 καί
421 1880 521 1934 ὅσας
547 1884 686 1934 πόλεις
714 1883 822 1927 ἑλών
866 1883 1098 1941 κατήγαγε,
1124 1884 1198 1927 καί
1233 1881 1314 1928 ὅσα
1350 1884 1577 1941 πεπραχώς

132 1953 218 1994 τῶν
245 1953 442 1994 ἐντεῦθεν
467 1952 654 2005 μετέστη.

243 2020 358 2059 Idem
392 2019 445 2060 V.
474 2019 536 2059 16.
564 2034 576 2059 :
624 2018 671 2059 ἐκ
697 2019 922 2073 πρεσβείας
951 2019 998 2060 δὲ
1024 2018 1107 2059 τῶν
1135 2013 1338 2073 ἑσπερίων
1358 2016 1578 2069 Ῥωμαίων

132 2083 364 2137 Ἀνθὲμιος
391 2081 594 2137 βασιλεύς
632 2084 716 2125 τῶν
737 2080 969 2136 ζΡωμαίων
997 2084 1270 2136 ἐκπέμπεται,
1308 2076 1346 2141 ᾧ
1371 2085 1578 2137 Μαρκια-

135 2148 206 2200 νὸς
243 2147 266 2191 ὅ
303 2145 448 2205 πρώην
483 2147 791 2203 βεβασιλευκώς
836 2147 913 2203 τὴν
949 2150 1104 2190 οἰκείαν
1139 2148 1395 2203 κατηγγύησε
1427 2149 1573 2189 παῖδα.

135 2215 390 2268 ἐκπέμπεται
418 2217 465 2257 δὲ
492 2212 726 2271 στρατηγὸς
752 2212 858 2255 κατὰ
886 2216 928 2256 Γ
925 2215 1112 2271 ιζερίχου
1140 2215 1422 2267 Βασιλίσκος,
1455 2213 1479 2256 ὅ
1505 2216 1579 2270 τῆς

136 2284 321 2331 Λέοντος
345 2279 539 2336 γυναικὸς
563 2282 748 2336 Βηρίνης
778 2279 981 2336 ἀδελφὸς,
1008 2278 1114 2333 μετὰ
1143 2278 1454 2336 στρατεύματος
1481 2280 1580 2335 ἄρι-

135 2348 301 2402 στίνὸην
329 2346 657 2401 συνειλεγμένου.
706 2343 808 2402 ἅπερ
840 2346 1115 2401 ἀκριβέστατα
1142 2345 1319 2404 Πρίσκῳ
1345 2348 1404 2403 τῷ
1430 2343 1579 2402 ῥήτορι

135 2409 363 2467 πεπόνηται
379 2427 389 2437 ·
419 2409 533 2462 ὅπως
558 2414 602 2455 τὲ
630 2411 738 2470 δόλῳ
766 2410 1000 2467 περιελθών
1027 2409 1049 2453 ὅ
1080 2414 1222 2463 Λέων,
1252 2412 1410 2465 μισθὸν
1438 2407 1576 2467 ὥσπερ

139 2476 366 2528 ἀποδιδούς
400 2481 473 2533 τῆς
512 2480 556 2528 ές
585 2476 714 2521 αὐτὸν
741 2481 1014 2533 προαγωγῆς,
1059 2479 1229 2534 α’ναιρεῖ
1253 2472 1464 2532 ”Ασπαρα
1504 2478 1579 2531 τήν

139 2542 278 2599 ἀρχὴν
321 2544 438 2603 αὐτῷ
478 2546 727 2600 περιθέντα,
767 2545 922 2594 παῖδας
945 2561 989 2587 τε
1017 2544 1152 2587 αὐτοῦ
1172 2543 1480 2601 Ἀρδαβούριον
1506 2542 1581 2584 καὶ

139 2608 400 2664 Πατρίκιον,
434 2607 480 2652 ὃν
506 2612 692 2667 καίσαρα
719 2609 918 2666 πεποίητο
950 2610 1152 2668 πρότερον
1194 2611 1265 2654 ἵνα
1299 2609 1376 2666 τὴν
1402 2606 1578 2652 '‘Aona-

271 2670 290 2685 ν
499 2677 507 2689 r

137 2689 211 2731 ρος
238 2690 407 2719 ευνοιαν
434 2693 647 2733 κτησηται.

162 2803 223 2852 44)
248 2803 376 2838 Suidas
400 2810 438 2840 et
458 2805 651 2851 Evagrius,
676 2806 782 2841 infra.
877 2808 938 2854 45)
959 2807 1096 2843 Priscus
1119 2818 1155 2854 p.
1187 2809 1260 2844 153.
1291 2805 1342 2852 14.
1368 2807 1423 2842 ed.
1447 2808 1485 2841 Β.
