1924 3164
467 157 523 203 ιΝ
562 161 808 204 EctooAs
847 158 1071 202 omnim
1111 159 1307 202 isinum.
1494 142 1604 200 583

171 259 286 300 editis
331 265 692 317 manuscriptisque
726 262 944 305 codicibus.
1003 263 1240 302 Damascius
1269 264 1312 302 in
1348 263 1431 303 vita
1463 263 1605 303 Isidori

172 315 409 370 Philosophi
444 318 730 358 Armerichum
761 325 881 358 vocat
896 348 908 369 ‚
933 317 1141 371 docetque,
1176 318 1378 357 Severiani
1415 318 1606 358 adversus

170 370 375 410 Zenonem
408 373 723 412 coniurationem
761 373 812 411 ab
844 387 891 411 eo
929 372 1049 411 fuisse
1076 373 1271 411 detectam
1292 388 1304 412 ε
1342 372 1604 425 Ἀρμερίγου

169 425 246 462 τοῦ
273 419 489 479 ”Ασπερος
516 425 668 473 παιδὸς
696 422 922 475 ἐξειπόντος
947 424 1022 478 την
1050 426 1315 476 συνωμοσίαν
1338 427 1396 481 τῷ
1423 416 1605 480 Ζῆναᾶνι.

170 478 362 519 Basilium
401 489 440 520 et
470 482 796 522 Hermenericum
829 482 944 520 Coss.
978 495 1084 520 anno
1120 482 1270 521 Christi
1306 482 1402 531 465.
1432 484 1606 535 assignat

169 534 429 575 Marcellinus
455 537 623 576 Comes:
664 537 961 574 Herminesicus
996 536 1144 574 dicitur
1174 537 1436 587 Cassiodoro,
1475 537 1649 577 FastisP.
1679 545 1743 579 106

170 602 268 628 vero
289 590 430 630 Siculis
459 592 542 630 sive
568 592 770 630 Chronico
798 590 1068 629 Alexandrino
1110 586 1425 643 Ἀρμενοὲριχος.
1473 591 1608 631 Theo-

173 643 325 696 phanes
346 646 388 683 in
417 646 567 684 Chron.
597 645 875 684 Armenarichi
910 645 1027 684 huius
1052 660 1132 683 non
1163 647 1358 684 meminit.

281 700 463 752 Pag.18.
485 700 531 739 C.
554 699 671 754 [474
692 699 752 752 8.]
767 701 968 739 Zenonem
990 701 1086 738 data
1108 699 1295 739 Ariadne
1301 700 1406 755 filia
1421 716 1604 754 generum

170 753 341 793 adscivit
362 764 400 793 et
427 756 470 794 in
509 755 669 794 Oriente
701 755 836 793 ducem
865 756 1056 793 exercitus
1085 757 1251 794 creavit.
1310 757 1395 793 Iam
1426 757 1480 795 ab
1497 772 1604 797 anno

169 808 316 848 Leonis
352 810 455 862 Imp.
491 812 660 862 septimo
690 809 954 861 Theophanes
990 811 1192 848 Zenonem
1235 824 1424 861 generum
1459 812 1605 851 Leonis

167 863 342 914 appellat
378 872 419 903 et
464 865 505 902 in
552 865 759 903 Orientem
800 865 964 902 missum
1004 865 1170 903 scribit:
1203 863 1329 903 Λέων
1354 862 1376 902 ὅ
1403 863 1605 915 βασιλεύς

169 916 350 968 Ζήνωνα
377 915 451 957 τὸν
476 916 666 970 γαμβρόν
695 913 828 957 αὐτοῦ
866 915 1092 970 στρατηγὸν
1122 918 1192 969 τῆς
1233 914 1338 972 ἑῴας
1368 917 1502 972 πάσης
1529 934 1604 958 πε-

169 972 313 1024 ποίηκε
342 980 437 1021 εἴα,
466 988 570 1027 quae
595 975 650 1012 sic
670 975 813 1012 Latine
849 973 1023 1012 reddidit
1066 973 1299 1012 Anastasius
1334 974 1523 1012 Biblioth.
1558 976 1603 1014 in

171 1026 279 1065 Hist.
306 1028 418 1067 Eccl.
439 1043 481 1081 p.
511 1027 581 1079 44.
608 1029 705 1067 edit.
735 1029 885 1080 Lupar.
903 1056 915 1077 ‚
953 1042 1055 1080 quae
1083 1028 1158 1067 sub
1195 1028 1335 1081 praelo
1360 1028 1486 1067 calet:
1521 1030 1607 1068 Per

167 1082 272 1120 idem
295 1086 456 1137 'tempas
496 1084 576 1122 Leo
609 1084 717 1138 Imp.
753 1084 967 1131 Zenonem,
1001 1098 1184 1135 generum
1217 1098 1336 1131 sunm,
1368 1084 1602 1136 Magna-mn

168 1138 282 1177 totius
309 1138 481 1177 Orientis
498 1139 619 1190 jecit,
654 1146 692 1176 et
718 1138 969 1187 Basiliscmn,
981 1140 1162 1189 fratrem
1187 1137 1234 1175 V
1227 1139 1361 1176 erinae
1382 1138 1598 1190 Augustae,

167 1191 405 1244 Magistrum
429 1194 624 1232 Thraciae
647 1194 852 1232 constituit.
886 1193 997 1231 Zeno
1018 1201 1145 1231 centem
1172 1194 1330 1230 veniens
1351 1192 1601 1231 Antiochiam

168 1248 320 1286 invenit
357 1249 399 1286 in
445 1261 494 1286 ea
531 1249 751 1302 episcopum
788 1261 940 1286 sacrum
981 1248 1236 1298 Mas-(yriam.
1296 1247 1434 1285 Petrus
1473 1256 1602 1286 enatem

170 1302 372 1355 Cnapheus
411 1303 640 1357 sequebatur
675 1303 874 1341 Zenonem
909 1308 986 1340 etc.
1005 1331 1016 1351 ‚
1045 1316 1148 1355 quae
1180 1302 1230 1340 ad
1269 1303 1496 1340 institutum
1525 1316 1601 1340 no-

166 1363 295 1394 strum
330 1371 411 1395 non
447 1357 664 1409 pertinent.
721 1357 841 1395 Anno
879 1371 975 1395 vero
1007 1357 1185 1396 eiusdem
1217 1357 1360 1394 Leonis
1400 1357 1461 1395 13.
1495 1356 1602 1395 idem

172 1410 537 1465 Chronographus,
572 1419 785 1464 antequam
827 1411 988 1450 caedem
1030 1411 1197 1464 Asparis
1233 1411 1485 1463 filiorumque
1518 1413 1602 1450 eius

166 1465 312 1504 referat
330 1496 342 1516 ,
364 1468 566 1505 Zenonem
587 1466 781 1514 similiter,
813 1480 1002 1519 generum
1025 1467 1187 1516 Leonis,
1214 1465 1253 1503 in
1269 1466 1484 1504 Thraciam
1507 1467 1602 1503 mis-

165 1534 256 1559 sum
283 1523 433 1560 asserit.
489 1522 725 1560 Theodorus
747 1535 907 1574 quoque
926 1522 1070 1560 Lector
1094 1521 1164 1558 lib.
1206 1534 1238 1557 1.
1263 1519 1365 1559 Coll.
1397 1521 1600 1558 Zenonem

167 1572 457 1628 στρατηλάτην
485 1576 557 1615 καί
581 1572 771 1628 γαμβρὸν
798 1574 869 1614 ἐπὶ
893 1572 1076 1626 θυγατρί
1095 1569 1293 1627 Ἀριάδνῃ
1321 1573 1396 1612 τοῦ
1416 1572 1600 1620 Λέοντος

164 1630 357 1682 appellat,
394 1645 486 1669 eum
513 1631 767 1669 Antiochiam
788 1630 943 1668 venisse
967 1632 1105 1668 asserit
1130 1643 1221 1667 cum
1249 1629 1370 1667 Petro
1394 1628 1598 1681 Cnapheo,

165 1685 304 1738 templi
333 1692 490 1724 sanctae
515 1687 659 1724 Bassae
684 1686 895 1737 martyris,
919 1685 1028 1737 qnod
1064 1684 1314 1721 Chalcedone
1343 1691 1429 1721 erat
1448 1713 1459 1731 ‚
1507 1697 1600 1735 pre-

165 1741 343 1792 sbytero.
403 1740 460 1778 At
491 1754 588 1778 vero
628 1739 832 1777 Candidus
874 1746 1010 1777 noster
1025 1767 1037 1786 ‚
1076 1737 1331 1776 Marcellinus
1367 1745 1407 1776 et
1437 1737 1602 1789 quidam

166 1795 236 1833 alii
264 1795 424 1847 nuptias
448 1795 594 1833 Leonis
617 1807 709 1831 cum
740 1793 918 1831 Ariadna
948 1799 1037 1844 post
1067 1806 1204 1830 necem
1239 1792 1403 1844 Asparis
1440 1791 1601 1830 differre
1613 1797 1654 1831 V.
1667 1807 1734 1842 207

165 1850 379 1889 videntur:
410 1849 510 1888 Sunt
522 1858 650 1887 tamen
680 1848 841 1902 qnidam
864 1857 1058 1894 auctores,
1084 1848 1213 1898 inquit
1233 1846 1439 1892 Zonaras,
1466 1845 1600 1899 Aspa-

165 1919 248 1945 rem
274 1913 312 1942 et
329 1904 595 1942 Ardabm-ium
614 1916 662 1940 ea
688 1904 819 1954 gratia
850 1916 877 1940 a
902 1902 1033 1940 Leone
1064 1902 1281 1953 interfectos
1293 1929 1304 1948 ,
1349 1909 1391 1938 ut
1425 1909 1600 1954 nepotem

165 1973 220 1998 επ·
258 1959 350 2009 filia
376 1959 544 1997 Leonem
563 1957 762 1995 Iuniorem
790 1957 897 2009 Imp.
931 1964 1105 2002 crearet,
1146 1956 1311 1993 veritum
1339 1955 1497 1993 illormn
1523 1969 1600 2008 po-

165 2004 325 2053 tentiam
341 2043 351 2060 ‚
381 2028 429 2052 ne
453 2013 634 2067 despecta
660 2012 770 2049 Ῐιιιῐιιε
792 2012 963 2062 infantia
993 2011 1199 2063 imperium
1231 2010 1306 2047 sibi
1334 2009 1596 2048 vindicarent.

277 2068 378 2121 Pag.
404 2067 464 2107 18.
485 2068 531 2105 C.
555 2065 669 2120 [474
700 2064 778 2117 10.]
809 2067 920 2119 Quae
941 2067 982 2103 in
995 2065 1137 2116 Africa
1164 2064 1331 2102 secunda
1357 2064 1599 2118 adversaque

162 2125 321 2175 gesserit
356 2123 583 2160 Basiliscus-
646 2121 777 2158 Huius
820 2121 1071 2171 aliorumque
1113 2118 1262 2156 ducum
1317 2117 1512 2156 infelicem
1555 2119 1598 2157 in

166 2177 304 2216 Africa
326 2178 614 2229 expeditionem
647 2174 830 2226 pluribus
857 2174 1122 2212 inChronico
1157 2186 1395 2225 exponemus
1425 2187 1470 2211 ex
1491 2172 1597 2211 Ida-

163 2233 222 2270 tio
243 2261 255 2281 ,
289 2231 548 2279 Marcellino,
586 2229 800 2268 Theodoro
828 2231 995 2267 Lectore
1027 2228 1098 2266 lib.
1129 2241 1161 2266 1.
1194 2227 1372 2274 Collect„
1399 2227 1470 2265 ubi
1495 2227 1599 2266 inter

164 2293 319 2325 cetera:
358 2285 612 2329 Βασιλίσκος
648 2281 844 2334 χρήματα
882 2279 1022 2333 λαβών
1050 2277 1182 2320 πάντα
1207 2281 1415 2332 προέδωκε
1442 2295 1598 2334 παραι-

164 2340 275 2380 νέσει
297 2334 534 2390 ”Ασπαρος,
568 2339 766 2390 Procopio
795 2338 866 2376 lib.
909 2352 942 2375 1.
963 2335 1190 2385 Vandalic„
1212 2336 1454 2389 Theophane
1475 2365 1487 2385 ,
1519 2336 1598 2374 Zo-

165 2409 288 2442 nara,
332 2395 540 2443 Cedreno,
586 2393 845 2431 Constantino
886 2393 1096 2440 Manusse,
1151 2390 1379 2443 Nicephoro
1419 2390 1599 2442 aliisque.

167 2450 375 2499 Quaedam
405 2449 470 2488 hic
489 2444 541 2486 'in
563 2455 809 2485 antecessum
843 2447 967 2484 verba
984 2445 1240 2496 Theophanis
1268 2452 1521 2498 repraesento
1552 2459 1598 2483 ex

166 2504 255 2543 MS.
289 2511 423 2542 nostro
461 2502 607 2540 Codice
636 2516 647 2539 ε
694 2500 935 2550 ναυμαχίας
970 2497 1165 2544 πολλάκις
1206 2500 1280 2537 τοῦ
1320 2499 1360 2538 Γ
1358 2498 1599 2550 εντζερίχου

166 2555 271 2605 μετὰ
298 2558 381 2596 τῶν
400 2557 508 2609 νηῶν
528 2555 584 2609 τῷ
619 2554 740 2606 βυθῷ
758 2550 999 2605 παραδοὺς,
1029 2548 1119 2591 εἶτα
1149 2553 1223 2591 καί
1248 2550 1378 2605 αὐτὴν
1405 2549 1598 2604 ἠδυνήθη

166 2609 427 2664 Καρχηδόνα
455 2611 680 2661 κρατῆσαι,
707 2606 879 2659 ὕστερον
907 2607 953 2646 δὲ
980 2603 1062 2646 ὑπὸ
1080 2607 1121 2646 Γ
1117 2606 1352 2658 εντζερίχου
1385 2606 1456 2645 καί
1485 2604 1600 2644 πλεί-

167 2680 279 2711 στοις
307 2663 499 2718 χρήμασι
527 2663 766 2709 δελεασθεὶς
802 2657 968 2715 ’ἡττήθη
995 2656 1116 2713 ἑκών,
1153 2659 1210 2709 ὥς
1239 2658 1450 2713 Περσικὸς
1481 2660 1599 2714 (forte

169 2719 370 2774 Πρίσκος)
398 2716 615 2770 ἱστόρησεν
640 2713 663 2756 ὅ
695 2714 823 2773 Θρᾷξ.
