1838 3210
313 172 513 210 XXXVIII
710 167 999 209 DEDICATIO
1042 165 1374 206 HOESCHELII.

315 284 453 308 eorum
492 269 771 307 historicorum
799 268 1018 320 fragmenta
1052 266 1299 319 suppeditat,
1329 265 1498 317 querum
1533 264 1632 304 nihil
1661 264 1742 303 fere

315 335 507 373 hactenus
534 341 690 387 praeter
710 346 861 371 nomen
884 333 1041 370 exstitit.
1103 332 1175 370 His
1214 330 1468 370 corollarium
1490 330 1739 381 addidimus,

317 399 469 452 eclogas
512 398 707 436 librorum
751 397 918 435 Diodori
964 395 1085 435 Siculi
1125 397 1381 445 amissorum,
1421 409 1517 447 quas
1554 409 1576 434 e
1607 394 1742 433 codice

315 464 511 503 Ludovici
544 463 759 502 Alemanni
797 462 1022 506 Florentini
1059 462 1217 500 doctiss.
1258 462 1309 499 R.
1340 460 1545 499 Thomson
1588 459 1742 513 Anglus

317 543 475 568 mecum
490 530 623 567 ‘amice
640 529 963 567 communicavit.
1022 527 1131 566 Haec
1156 534 1337 566 veterum
1359 523 1640 575 monumenta,
1667 524 1744 564 Vir

317 594 577 646 amplissime,
609 593 682 630 tibi
699 623 709 640 ‚
730 599 861 631 tantae
883 593 1083 646 dignitatis
1109 599 1319 645 tantaeque
1346 591 1592 639 eruditionis,
1610 590 1746 629 dicare

318 673 401 697 non
429 659 588 696 fuissem
617 672 763 708 ausus,
792 658 869 696 nisi
896 657 1076 696 nobihss.
1107 658 1267 696 Marcus
1295 657 1511 706 Velserus,
1545 654 1747 694 Duumvir

318 730 453 762 noster
467 752 478 772 ‚
510 723 658 761 amicus
678 730 770 762 tuus
786 752 797 773 ‚
831 737 894 762 me
915 723 1209 773 confirmasset3
1240 723 1351 761 cuius
1374 721 1602 761 liberalitati
1625 720 1745 759 editio

317 788 415 827 haec
444 787 626 826 debetur.
683 786 746 826 Ac
778 802 870 827 sane
905 788 1120 827 iucundam
1150 788 1232 826 fore
1261 787 1407 826 horum
1434 787 1508 825 tihi
1535 786 1745 824 lectionem

318 852 559 891 arbitramur
579 882 591 903 ,
631 854 839 906 cognituro
867 866 959 891 cum
1001 852 1078 891 alia
1118 853 1331 892 observatu
1365 856 1558 905 perquam
1599 850 1744 903 digna,

317 924 405 956 tum
444 917 622 971 exempla
662 920 778 970 (quae
808 919 941 971 potior
978 919 1106 971 operis
1141 919 1244 971 pars)
1280 920 1364 956 eius
1403 917 1602 965 muneris,
1638 905 1746 969 quod

319 982 509 1036 singulari
535 983 638 1030 fide,
681 997 777 1021 cura
803 990 842 1021 et
873 982 1111 1036 prudentia,
1140 983 1191 1022 de
1229 984 1469 1036 gravissimis
1495 983 1635 1030 rebus,
1665 995 1747 1035 qua

318 1062 390 1101 per
431 1049 686 1093 Germaniam
715 1055 754 1086 et
785 1048 1021 1087 Sarmatiam
1037 1077 1048 1098 ‚
1095 1062 1175 1101 qua
1205 1061 1276 1101 per
1308 1048 1488 1096 Italiam,
1512 1062 1536 1086 a
1574 1048 1746 1086 maximo

319 1113 487 1152 Caesare
526 1114 577 1151 ad
609 1127 784 1152 summos
812 1114 1018 1167 Principes
1044 1115 1204 1162 missus,
1249 1113 1412 1163 obiisti3
1444 1112 1718 1152 iucundiorem
1734 1141 1747 1164 ‚

317 1179 411 1231 quia
439 1178 575 1232 lingua
595 1179 747 1217 Graeca
772 1178 922 1218 isthaec
954 1179 1172 1232 prodeunt:
1203 1180 1315 1217 cuius
1349 1180 1382 1217 is
1409 1185 1467 1217 est
1493 1191 1605 1216 amor
1629 1184 1743 1226 tuus,

318 1258 365 1283 ea
392 1245 562 1297 peritia,
596 1251 642 1282 ut
682 1243 790 1283 locos
823 1246 921 1283 scias
953 1252 1161 1283 auctorum
1189 1246 1394 1283 restituere
1426 1243 1515 1282 illos
1535 1274 1546 1292 ‚
1577 1243 1628 1282 ad
1648 1257 1748 1296 quos

318 1309 370 1347 ab
402 1308 489 1348 aliis
517 1307 806 1347 conclamatum
829 1316 902 1347 est.
959 1309 1071 1347 Nihil
1099 1310 1227 1348 dicam
1257 1310 1305 1348 de
1330 1309 1521 1350 beneficio
1538 1337 1550 1359 ‚
1581 1322 1660 1361 quo
1683 1321 1749 1346 me

318 1373 359 1411 in
380 1373 496 1426 Reip.
521 1373 718 1412 literariae
742 1372 997 1412 commodum
1022 1375 1171 1413 ornasti
1195 1375 1380 1413 maximo.
1439 1375 1519 1414 Pro
1543 1387 1623 1426 quo
1642 1373 1747 1426 grati

317 1444 357 1476 et
387 1439 573 1477 memoris
594 1439 717 1476 animi
741 1438 1011 1477 testimonium
1042 1439 1121 1478 hoc
1150 1453 1233 1478 esse
1262 1438 1423 1492 aliquod
1444 1438 1604 1491 patiaris
1620 1467 1632 1488 ‚
1661 1451 1750 1476 mea

318 1516 397 1554 que
417 1516 538 1555 porro
563 1503 883 1541 commendatum
920 1503 1069 1542 habere
1097 1504 1292 1557 digneris,
1323 1505 1442 1542 etiam
1475 1510 1594 1556 atque
1626 1504 1757 1542 etiam*

317 1581 403 1606 oro.
461 1568 565 1606 Bene
592 1567 707 1619 vale,
728 1568 968 1621 praesidium
996 1583 1042 1607 ac
1067 1569 1187 1608 decus
1208 1570 1427 1608 Musarum.

427 1631 629 1685 Augustae
639 1631 838 1672 Vindelic.
856 1633 1045 1686 postridie
1065 1634 1101 1672 N
1104 1648 1173 1673 on.
1187 1634 1353 1687 Aprilis,
1366 1634 1418 1672 A.
1433 1633 1473 1674 S.
1488 1634 1525 1674 N
1531 1631 1746 1673 MDCHL‘
