1924 3164
711 176 1055 218 FRAGMENTA.
1497 176 1516 210 1
1530 176 1604 228 09

336 276 441 319 ἀλλὰ
487 275 558 318 καί
584 273 786 331 ἓσπεριῖυν
814 278 978 331 ἀνδρῶν
1000 275 1283 336 Ἄλαμανιιςὸν
1312 269 1442 326 οὖδας

332 342 530 398 ὖσμίναις
566 346 803 385 πνκιναῖσιν
841 340 946 385 ἑλών
986 339 1196 394 ἆλάπαξεν
1232 343 1434 399 ἀρούρας.
1508 344 1554 385 V
1547 359 1608 389 oc.

984 405 1229 458 Ἰουλιανός.

278 473 334 517 θ’.
388 473 668 524 Μουσώνιος.
723 476 795 517 ἒπί
815 475 1020 529 Ἰοβιανοῦ
1058 469 1112 529 ἦν
1149 476 1383 528 βασιλέως·
1436 471 1731 527 πάντα,Β.α-)ο·

141 537 252 598 ὄὸσα
292 535 345 596 ἦν
372 536 526 597 ἄριστα
535 574 549 594 ,
575 540 707 597 μικροὶ
735 542 955 597 ἐφαίνοντο
982 539 1087 596 πρὸς
1115 538 1188 583 τὸν
1215 534 1331 595 ὄγκον
1351 540 1611 582 Μουσωνίου

166 608 242 648 καί
287 604 363 661 τήν
400 605 478 649 σὺν
512 608 571 664 τῷ
609 608 844 664 δραστηρίῳ
884 608 957 661 τῆς
996 605 1162 661 γνώμης
1197 606 1445 661 βαθύτητα·
1499 608 1555 647 δι’
1583 599 1612 648 ἃ

167 671 272 715 κατὰ
316 672 437 727 λόγον
481 672 712 725 εὕδοκιμῶν
748 671 822 727 τήν
862 687 907 714 τε
935 671 1104 735 ἁλιτενῆ
1126 669 1274 726 χώραν
1298 673 1373 727 τῆς
1397 671 1542 720 Ἀσίας
1567 672 1612 713 ὲ·

165 739 327 793 πῆλθε,
377 736 452 780 καί
493 738 516 779 ὅ
553 736 632 794 τὴν
671 735 916 780 ἀνθύπατον
953 735 1064 792 ἔχων
1105 736 1244 793 ἀρχὴν
1283 736 1386 792 πρὸς
1418 735 1494 786 τὰς
1520 737 1614 779 ἐπι-

167 805 320 859 δημίας
361 805 549 853 ἐξίστατο
564 837 577 856 ,
621 805 806 854 κάκεῖνος
845 799 1012 846 ἅπαντα
1061 801 1192 846 ἐπιών
1236 804 1281 845 ἕν
1317 802 1475 857 ὀλίγαις
1510 803 1612 858 ἡμέ-

116 880 262 925 Ιοραις
300 867 375 925 τὴν
413 871 637 912 θάλασσαν
671 869 889 924 ἐπλήρωσε
922 871 1007 911 τῶν
1047 868 1130 910 ἀπὸ
1174 870 1247 923 τῆς
1279 865 1427 918 Ἀσίας
1466 869 1613 924 εἰσφο-

163 936 278 990 ρῶν·
333 934 524 979 ἐπεκάλει
553 937 600 977 δὲ
628 937 767 985 ου’δεὶς
797 931 941 978 ἄδικον
972 936 1097 978 οῦδὲν
1121 940 1208 983 τοῖς
1234 937 1475 989 γινομένοις·
1535 934 1604 975 ἆ).-

162 998 216 1043 zai
244 998 394 1043 παιδιά
418 1018 481 1050 τις
508 997 561 1056 ἦν
588 997 721 1042 ἅπασι
747 1007 835 1050 τοῖς
871 999 1182 1055 καταβάλλουσι
1216 998 1270 1042 τὰ
1299 996 1575 1056 εἰσφερόμενα
1610 1001 1727 1046 Β-ῧῑι

161 1066 375 1117 Εὕνάπιος
414 1065 495 1123 γὰρ
539 1066 561 1109 ὅ
591 1068 638 1108 ἐκ
666 1066 855 1123 Φρυγίας
894 1066 1037 1123 ῥήτωρ
1068 1064 1289 1109 ἐπεστάτει
1317 1073 1404 1116 τοῖς
1431 1081 1610 1123 πραττο-

160 1133 315 1186 μένοις.
373 1135 428 1175 In
464 1149 561 1176 voc.

114 1194 163 1235 15
275 1198 314 1241 ι’.
380 1199 637 1254 Σιμωνίδης·
712 1193 832 1248 οὗτος
865 1192 916 1254 ἦν
947 1201 1020 1241 ἐπὶ
1048 1194 1256 1252 ’[οβιανοῦ
1291 1198 1370 1239 τοῦ
1405 1197 1730 1250 βασιλέωςῃ,3,,

118 1290 122 1293 ·
165 1262 237 1306 διὰ
264 1265 523 1321 φιλοσοφίαν
549 1262 858 1319 ἐπισημότατος.
913 1269 967 1305 In
992 1278 1086 1305 voc.

273 1329 345 1371 ια’.
401 1327 662 1385 Πατρίκιος·
708 1324 831 1378 οὗτος
867 1323 1054 1384 ἤκμασεν
1093 1328 1167 1369 ἐπὶ
1198 1323 1406 1381 Ἰοβιανοῦ
1441 1330 1614 1382 βασιλέ-

164 1411 239 1445 ως·
294 1390 348 1449 ἦν
393 1396 440 1437 δὲ
477 1395 523 1436 ἐκ
565 1396 760 1445 Λυδίας·
835 1390 881 1445 ὃς
919 1396 993 1449 τῆς
1036 1391 1120 1436 α’πὸ
1161 1393 1244 1435 τῶν
1286 1394 1550 1449 φαινομένων
1583 1390 1613 1450 ἢ

160 1459 515 1516 παρατρεχόντων
553 1462 736 1516 σημείων
773 1459 1034 1516 τεκμάρσεως
1073 1458 1252 1516 ἀκριβὴς
1297 1454 1350 1514 ἦν
1377 1457 1611 1516 ἔξεταστής.

109 1530 220 1569 aoln
245 1541 333 1569 voc.

274 1589 340 1646 ιβ’.
388 1590 565 1649 Ἱλιὶριος
590 1592 612 1636 ὃ
636 1593 682 1635 ἐκ
713 1592 916 1648 Φρυγίας·
949 1593 1021 1635 ἐπὶ
1040 1593 1246 1645 Ἰοβιανοῦ
1271 1592 1480 1646 βασιλέως
1506 1590 1611 1636 Ῥω-

162 1659 326 1711 μαίωντ
378 1657 482 1701 κατὰ
513 1657 709 1701 παιδείαν
734 1661 813 1712 μὲν
839 1654 893 1714 ἦν
917 1657 1022 1714 ἀνὴρ
1051 1658 1101 1700 οὕ
1127 1659 1359 1714 γνώριμος,
1398 1664 1610 1701 κοινωνεῖν

165 1724 213 1765 δὲ
242 1723 358 1781 αὐτῷ
383 1722 483 1773 θεὸς
509 1723 646 1766 ἐδόκει
672 1727 746 1780 τῆς
775 1726 852 1767 τοῦ
871 1726 1094 1779 μέλλοντος
1117 1723 1402 1781 προγνώσεως,
1429 1721 1538 1767 ὥστε
1558 1720 1610 1780 ἦν

163 1785 313 1840 μάντις
340 1782 521 1845 ἄριστος.
574 1793 629 1832 In
656 1805 744 1833 voc.

360 1898 463 1944 Quin
487 1900 596 1933 etiam
617 1899 897 1934 occidentalium
919 1901 1201 1942 Alamannorum
1225 1902 1372 1947 regione

359 1945 512 1979 Proeliis
538 1946 672 1980 crebris
698 1947 835 1980 domita
850 1972 860 1988 ‚
895 1958 978 1981 arva
1010 1948 1158 1981 illorum
1180 1951 1345 1982 vastavit.

254 2003 288 2036 9.
337 1991 585 2039 Quaecunque
636 1994 773 2039 optima
823 1999 945 2034 erant,
992 1994 1023 2026 si
1049 1994 1130 2039 quis
1168 2005 1210 2028 ea
1235 2006 1316 2028 cum
1341 1995 1502 2030 Musonii
1528 2007 1607 2041 gra-

163 2036 277 2070 vitate
301 2042 338 2072 et
362 2044 508 2073 actuosa
533 2040 670 2085 ingenii
695 2041 945 2086 profunditate
971 2040 1202 2082 contulisset,
1238 2053 1347 2087 parva
1376 2042 1605 2077 videbantur.

163 2083 318 2128 Propter
349 2096 443 2131 quae
470 2087 549 2120 iure
586 2087 791 2134 meritoque
824 2087 1011 2127 laudatus,
1047 2089 1264 2121 maritimam
1291 2088 1396 2123 Asiae
1420 2091 1605 2135 regionem

162 2131 388 2175 peragravit,
411 2137 449 2165 et
471 2134 666 2178 proconsul
690 2133 736 2167 ob
764 2133 841 2167 eius
867 2133 1061 2167 adventum
1086 2134 1373 2178 obstupescebat.
1422 2135 1512 2169 Cum
1538 2148 1604 2169 au-

163 2181 238 2210 tem
261 2177 325 2211 ille
349 2180 471 2213 omnia
494 2181 651 2225 regionis
680 2181 781 2214 illius
809 2181 887 2214 loca
916 2180 1085 2222 adiisset,
1118 2181 1211 2214 intra
1244 2193 1374 2226 paucos
1400 2182 1477 2216 dies
1503 2195 1603 2217 mare

163 2222 312 2257 tributis
333 2224 477 2260 Asianis
504 2227 678 2272 implevit.
729 2227 859 2261 Nullus
882 2237 967 2261 vcro
993 2226 1038 2260 de
1070 2226 1177 2260 rebus
1203 2227 1300 2269 illis,
1326 2241 1418 2275 quae
1443 2229 1601 2269 fiebant,

164 2273 208 2302 ut
230 2271 387 2313 iniustis,
410 2274 655 2318 querebatur:
684 2275 748 2308 sed
773 2274 848 2313 illa,
874 2284 968 2321 quae
992 2273 1211 2307 tributorum
1233 2285 1337 2308 causa
1362 2276 1602 2310 confereban-

165 2320 245 2356 tur,
279 2319 468 2361 omnibus,
506 2322 570 2366 qui
603 2333 645 2355 ea
674 2321 904 2366 pendebant,
940 2319 1048 2353 ludus
1080 2319 1228 2367 quidam
1258 2327 1369 2356 erant.
1416 2323 1603 2368 Eunapius

166 2362 279 2402 enim,
296 2364 466 2410 Phrygius
492 2373 626 2410 orator,
649 2370 795 2414 negotio
819 2368 876 2401 illi
901 2371 1078 2412 praeerat.

264 2418 317 2441 ¹0·
365 2412 581 2447 Simonides.
607 2415 676 2447 Hic
691 2410 931 2461 'Imperatoris
954 2395 1342 2460 Iovianstemporibus
1365 2416 1413 2451 ob
1436 2416 1603 2463 philoso-

161 2453 291 2499 phiam
313 2464 389 2492 erat
411 2460 679 2499 celeberrimus.

263 2513 315 2538 1¹.
360 2502 542 2541 Patricius.
567 2508 635 2541 Hic
666 2506 794 2542 floruit
822 2506 888 2540 sub
922 2506 1071 2541 Ioviano
1103 2507 1344 2553 Imperatore,
1375 2507 1448 2542 fuit
1478 2514 1601 2542 autem

167 2557 213 2580 ex
243 2547 367 2591 Lydia·
411 2552 487 2598 Qui
518 2566 563 2588 ex
600 2554 866 2588 occurrentium
901 2558 965 2587 aut
995 2554 1245 2600 apparentium
1269 2555 1452 2602 signorum
1476 2556 1603 2589 conie-

167 2597 270 2626 ctura
293 2595 432 2630 Censor
452 2600 523 2635 fuit
546 2608 742 2636 accuratus.

265 2652 316 2674 ιιι.
365 2642 521 2680 Hilarius
547 2647 682 2693 Phryx,
717 2647 783 2681 sub
808 2647 956 2680 Ioviano
987 2648 1226 2682 Romanorum
1260 2647 1495 2692 imperatore,
1519 2648 1605 2681 Fuit

168 2690 291 2718 autem
316 2689 372 2721 vir
397 2688 559 2726 doctrin!
592 2696 741 2740 quidem
766 2705 841 2727 non
866 2693 1041 2730 celebris:
1084 2693 1148 2728 sed
1171 2694 1270 2727 Deus
1306 2694 1377 2737 ipsi
1401 2694 1605 2728 futurorum

169 2733 444 2776 praescientiam
468 2737 646 2784 impertiri
672 2741 880 2780 videbatur.
904 2740 1026 2788 Quare
1052 2741 1125 2776 fuit
1147 2740 1476 2787 praestantissimus
1493 2747 1602 2777 vates.
