1924 3164
335 160 450 228 634

337 281 506 315 Sirmium
534 292 616 327 opp.
650 281 695 315 ab
723 281 863 315 Hunnis
897 280 1020 316 obses-

381 340 460 361 sum
494 334 531 362 et
575 333 717 372 captum
761 329 817 365 Pr.
860 330 952 369 186,
986 340 1019 373 7.

348 406 350 408 ,
387 387 438 409 11.
500 373 565 407 sub
614 375 753 408 ditione
798 375 1020 421 Gepidarum

380 421 452 457 Me.
478 421 566 463 304,
593 432 648 458 22.
674 423 764 462 310,
799 433 848 455 12.
874 422 960 467 340,
986 424 1018 462 4.

383 468 430 500 ab
455 467 630 500 Avaribus
659 473 902 513 oppugnatum
937 470 1018 509 305,

387 517 438 549 18.
466 514 548 553 308,
585 525 619 549 2.
649 514 740 555 332,
775 525 830 549 20.
857 511 940 556 338,
968 526 1018 559 17.

383 560 469 605 424,
501 561 532 594 8.
556 559 733 594 Avaribua
758 560 905 595 deditur
930 561 1021 606 425,

347 635 349 639 .
382 617 413 639 2.
875 629 877 631 v

338 651 543 685 sirmiensis
564 651 780 687 architectus
802 653 935 687 balneo
959 664 1019 687 ae-

382 697 562 738 dificando
599 697 644 730 ab
677 699 856 745 Onegesio
892 701 1022 744 praefi-

383 744 477 779 citur
512 745 564 782 Pr.
593 745 673 786 186,
704 758 754 791 19.
786 758 870 791 199,
894 748 927 783 5.

340 790 450 830 sons,
476 790 549 824 dux
576 791 776 826 Gothorum
802 792 869 826 sub
895 792 1020 827 Theu-

384 837 530 883 ilericlio
547 862 556 879 ,
578 838 655 871 val.
682 839 732 874 fil.
756 839 828 872 Ma.
854 839 943 880 250,
967 840 1019 876 13.

383 883 487 918 obses
520 884 647 918 missus
680 885 726 919 ad
761 885 1018 920 Adamantium

382 932 469 970 252,
495 933 528 966 8.

336 976 547 1022 Sogda'itae,
571 977 697 1012 Tur-cis
722 977 903 1020 subiecti,
931 978 1020 1013 seri-

382 1034 462 1055 cum
496 1024 608 1058 Persis
665 1025 820 1059 vendere
866 1026 1019 1071 cupiunt

380 1070 454 1106 Me.
483 1070 548 1114 295
565 1095 574 1111 ,
600 1082 654 1104 20.
680 1074 734 1106 23.

335 1115 535 1157 soladina,
565 1117 717 1151 Avarum
751 1116 798 1151 ad
827 1118 1018 1152 Tiberium

384 1163 419 1195 ll.
446 1164 533 1206 Imp.
571 1163 709 1209 legatus
754 1165 821 1198 Me.
849 1167 938 1204 338.
967 1177 1019 1202 12.

334 1209 413 1249 ‚Soli
438 1209 601 1254 (Isauri),
641 1211 787 1245 finitimi
821 1211 973 1246 Cilicum
998 1222 1018 1244 a

378 1256 548 1291 Romanis
590 1258 656 1291 sub
706 1258 895 1292 Anastasio
930 1259 1018 1302 Imp.

381 1301 555 1335 deficiunt
570 1303 665 1336 Proc.
692 1304 780 1348 499,
804 1306 855 1341 15.
878 1323 922 1330 ——-
940 1317 1020 1338 cor-

383 1348 463 1392 rig.,
478 1349 681 1393 utvidetur,
694 1351 844 1396 Solymi,
858 1371 904 1379 --
915 1351 1021 1386 Prisc.

383 1397 438 1430 81.

333 1441 502 1480 80101110,
548 1442 751 1487 praefectus
805 1442 928 1478 Sirmii
973 1442 1019 1476 ab

379 1488 556 1524 Avaribus
590 1487 791 1534 oppugnati
837 1490 909 1527 Me,
928 1489 1020 1534 424,

389 1546 397 1567 1
413 1546 438 1568 1.

331 1581 468 1624 Solymi
491 1579 562 1612 vid.
589 1578 677 1617 Soli,

335 1626 465 1661 Sondis
478 1626 515 1658 in
533 1626 668 1659 Haemo
678 1626 730 1671 (at
738 1626 883 1661 Valesio
897 1626 1018 1661 iudice

382 1673 575 1707 Succorum
596 1675 783 1716 angustiae
810 1673 1018 1716 intelligen-

379 1719 448 1753 dae
487 1723 524 1751 et
555 1717 768 1752 scribendae
796 1719 896 1765 sunt)
944 1719 1018 1753 Ma.

382 1766 449 1799 265
464 1790 473 1804 ,
504 1776 552 1798 12.

336 1810 518 1856 Sophene,
555 1810 651 1855 regio
684 1811 842 1845 Romano
866 1811 1018 1858 imperio

390 1857 527 1891 adiecta
561 1857 620 1894 Pe.
648 1859 732 1896 135,
755 1869 786 1902 9.

336 1904 497 1948 Sophia,
532 1904 659 1936 Iustiui
692 1904 780 1947 Imp.
812 1914 903 1937 uxor
947 1905 1018 1939 Μο.

383 1953 473 1990 316,
500 1950 532 1986 5.
559 1961 638 1985 cum
654 1950 802 1984 Tiberio
829 1951 1020 1995 imperium

383 1996 611 2030 administrat
650 1999 738 2040 317,
761 2009 793 2041 9.
820 1998 911 2042 389,
944 2006 1016 2036 11.’

337 2042 585 2086 sophistarum
605 2042 643 2075 in
664 2042 786 2076 schola
805 2043 1019 2079 Atheniensi

385 2090 546 2122 initiatio
581 2090 622 2123 O.
649 2091 736 2131 461,
762 2090 794 2123 5.

339 2135 504 2179 Sorosgi,
526 2146 609 2176 gens
634 2134 799 2177 barbara,
825 2146 904 2168 cum
918 2136 1022 2170 Hun-

386 2184 442 2214 nis
469 2182 650 2214 bellantur
683 2182 733 2215 Pr.
766 2184 850 2227 169,
876 2182 910 2226 4.

338 2227 520 2273 Spadusa,
555 2227 731 2262 Placidiae
755 2228 941 2263 familiaris
977 2230 1019 2264 0.

385 2274 449 2318 467
466 2299 475 2313 ,
506 2286 556 2318 17.

339 2321 544 2363 Stephanus
568 2324 714 2364 propter
735 2321 1022 2356 coniurationem

387 2377 466 2399 cum
482 2365 745 2406 Theudericho‚
771 2370 832 2404 Tr.
858 2368 920 2410 fil„
933 2379 1023 2414 poe·

386 2423 450 2446 nas
470 2413 546 2445 luit
580 2414 647 2446 Ma.
673 2413 762 2455 238,
795 2416 844 2448 18.

341 2458 495 2496 Stilicho
526 2458 764 2507 (Στελίχων),
790 2461 940 2495 Honorii
966 2466 1024 2494 tu-

386 2511 443 2539 tor
478 2505 517 2541 E.
549 2506 616 2544 86,
658 2518 703 2540 11.
732 2517 799 2551 9ο,
841 2520 866 2541 1.
894 2520 960 2552 99,
984 2510 1019 2542 6.

386 2553 463 2585 eius
493 2561 607 2584 mores
654 2564 731 2592 112,
774 2566 823 2591 11.
872 2554 1019 2595 Serena,

388 2608 478 2636 uxor
492 2599 569 2632 eius
589 2597 786 2642 Ο.448,12.
823 2600 869 2633 ab
898 2600 1022 2644 Olym-

388 2645 708 2689 piojnteremptus
743 2646 834 2689 448,
866 2649 914 2681 18.

343 2691 471 2729 Stobi,
495 2701 577 2735 opp.
596 2691 836 2731 Mucedofflae,
862 2705 881 2725 a
902 2693 1023 2728 Theu-

390 2737 534 2774 doricho
549 2762 558 2778 ‚
583 2737 660 2774 val.
686 2737 742 2777 fil„
761 2749 921 2773 eversum
950 2740 1020 2778 Ma,

392 2784 480 2828 245,
507 2795 537 2818 2.

973 180 1136 221 INDEX

1084 283 1194 319 suani
1219 273 1458 319 Romanorum
1491 285 1668 320 auxilium
1698 295 1767 333 po-

1130 334 1212 363 tunt
1247 331 1298 363 Pr.
1329 331 1411 375 164,
1438 343 1490 366 20.
1521 334 1604 374 165,
1634 334 1669 370 3.
1690 343 1768 367 ma-

1130 387 1219 422 gnae
1244 376 1339 410 inter
1372 378 1547 413 Romanos
1581 383 1616 413 et
1644 378 1766 413 Persas

1130 423 1373 456 contentionis
1392 435 1495 457 causa
1532 425 1605 459 Me.
1628 436 1708 470 290,
1732 426 1766 459 5.

1129 470 1370 505 Romanorum
1401 470 1583 515 praesidia
1610 470 1766 506 eiieiunt

1127 516 1169 550 35
1206 539 1216 556 ,
1249 527 1299 553 12.

1078 527 1214 595 Suan⁷ia
1272 561 1341 597 Me.
1366 573 1430 607 291
1449 586 1459 603 ,
1488 563 1540 597 13.
1570 562 1616 596 lis
1648 561 1694 597 de
1718 574 1764 598 ea

1126 610 1223 642 inter
1244 608 1366 642 Persas
1396 613 1433 642 et
1459 608 1632 642 Romanos
1673 610 1762 651 356,

1128 667 1163 701 9.
1197 655 1291 696 365,
1327 666 1384 692 20.
1447 655 1622 688 Lazorum
1657 666 1768 701 regno

1127 701 1290 735 subiecta
1310 701 1396 735 inde
1420 713 1440 735 a
1463 700 1662 735 Theodosii
1676 703 1765 747 Imp.

1127 753 1291 794 tempore
1327 750 1415 789 366,
1439 749 1475 785 6.
1496 749 1582 793 371,
1612 759 1662 793 17.
1684 749 1767 794 372,

1081 839 1360 874 Subarmachius
1387 839 1562 881 Colchus,
1601 840 1767 886 Eutropii

1128 886 1286 920 eunuchi
1309 886 1497 920 familiaris
1520 887 1574 921 Pr.
1595 887 1680 933 164,
1710 899 1768 922 20.

1135 934 1198 968 165
1214 959 1223 974 ,
1240 936 1280 969 ,3.

1081 980 1280 1021 Succhaei,

1128 1029 1194 1067 36,
1226 1039 1251 1062 1.

1082 1074 1249 1118 Supremi
1274 1072 1381 1106 (luces
1408 1071 1446 1106 in
1471 1070 1623 1115 imperio
1637 1070 1770 1104 Orien-

1128 1120 1194 1153 tali
1229 1120 1301 1154 duo
1341 1116 1439 1165 (δύο
1475 1119 1694 1162 στρατηγίαι
1727 1114 1769 1148 αἱ

1129 1165 1233 1212 ἀμφὶ
1276 1166 1428 1209 βασιλέα
1445 1189 1455 1206 ,
1520 1163 1632 1206 αἵπερ
1691 1163 1769 1195 εἰσὶ

1129 1213 1323 1259 μέγισται)
1359 1212 1428 1245 Ma.
1453 1211 1542 1249 235,
1568 1221 1598 1253 7.
1621 1211 1709 1250 268,
1735 1208 1768 1242 5.

1085 1259 1240 1293 surenas
1276 1259 1403 1299 Persa,
1438 1257 1628 1290 Armeniae
1665 1266 1770 1300 prae-

1135 1306 1271 1346 fectus,
1301 1305 1437 1338 occisus
1486 1303 1558 1340 Me.
1595 1303 1677 1343 313,
1719 1302 1772 1337 15-

1134 1352 1201 1385 Th.
1236 1354 1325 1397 485,
1367 1353 1415 1396 14.
1452 1350 1529 1385 cius
1572 1347 1769 1382 crudelitas

1158 1399 1226 1440 85,
1257 1400 1308 1436 13.
1338 1399 1386 1432 16.

1088 1400 1244 1478 Sulienas
1266 1470 1276 1485 ,
1320 1454 1439 1478 comes
1482 1439 1770 1486 lesdegusnaphi

1132 1491 1171 1522 in
1195 1492 1292 1535 pacis
1317 1488 1588 1535 componendae
1623 1486 1773 1533 negotio

1131 1536 1202 1569 Me.
1226 1539 1318 1581 357,
1353 1549 1401 1581 19.
1428 1537 1519 1580 359,
1549 1535 1598 1568 16.

1086 1582 1228 1626 Syene,
1275 1593 1357 1628 opp.
1390 1580 1543 1626 Aegypti
1599 1579 1641 1613 O.
1675 1579 1769 1625 465,

1132 1641 1188 1663 20.

1085 1675 1200 1718 Syni,
1227 1673 1365 1709 nobilis.
1403 1671 1577 1712 Romani,
1604 1681 1695 1704 uxor
1733 1673 1772 1703 et

1131 1720 1240 1753 liberi
1268 1731 1312 1753 ex
1325 1719 1537 1752 Hunnorum
1562 1717 1772 1763 captivitate

1131 1766 1273 1800 dimissi
1319 1766 1372 1800 Pr.
1397 1776 1484 1809 207,
1513 1775 1564 1800 10.

1086 1812 1317 1857 Symmachus
1349 1816 1488 1851 orator,
1525 1810 1580 1844 vir
1616 1809 1773 1855 opulen-

1131 1860 1292 1892 tissimus
1342 1858 1383 1891 O.
1409 1858 1500 1902 470,
1532 1868 1583 1891 11.

1086 1906 1246 1949 Tagma,
1279 1904 1434 1943 'surcus,
1472 1903 1654 1948 dignitate.
1679 1902 1772 1936 Tar-

1133 1951 1226 1985 chan
1241 1976 1250 1992 ,
1284 1951 1419 1994 legatus
1445 1949 1612 1983 Dizahuli
1637 1947 1685 1982 ad
1702 1950 1774 1983 Ro-

1133 2008 1256 2032 manos
1302 1997 1374 2031 Me.
1392 1997 1480 2040 384,
1511 2008 1563 2041 19.

1087 2045 1196 2080 Talas
1211 2069 1220 2085 ,
1245 2054 1326 2089 opp.
1354 2043 1393 2076 in
1413 2043 1596 2076 Persarum
1617 2045 1654 2075 et
1679 2041 1776 2075 Tur-

1133 2101 1255 2125 corum
1291 2089 1456 2123 confiniis
1503 2089 1574 2122 Me.
1600 2089 1691 2128 383,
1717 2098 1774 2122 22.

1088 2138 1251 2178 Talmis,
1299 2147 1383 2180 opp.
1418 2135 1679 2178 Blemmyarum
1728 2134 1799 2174 02*

1135 2184 1225 2228 465,
1249 2195 1302 2217 21.
1334 2182 1421 2227 466,
1444 2195 1477 2228 9.

1089 2229 1321 2268 Tanchosro,
1355 2228 1414 2262 vel
1439 2225 1671 2262 'l'anchosdro
1701 2224 1773 2269 (ita

1134 2277 1232 2311 enim
1269 2274 1407 2320 ubique
1443 2273 1552 2308 scribi
1588 2271 1776 2306 debuisset

1134 2333 1290 2363 nomen,
1330 2320 1426 2367 quod
1461 2320 1615 2355 alterum
1661 2318 1775 2353 Choe-

1135 2372 1261 2410 roe'm,
1299 2367 1491 2402 Chosrod'm
1527 2367 1642 2412 ipsum
1658 2390 1673 2406 ,
1713 2364 1774 2398 vel

1136 2426 1230 2454 eum,
1255 2413 1317 2460 qui
1342 2414 1511 2459 aequalis
1543 2420 1596 2447 est
1625 2411 1782 2447 Choara?

1136 2461 1333 2506 significat,
1357 2460 1463 2504 plane
1488 2464 1529 2492 ut
1551 2458 1618 2491 sub
1637 2458 1773 2503 Sapore

1132 2506 1776 2589 51¹¹“‘2'2‘'302¹’2‘553223ffi5013‘32‘32'3

1159 2567 1204 2588 ux
1275 2567 1307 2587 m
1595 2567 1602 2587 :

1132 2612 1277 2638 nomen,
1303 2564 1376 2632 11οζ
1399 2598 1554 2631 hominis
1575 2599 1775 2643 proprium,

1131 2649 1225 2680 sicut
1240 2646 1343 2682 Zich.
1364 2643 1422 2688 N.)
1447 2645 1624 2680 exercitus
1643 2644 1774 2681 Persici

1134 2693 1219 2732 dux,
1234 2695 1321 2726 fines
1343 2693 1516 2724 Romanos
1543 2692 1682 2726 invadit
1704 2689 1775 2724 Me.

1138 2742 1226 2788 329,
1256 2741 1287 2778 3.
1312 2740 1398 2785 391,
1429 2739 1477 2773 16.
1504 2737 1590 2785 407,
1619 2750 1669 2775 12.
1693 2737 1777 2783 416,

1331 989 1416 1024 gens
1435 979 1679 1014 Mauritaniae
1722 977 1770 1014 D.
