1924 3164
561 197 595 237 E
633 195 919 238 MENANDRI
958 191 1230 237 HISTORIA.
1521 195 1633 253 299

190 303 277 347 τοῖς
305 294 412 341 εἶναι
440 297 683 353 ἡγεμονίας·
713 297 762 340 τὸ
795 299 858 340 δέ
867 313 914 352 γε
933 299 1085 354 κράτος
1117 295 1193 340 τοῦ
1223 297 1460 352 ξύμπαντος
1479 294 1680 348 ἕθνουςΑ.
1693 304 1734 339 C.
1749 304 1818 340 568

151 388 153 390 ·
189 360 382 405 ἀνεῖσθαι
408 363 521 422 μόνω
550 365 608 422 τῷ
635 363 899 421 Διζαβούὶω.
951 363 1058 420 πρός
1084 379 1130 418 γε
1158 361 1313 417 ἔλεξαν,
1342 381 1400 415 ως
1425 364 1634 421 παρεστί-

189 445 312 471 σαντο
342 446 413 471 και
455 429 712 485 Ἐφθαλίτας
738 431 869 485 μέχρι
895 431 969 471 καί
997 431 1041 478 ἐς
1067 429 1201 485 φόρου
1234 427 1471 485 απαγωγήν.
1530 430 1639 484 ,,πᾶ-

187 492 270 536 σαν
301 490 412 548 οὖν,”
441 493 522 551 ἔφη
553 494 577 536 ὅ
603 495 872 550 αυτοκράτωρ
879 529 891 548 ,
921 493 1025 550 ,,τὴν
1061 498 1144 537 τῶν
1180 492 1445 552 Ἐφθαλιτῶν
1471 493 1638 551 ἐκποιή-

162 559 352 601 5σασθαι
380 559 598 613 δύναμιν.υ
651 559 791 614 ,,πάνυ
816 562 902 615 ,μὲν
931 556 1030 603 ουν”
1058 559 1103 602 ἐλ
1107 565 1204 612 εξαν
1231 561 1270 603 οὶ
1299 564 1508 618 πρέσβεις.
1553 579 1637 603 αυ-

186 628 258 674 θις
285 625 309 666 ὅ
336 625 549 679 βασιλεύς·
577 623 717 680 „narei
745 625 891 675 πόλεις
917 621 944 681 ἦ
978 642 1059 668 που
1087 622 1174 681 ἄρα
1200 626 1306 669 κατὰ
1334 626 1476 681 κώμας
1503 621 1671 684 &navve

187 691 226 733 οἱ
250 688 555 748 Ἐφθαλῖται;”
579 691 618 734 οἱ
644 693 856 746 πρέσβεις·
877 687 1080 747 ,,ἆστικοι“,
1109 689 1146 735 οἶ
1175 695 1367 746 δέσποτα,
1389 691 1433 736 τὸ
1463 695 1636 750 φῦλονῡ”

183 751 389 812 ,,εὗ’δηλον
416 752 532 811 οὖν,”
558 754 586 813 ἦ
614 760 661 800 δὲ
687 755 710 799 ὅ
727 757 945 812 βασιλεύς,
973 758 1060 811 »ὥς
1088 760 1254 802 ἐκείνων
1282 759 1417 815 δήπου
1445 761 1530 802 τῶν
1557 756 1636 801 πό·-

185 826 291 865 λεων
317 819 456 878 κύριοι
482 822 801 880 καθεστήκατε.”
842 825 945 878 ,,και“
969 822 1110 878 „talla”
1136 823 1315 881 ἔφασαν.
1370 823 1394 867 ὅ
1422 825 1635 880 βασιλεύς·
1679 836 1681 838 ’

137 882 303 942 ιο,,ἇ’ρα
329 888 440 942 ἡμᾶς
469 888 748 941 ἄναδιὸοίξατε
778 885 858 944 δ’ση
899 892 981 932 τῶν
1017 888 1215 946 Ἀβάρων
1261 888 1426 947 πληθῦς
1451 893 1528 946 τῆς
1552 892 1638 934 ταῖν

190 950 388 1008 Τούρκων
414 953 650 1010 ἄφηνίασεν
674 956 957 1011 ἐπικρατείας,
979 956 1052 998 καί
1082 953 1127 997 εἴ
1145 971 1253 1005 τινες
1268 955 1328 998 ἔτι
1358 959 1458 1012 παρ’
1483 953 1638 1010 ὗμῖν;”

181 1019 296 1073 ,,ει’σι“
320 1020 411 1072 μὲν,
441 1014 478 1060 αῗ
505 1021 696 1074 βασιλεῦ’,
726 1021 771 1062 οῖ’
793 1034 843 1074 γε
867 1018 920 1062 τὰ
947 1020 1130 1077 ἡμέτερα
1157 1023 1400 1076 στέργουσιν
1427 1019 1510 1063 ἔτι·
1535 1020 1636 1071 τούς

183 1086 231 1126 δὲ
272 1083 484 1138 δήπουθεν
523 1084 850 1140 ἆποὸράσαντας
890 1081 1010 1139 οἶμαι
1047 1083 1168 1143 οἷμφί
1202 1085 1282 1136 τὰς
1334 1086 1490 1130 εἴκοσιν
1519 1084 1636 1130 ἐἶναι

179 1147 420 1203 χιλιάδας.’.’
461 1145 564 1192 ἐἶτα
593 1149 996 1205 α’παριθμησάμενοι
1026 1149 1065 1192 οἱ
1097 1154 1296 1205 πρέσβεις
1322 1150 1425 1207 ἔθνη
1453 1151 1638 1207 κατήκοα

133 1213 396 1270 ιόΤούρκων,
421 1214 468 1257 τό
499 1213 645 1257 λοιπόν
672 1213 923 1270 ἠντιβόλουν
950 1216 1244 1271 αὐτοκράτορα
1272 1214 1439 1272 εἰρήνην
1465 1228 1517 1258 τε·
1537 1216 1675 1268 §vv-D

181 1278 355 1322 εστάναι
392 1279 468 1323 και
504 1280 742 1334 ομαιχμίαν
762 1281 994 1334 Ῥωμαίοις
1036 1297 1081 1323 τε
1110 1283 1184 1323 καί
1214 1280 1430 1338 Τούρκοις.
1483 1294 1643 1338 προσε-ι·

181 1347 355 1388 τίθεσαν
394 1347 454 1399 δὲ,
494 1362 553 1396 ως
581 1362 652 1388 και
690 1342 939 1400 ἑτοιμότατα
977 1344 1125 1401 ἔχουσι
1178 1347 1523 1401 καταπολεμῆσαι
1558 1348 1634 1402 τῆς

175 1411 394 1464 Ῥωμαίων
431 1411 694 1469 ἐπικρατείας
731 1411 776 1455 τὰ
813 1414 1047 1466 δυσμενὲς,
1077 1409 1233 1455 ὁπόσον
1261 1413 1306 1461 ἐς
1331 1410 1406 1466 τήν
1435 1414 1526 1454 κατ’
1553 1412 1633 1455 αὗ·-

179 1476 280 1526 τούς
318 1476 592 1532 ἆγελάζονται
632 1474 814 1535 ἤπειρον.
873 1478 946 1522 ἐπὶ
984 1478 1151 1529 τούτοις
1190 1475 1290 1532 ἅμα
1319 1479 1379 1536 τῷ
1415 1480 1531 1529 λέξαι
1568 1476 1628 1521 τοὺ

126 1549 294 1599 αοχεῖρε
332 1541 448 1598 ὖψοῦ
484 1545 704 1595 ἀνατείνας
733 1545 756 1587 ὅ
786 1543 974 1599 Μανιὰχ
1012 1546 1056 1587 οἵ
1080 1561 1127 1587 τε
1155 1543 1230 1595 ξὺν
1259 1541 1374 1603 αὐτῷ
1400 1540 1508 1603 ὅρκῳ
1536 1546 1629 1587 ἐπι-

178 1607 389 1652 σταὶσαντο
421 1613 616 1669 μεγίστω,
645 1608 675 1667 ἦ
710 1610 796 1667 μὴν
826 1608 1116 1667 ὅρθογνιόμονι
1154 1612 1318 1669 διανοίᾳ
1352 1613 1485 1653 ταῦτα
1513 1612 1629 1667 ειρῆ-

177 1678 296 1717 σθαι.
346 1675 452 1731 πρός
476 1693 522 1731 γε
549 1680 623 1720 καί
649 1679 845 1733 κατέχεον
875 1674 984 1732 ἆράς
1013 1678 1161 1734 σφίσιν
1190 1674 1357 1731 αὐτοῖς,
1380 1676 1444 1719 ἔτι
1469 1693 1516 1732 γε
1540 1676 1627 1733 μὴν

177 1756 248 1782 και
275 1743 331 1800 τῶ
351 1743 622 1801 Διζαβούλω,
653 1742 761 1785 ἀλλὰ
790 1742 870 1800 γὰρ
901 1759 971 1786 και
999 1760 1121 1786 παντι
1149 1745 1208 1802 τῷ
1234 1741 1369 1796 ἔθνει,
1390 1741 1436 1786 εἰ
1454 1759 1499 1798 γε
1527 1739 1629 1797 ουχὶ

274 1836 306 1880 4.
322 1834 617 1878 ϊῶοποιήσασθε
641 1842 706 1870 aut
732 1835 981 1891 ῷκειώσασθε
1009 1838 1101 1871 coni.
1117 1838 1154 1870 B.
1225 1839 1260 1872 6.
1277 1830 1371 1870 κατὰ
1398 1835 1628 1882 κώμαςῩαΙ.,

276 1894 370 1915 κατα
399 1894 524 1928 κωμης
532 1884 635 1940 vulg.
643 1908 654 1923 ‚
677 1871 747 1917 καῖ
758 1896 804 1917 τα
831 1895 864 1916 κ.
883 1896 952 1928 mg.
971 1885 1014 1917 H.
1089 1886 1122 1918 8.
1143 1880 1167 1925 ἤ
1188 1882 1229 1917 δὲ
1251 1885 1284 1916 Β.
1278 1908 1299 1924 .,
1317 1883 1384 1925 ἤδη
1404 1883 1498 1927 vulg.
1573 1895 1627 1917 10·

272 1926 341 1971 ὅση
368 1930 405 1962 B.
417 1954 427 1969 ,
447 1929 497 1966 οἷς
524 1928 544 1971 ἦ
570 1931 663 1973 vulg.
735 1942 785 1964 ιι.
811 1929 977 1975 αφηνίας
1003 1930 1045 1963 ἐν
1069 1929 1287 1974 ἐπικρατεία
1313 1930 1406 1973 vulg.
1422 1953 1432 1971 ,
1451 1929 1530 1966 Val.
1556 1940 1626 1965 em.

269 1976 381 2021 ὑμῶν
404 1976 496 2022 vulg.
559 1979 610 2012 18
634 1973 753 2013 αὐτᾶς
775 1977 871 2022 vulg.
965 1987 1020 2010 20.
1046 1985 1084 2009 τε
1109 1976 1173 2016 Ν.,
1198 1985 1243 2021 γε
1267 1976 1362 2020 vulg.

175 2066 375 2110 potentia.“
420 2065 678 2100 Adnuentibus
703 2066 852 2110 legatis,
875 2066 1075 2110 Imperator
1098 2066 1256 2110 rogavit:
1281 2065 1431 2107 „Utrum
1456 2066 1495 2099 in
1520 2066 1626 2099 urbi-

177 2113 259 2153 bus,
281 2124 330 2146 an
353 2113 501 2147 vicatim
526 2113 746 2146 habitabant
771 2111 1057 2157 Ephthalitae?’'
1111 2113 1250 2153 ,‚Gens‚
1276 2124 1296 2146 o
1322 2113 1489 2154 domine,
1513 2113 1623 2147 urbes

172 2159 297 2192 colim
353 2160 486 2204 ‚,Erg0,
522 2159 682 2193 subiecit
720 2160 941 2203 Imperator,
975 2159 1208 2192 manifestum
1240 2164 1321 2199 est,
1357 2169 1420 2193 vos
1458 2159 1622 2193 omnium

177 2206 346 2247 urbium,
383 2216 478 2251 quae
520 2207 667 2239 illorum
702 2205 872 2246 fuerunt,
909 2205 1022 2238 factos
1065 2216 1142 2238 esse
1176 2205 1375 2239 dominos.“
1430 2206 1512 2244 „Sic
1539 2212 1619 2248 est,

175 2253 423 2297 Imperator,“
458 2252 641 2286 dixerunt.
691 2251 787 2291 „Sed
819 2263 884 2285 nos
924 2253 1075 2292 docete,
1113 2258 1247 2297 quanta
1271 2253 1320 2286 sit
1343 2252 1500 2286 Avarum
1521 2253 1620 2286 mul·

176 2298 309 2340 titudo,
335 2310 429 2344 quae
452 2299 563 2334 vestri
595 2299 742 2344 imperii
766 2299 910 2332 frenum
935 2299 1108 2339 excussit,
1142 2305 1179 2332 et
1201 2310 1288 2332 num
1313 2310 1394 2344 pars
1420 2300 1620 2333 etiamnum

175 2344 280 2378 vobis
306 2347 468 2380 subiecta
494 2347 575 2379 sit.“
623 2347 740 2385 „Sunt
770 2345 834 2390 qui
856 2350 980 2379 nostro
1012 2347 1166 2390 imperio
1199 2345 1317 2379 adhuc
1347 2351 1509 2392 pareant.
1542 2345 1620 2390 Qui

176 2403 260 2425 vero
282 2402 302 2424 a
326 2393 434 2426 nobis
460 2392 691 2434 defecerunt,
716 2392 872 2426 arbitror
908 2402 985 2424 esse
1018 2392 1162 2425 circiter
1191 2393 1322 2438 viginti
1353 2393 1480 2426 millia
1484 2399 1504 2414 ‘⁸
1550 2394 1621 2426 Po-

177 2443 311 2472 stremo
335 2440 549 2485 Imperatori
575 2440 852 2473 dinumerarunt
879 2445 1001 2483 gentes
1028 2439 1152 2473 Turcis
1178 2438 1353 2473 subditas.
1400 2438 1543 2474 Deinde
1570 2440 1618 2473 ab

177 2495 235 2524 e0,
260 2491 300 2518 ut
325 2496 396 2530 pax
425 2491 463 2520 et
486 2497 669 2520 armorum
694 2487 847 2519 societas
875 2485 1041 2518 Romanis
1067 2490 1104 2519 et
1128 2486 1254 2520 Turcis
1280 2491 1394 2527 esset,
1419 2487 1619 2531 petierunt.

176 2530 417 2574 Addiderunt,
442 2545 480 2567 se
506 2534 752 2578 paratissimos
778 2544 869 2572 esse,
892 2541 1052 2578 pugnare
1077 2538 1200 2567 contra
1224 2544 1372 2574 omnes,
1400 2533 1464 2578 qui
1489 2534 1620 2567 Roma-

175 2588 247 2610 nae
279 2577 520 2614 dominationi
553 2580 700 2620 infesti,
727 2590 787 2613 eos
811 2590 925 2624 prope
953 2580 1114 2623 ipsorum
1150 2581 1238 2613 fines
1264 2580 1363 2614 bello
1390 2585 1617 2624 appeterent.

175 2625 272 2658 Haec
296 2626 515 2672 simulatque
549 2627 854 2683 pronuntiarunt,
882 2626 1074 2666 Maniach,
1110 2626 1276 2660 manibus
1302 2628 1340 2660 in
1364 2628 1506 2661 coelum
1529 2626 1618 2659 sub-

175 2670 285 2712 latis,
317 2678 354 2705 et
386 2674 450 2718 qui
477 2684 555 2706 cum
590 2675 670 2718 ipso
705 2679 825 2713 er,ant
862 2673 1097 2707 iureiurando
1130 2674 1307 2714 maximo,
1333 2684 1410 2707 sese
1436 2683 1480 2706 ex
1504 2672 1617 2706 animi

176 2718 233 2750 sui
258 2721 438 2753 sententia
453 2719 548 2753 bona
576 2721 647 2754 fide
672 2719 761 2753 haec
789 2721 908 2753 omnia
933 2720 1052 2754 dicere
1080 2724 1117 2754 et
1140 2720 1352 2765 promittere
1378 2719 1614 2763 affirmarunt3

175 2764 214 2798 ni
239 2775 282 2798 ea
304 2775 388 2800 vera
412 2772 552 2809 essent,
590 2773 654 2801 aut
687 2767 717 2800 si
745 2767 902 2801 seientes
925 2767 1113 2809 fallerent,
1146 2778 1266 2814 neque
1291 2778 1334 2801 ea
1359 2766 1619 2807 observarent,

1641 350 1718 386 Iud.
1737 363 1748 385 ι

1597 391 1608 419 Ι
1648 396 1813 441 Ιιιειίιιί4
