<?xml version="1.0" encoding="UTF-8"?>
<!DOCTYPE html PUBLIC "-//W3C//DTD XHTML 1.0 Transitional//EN"
    "http://www.w3.org/TR/xhtml1/DTD/xhtml1-transitional.dtd">
<html xmlns="http://www.w3.org/1999/xhtml" xml:lang="en" lang="en">
 <head>
  <title>
</title>
<meta http-equiv="Content-Type" content="text/html;charset=utf-8" />
  <meta name='ocr-system' content='tesseract 3.04.00' />
  <meta name='ocr-capabilities' content='ocr_page ocr_carea ocr_par ocr_line ocrx_word'/>
</head>
<body>
  <div class='ocr_page' id='page_1' title='image "./corpusscriptorum10niebuoft/corpusscriptorum10niebuoft_0607.png"; bbox 0 0 1924 3164; ppageno 0'>
   <div class='ocr_carea' id='block_1_1' title="bbox 414 208 1601 297">
    <p class='ocr_par' dir='ltr' id='par_1_1' title="bbox 414 208 1601 297">
     <span class='ocr_line' id='line_1_1' title="bbox 414 208 1601 297; baseline -0.007 -22"><span class='ocrx_word' id='word_1_1' title='bbox 414 237 471 277; x_wconf 73' lang='lat' dir='ltr'><strong>IN</strong></span> <span class='ocrx_word' id='word_1_2' title='bbox 508 231 788 276; x_wconf 77' lang='lat' dir='ltr'><strong>EXCERPTA</strong></span> <span class='ocrx_word' id='word_1_3' title='bbox 826 234 897 274; x_wconf 86' lang='lat' dir='ltr'><strong>DE</strong></span> <span class='ocrx_word' id='word_1_4' title='bbox 934 230 1344 274; x_wconf 75' lang='lat' dir='ltr'><strong>LEGATlonUS.</strong></span> <span class='ocrx_word' id='word_1_5' title='bbox 1404 288 1410 297; x_wconf 24' lang='grc' dir='ltr'>ἱ</span> <span class='ocrx_word' id='word_1_6' title='bbox 1490 208 1601 268; x_wconf 79' lang='grc'><strong>553</strong></span> 
     </span>
    </p>
   </div>
   <div class='ocr_carea' id='block_1_2' title="bbox 165 326 1785 2857">
    <p class='ocr_par' dir='ltr' id='par_1_2' title="bbox 165 326 1608 443">
     <span class='ocr_line' id='line_1_2' title="bbox 266 326 1608 389; baseline -0.002 -14"><span class='ocrx_word' id='word_1_7' title='bbox 266 330 377 388; x_wconf 80' lang='lat' dir='ltr'><strong>Pag.</strong></span> <span class='ocrx_word' id='word_1_8' title='bbox 400 349 491 375; x_wconf 83' lang='lat'><strong>121.</strong></span> <span class='ocrx_word' id='word_1_9' title='bbox 523 336 577 374; x_wconf 92' lang='lat' dir='ltr'><strong>D.</strong></span> <span class='ocrx_word' id='word_1_10' title='bbox 610 335 723 389; x_wconf 76' lang='lat'>[322‚</span> <span class='ocrx_word' id='word_1_11' title='bbox 760 332 841 388; x_wconf 85' lang='lat'><strong>13.]</strong></span> <span class='ocrx_word' id='word_1_12' title='bbox 873 327 973 372; x_wconf 67' lang='lat'><em>0662}</em></span> <span class='ocrx_word' id='word_1_13' title='bbox 997 345 1042 385; x_wconf 77' lang='grc' dir='ltr'><strong>γε</strong></span> <span class='ocrx_word' id='word_1_14' title='bbox 1071 326 1098 385; x_wconf 77' lang='grc' dir='ltr'><em>ἢ</em></span> <span class='ocrx_word' id='word_1_15' title='bbox 1119 331 1267 379; x_wconf 80' lang='grc' dir='ltr'><em>τελέως</em></span> <span class='ocrx_word' id='word_1_16' title='bbox 1291 328 1608 384; x_wconf 74' lang='grc' dir='ltr'>κατολισθήσοι.</span> 
     </span>
     <span class='ocr_line' id='line_1_3' title="bbox 165 387 1583 443; baseline -0.003 -13"><span class='ocrx_word' id='word_1_17' title='bbox 165 389 306 430; x_wconf 82' lang='lat' dir='ltr'><strong>Scribe</strong></span> <span class='ocrx_word' id='word_1_18' title='bbox 330 389 370 430; x_wconf 80' lang='grc' dir='ltr'><strong>εἰ</strong></span> <span class='ocrx_word' id='word_1_19' title='bbox 396 389 546 436; x_wconf 76' lang='grc' dir='ltr'><em>τελέως</em></span> <span class='ocrx_word' id='word_1_20' title='bbox 563 418 574 438; x_wconf 86' lang='grc'>,</span> <span class='ocrx_word' id='word_1_21' title='bbox 604 388 808 443; x_wconf 90' lang='lat' dir='ltr'><strong>quomodo</strong></span> <span class='ocrx_word' id='word_1_22' title='bbox 834 402 952 441; x_wconf 88' lang='lat' dir='ltr'><strong>saepe</strong></span> <span class='ocrx_word' id='word_1_23' title='bbox 973 395 1180 441; x_wconf 85' lang='lat' dir='ltr'><strong>peccatum</strong></span> <span class='ocrx_word' id='word_1_24' title='bbox 1207 395 1267 427; x_wconf 86' lang='lat' dir='ltr'><strong>est</strong></span> <span class='ocrx_word' id='word_1_25' title='bbox 1293 388 1335 427; x_wconf 91' lang='lat' dir='ltr'><strong>in</strong></span> <span class='ocrx_word' id='word_1_26' title='bbox 1366 387 1429 427; x_wconf 84' lang='lat' dir='ltr'><strong>his</strong></span> <span class='ocrx_word' id='word_1_27' title='bbox 1455 387 1583 428; x_wconf 87' lang='lat' dir='ltr'><strong>libris.</strong></span> 
     </span>
    </p>

    <p class='ocr_par' dir='ltr' id='par_1_3' title="bbox 169 439 1616 883">
     <span class='ocr_line' id='line_1_4' title="bbox 274 439 1611 499; baseline -0.001 -16"><span class='ocrx_word' id='word_1_28' title='bbox 274 445 377 498; x_wconf 81' lang='lat' dir='ltr'><strong>Pag.</strong></span> <span class='ocrx_word' id='word_1_29' title='bbox 413 458 502 483; x_wconf 84' lang='grc'><strong>121.</strong></span> <span class='ocrx_word' id='word_1_30' title='bbox 534 445 587 483; x_wconf 92' lang='lat' dir='ltr'><strong>D.</strong></span> <span class='ocrx_word' id='word_1_31' title='bbox 620 445 731 499; x_wconf 81' lang='lat'><strong>[322‚</strong></span> <span class='ocrx_word' id='word_1_32' title='bbox 765 442 846 496; x_wconf 85' lang='lat'><strong>15.]</strong></span> <span class='ocrx_word' id='word_1_33' title='bbox 879 440 1110 495; x_wconf 63' lang='grc' dir='ltr'><strong>γενεάρχας</strong></span> <span class='ocrx_word' id='word_1_34' title='bbox 1142 439 1486 495; x_wconf 71' lang='grc' dir='ltr'><strong>Περσαρμενίων.</strong></span> <span class='ocrx_word' id='word_1_35' title='bbox 1542 444 1611 482; x_wconf 87' lang='lat' dir='ltr'><strong>Sic</strong></span> 
     </span>
     <span class='ocr_line' id='line_1_5' title="bbox 169 490 1611 554; baseline -0.002 -15"><span class='ocrx_word' id='word_1_36' title='bbox 169 501 291 540; x_wconf 82' lang='lat' dir='ltr'><strong>etiam</strong></span> <span class='ocrx_word' id='word_1_37' title='bbox 319 514 410 552; x_wconf 86' lang='lat' dir='ltr'>pag.</span> <span class='ocrx_word' id='word_1_38' title='bbox 449 499 537 554; x_wconf 83' lang='lat'><strong>167.</strong></span> <span class='ocrx_word' id='word_1_39' title='bbox 569 499 617 538; x_wconf 88' lang='lat' dir='ltr'><strong>G.</strong></span> <span class='ocrx_word' id='word_1_40' title='bbox 649 497 912 551; x_wconf 81' lang='lat' dir='ltr'><strong>appellantur.</strong></span> <span class='ocrx_word' id='word_1_41' title='bbox 969 499 1169 550; x_wconf 77' lang='lat' dir='ltr'>Euagrius</span> <span class='ocrx_word' id='word_1_42' title='bbox 1195 498 1236 536; x_wconf 90' lang='lat' dir='ltr'><strong>in</strong></span> <span class='ocrx_word' id='word_1_43' title='bbox 1264 497 1369 537; x_wconf 86' lang='lat' dir='ltr'><strong>libro</strong></span> <span class='ocrx_word' id='word_1_44' title='bbox 1387 496 1426 538; x_wconf 82' lang='lat'><strong>5.</strong></span> <span class='ocrx_word' id='word_1_45' title='bbox 1457 490 1611 549; x_wconf 70' lang='grc' dir='ltr'>ἄρχον-ι</span> 
     </span>
     <span class='ocr_line' id='line_1_6' title="bbox 169 552 1611 607; baseline -0.001 -14"><span class='ocrx_word' id='word_1_46' title='bbox 169 569 248 601; x_wconf 82' lang='grc' dir='ltr'><strong>τας</strong></span> <span class='ocrx_word' id='word_1_47' title='bbox 290 554 522 607; x_wconf 83' lang='lat' dir='ltr'><strong>simpliciter</strong></span> <span class='ocrx_word' id='word_1_48' title='bbox 558 553 744 606; x_wconf 81' lang='lat' dir='ltr'><strong>appellat.</strong></span> <span class='ocrx_word' id='word_1_49' title='bbox 802 552 992 606; x_wconf 79' lang='lat' dir='ltr'>Plerique</span> <span class='ocrx_word' id='word_1_50' title='bbox 1029 553 1294 591; x_wconf 89' lang='lat' dir='ltr'><strong>barbarorum</strong></span> <span class='ocrx_word' id='word_1_51' title='bbox 1333 553 1374 592; x_wconf 88' lang='lat' dir='ltr'><strong>in</strong></span> <span class='ocrx_word' id='word_1_52' title='bbox 1410 552 1544 592; x_wconf 80' lang='lat' dir='ltr'><strong>tribus</strong></span> <span class='ocrx_word' id='word_1_53' title='bbox 1571 560 1611 591; x_wconf 87' lang='lat' dir='ltr'><strong>et</strong></span> 
     </span>
     <span class='ocr_line' id='line_1_7' title="bbox 170 607 1613 663; baseline -0.003 -14"><span class='ocrx_word' id='word_1_54' title='bbox 170 617 306 663; x_wconf 86' lang='lat' dir='ltr'><strong>gentes</strong></span> <span class='ocrx_word' id='word_1_55' title='bbox 331 616 447 648; x_wconf 84' lang='lat' dir='ltr'><strong>erant</strong></span> <span class='ocrx_word' id='word_1_56' title='bbox 473 609 616 659; x_wconf 84' lang='lat' dir='ltr'><strong>divisi,</strong></span> <span class='ocrx_word' id='word_1_57' title='bbox 656 622 702 647; x_wconf 86' lang='lat' dir='ltr'><strong>ac</strong></span> <span class='ocrx_word' id='word_1_58' title='bbox 728 607 907 661; x_wconf 82' lang='lat' dir='ltr'><strong>singulae</strong></span> <span class='ocrx_word' id='word_1_59' title='bbox 929 608 1062 646; x_wconf 78' lang='lat' dir='ltr'><strong>tribus</strong></span> <span class='ocrx_word' id='word_1_60' title='bbox 1086 621 1203 646; x_wconf 85' lang='lat' dir='ltr'><strong>suum</strong></span> <span class='ocrx_word' id='word_1_61' title='bbox 1230 607 1432 647; x_wconf 84' lang='lat' dir='ltr'><strong>habebant</strong></span> <span class='ocrx_word' id='word_1_62' title='bbox 1455 609 1613 661; x_wconf 26' lang='lat' dir='ltr'><strong>*princi-</strong></span> 
     </span>
     <span class='ocr_line' id='line_1_8' title="bbox 170 660 1613 727; baseline -0.001 -24"><span class='ocrx_word' id='word_1_63' title='bbox 170 679 279 717; x_wconf 84' lang='lat' dir='ltr'><strong>pem.</strong></span> <span class='ocrx_word' id='word_1_64' title='bbox 333 665 399 703; x_wconf 86' lang='lat' dir='ltr'><strong>Sic</strong></span> <span class='ocrx_word' id='word_1_65' title='bbox 425 664 585 703; x_wconf 84' lang='lat' dir='ltr'><strong>Priscus</strong></span> <span class='ocrx_word' id='word_1_66' title='bbox 611 677 654 716; x_wconf 90' lang='lat' dir='ltr'><strong>p.</strong></span> <span class='ocrx_word' id='word_1_67' title='bbox 688 662 755 702; x_wconf 82' lang='lat'><strong>55.</strong></span> <span class='ocrx_word' id='word_1_68' title='bbox 788 662 842 701; x_wconf 87' lang='lat' dir='ltr'><strong>A.</strong></span> <span class='ocrx_word' id='word_1_69' title='bbox 883 662 934 701; x_wconf 89' lang='lat' dir='ltr'><strong>de</strong></span> <span class='ocrx_word' id='word_1_70' title='bbox 961 662 1156 727; x_wconf 64' lang='lat' dir='ltr'><strong>Scythicis</strong></span> <span class='ocrx_word' id='word_1_71' title='bbox 1193 663 1405 716; x_wconf 86' lang='lat' dir='ltr'><strong>gentibus:</strong></span> <span class='ocrx_word' id='word_1_72' title='bbox 1450 660 1613 702; x_wconf 70' lang='grc' dir='ltr'>πολλῶν</span> 
     </span>
     <span class='ocr_line' id='line_1_9' title="bbox 171 713 1614 772; baseline -0.001 -14"><span class='ocrx_word' id='word_1_73' title='bbox 171 715 275 758; x_wconf 77' lang='grc' dir='ltr'><em>κατὰ</em></span> <span class='ocrx_word' id='word_1_74' title='bbox 301 717 417 772; x_wconf 81' lang='grc' dir='ltr'><strong><em>φῦλα</em></strong></span> <span class='ocrx_word' id='word_1_75' title='bbox 437 717 511 756; x_wconf 84' lang='grc' dir='ltr'>καί</span> <span class='ocrx_word' id='word_1_76' title='bbox 524 717 620 771; x_wconf 78' lang='grc' dir='ltr'>γένη</span> <span class='ocrx_word' id='word_1_77' title='bbox 653 713 865 769; x_wconf 75' lang='grc' dir='ltr'><strong>ἀρχόντων</strong></span> <span class='ocrx_word' id='word_1_78' title='bbox 888 717 967 756; x_wconf 79' lang='grc' dir='ltr'><strong>τοῦ</strong></span> <span class='ocrx_word' id='word_1_79' title='bbox 989 715 1152 764; x_wconf 71' lang='grc' dir='ltr'><strong>ἔθνους.</strong></span> <span class='ocrx_word' id='word_1_80' title='bbox 1208 718 1268 758; x_wconf 84' lang='lat' dir='ltr'><strong>Ita</strong></span> <span class='ocrx_word' id='word_1_81' title='bbox 1283 725 1419 757; x_wconf 86' lang='lat' dir='ltr'><strong>tamen</strong></span> <span class='ocrx_word' id='word_1_82' title='bbox 1434 725 1482 757; x_wconf 87' lang='lat' dir='ltr'><strong>ut</strong></span> <span class='ocrx_word' id='word_1_83' title='bbox 1507 731 1614 756; x_wconf 85' lang='lat' dir='ltr'><strong>unus</strong></span> 
     </span>
     <span class='ocr_line' id='line_1_10' title="bbox 173 771 1616 829; baseline -0.001 -16"><span class='ocrx_word' id='word_1_84' title='bbox 173 788 220 813; x_wconf 88' lang='lat' dir='ltr'><strong>ex</strong></span> <span class='ocrx_word' id='word_1_85' title='bbox 259 774 307 812; x_wconf 92' lang='lat' dir='ltr'><strong>iis</strong></span> <span class='ocrx_word' id='word_1_86' title='bbox 349 773 572 826; x_wconf 86' lang='lat' dir='ltr'><strong>principem</strong></span> <span class='ocrx_word' id='word_1_87' title='bbox 612 772 746 811; x_wconf 85' lang='lat' dir='ltr'><strong>locum</strong></span> <span class='ocrx_word' id='word_1_88' title='bbox 781 772 993 811; x_wconf 78' lang='lat' dir='ltr'><strong>obtineret.</strong></span> <span class='ocrx_word' id='word_1_89' title='bbox 1051 771 1173 825; x_wconf 86' lang='lat' dir='ltr'>Apud</span> <span class='ocrx_word' id='word_1_90' title='bbox 1210 772 1419 812; x_wconf 83' lang='lat' dir='ltr'><strong>Malchum</strong></span> <span class='ocrx_word' id='word_1_91' title='bbox 1506 779 1616 829; x_wconf 82' lang='lat' dir='ltr'><strong>&#39;oque</strong></span> 
     </span>
     <span class='ocr_line' id='line_1_11' title="bbox 171 827 1584 883; baseline -0.001 -15"><span class='ocrx_word' id='word_1_92' title='bbox 171 843 215 882; x_wconf 93' lang='lat' dir='ltr'><strong>p.</strong></span> <span class='ocrx_word' id='word_1_93' title='bbox 244 842 314 883; x_wconf 87' lang='lat'><strong>9¹·</strong></span> <span class='ocrx_word' id='word_1_94' title='bbox 345 829 398 867; x_wconf 90' lang='lat' dir='ltr'><strong>D.</strong></span> <span class='ocrx_word' id='word_1_95' title='bbox 432 827 676 867; x_wconf 86' lang='lat' dir='ltr'><strong>Amorcesus</strong></span> <span class='ocrx_word' id='word_1_96' title='bbox 703 828 868 880; x_wconf 80' lang='lat' dir='ltr'><strong>quidam</strong></span> <span class='ocrx_word' id='word_1_97' title='bbox 898 827 1048 866; x_wconf 86' lang='lat' dir='ltr'><strong>dicitur</strong></span> <span class='ocrx_word' id='word_1_98' title='bbox 1073 827 1151 865; x_wconf 82' lang='grc' dir='ltr'><strong>τοῦ</strong></span> <span class='ocrx_word' id='word_1_99' title='bbox 1179 827 1392 866; x_wconf 79' lang='grc' dir='ltr'>Νοκαλίου</span> <span class='ocrx_word' id='word_1_100' title='bbox 1423 842 1449 879; x_wconf 84' lang='lat' dir='ltr'><em>y</em></span> <span class='ocrx_word' id='word_1_101' title='bbox 1473 841 1584 874; x_wconf 82' lang='grc' dir='ltr'><strong>νους.</strong></span> 
     </span>
    </p>

    <p class='ocr_par' dir='ltr' id='par_1_4' title="bbox 172 877 1618 1196">
     <span class='ocr_line' id='line_1_12' title="bbox 279 877 1618 937; baseline 0.001 -16"><span class='ocrx_word' id='word_1_102' title='bbox 279 882 382 935; x_wconf 81' lang='lat' dir='ltr'><strong>Pag.</strong></span> <span class='ocrx_word' id='word_1_103' title='bbox 419 883 509 922; x_wconf 82' lang='lat'><strong>123.</strong></span> <span class='ocrx_word' id='word_1_104' title='bbox 536 884 582 921; x_wconf 88' lang='lat' dir='ltr'><strong>B.</strong></span> <span class='ocrx_word' id='word_1_105' title='bbox 615 882 665 921; x_wconf 94' lang='lat' dir='ltr'><strong>C.</strong></span> <span class='ocrx_word' id='word_1_106' title='bbox 697 882 826 937; x_wconf 82' lang='lat'>[325‚</span> <span class='ocrx_word' id='word_1_107' title='bbox 863 881 944 935; x_wconf 87' lang='lat'><strong>18.]</strong></span> <span class='ocrx_word' id='word_1_108' title='bbox 988 882 1162 934; x_wconf 79' lang='grc' dir='ltr'><strong><em>Μοίρας</em></strong></span> <span class='ocrx_word' id='word_1_109' title='bbox 1195 877 1310 928; x_wconf 84' lang='grc' dir='ltr'>τινὸς</span> <span class='ocrx_word' id='word_1_110' title='bbox 1353 880 1412 928; x_wconf 70' lang='grc' dir='ltr'><strong>αἶς</strong></span> <span class='ocrx_word' id='word_1_111' title='bbox 1437 878 1506 922; x_wconf 84' lang='grc' dir='ltr'><strong>τὸν</strong></span> <span class='ocrx_word' id='word_1_112' title='bbox 1535 896 1618 921; x_wconf 76' lang='grc' dir='ltr'><strong>πα-</strong></span> 
     </span>
     <span class='ocr_line' id='line_1_13' title="bbox 174 930 1618 991; baseline 0 -15"><span class='ocrx_word' id='word_1_113' title='bbox 174 932 438 991; x_wconf 81' lang='grc' dir='ltr'>ρασχόμενον</span> <span class='ocrx_word' id='word_1_114' title='bbox 486 930 620 990; x_wconf 67' lang='grc' dir='ltr'>ἄνδρα</span> <span class='ocrx_word' id='word_1_115' title='bbox 674 933 851 990; x_wconf 85' lang='grc' dir='ltr'>μούσης.</span> <span class='ocrx_word' id='word_1_116' title='bbox 908 937 1047 976; x_wconf 85' lang='lat' dir='ltr'>Scribe</span> <span class='ocrx_word' id='word_1_117' title='bbox 1084 950 1175 975; x_wconf 90' lang='lat' dir='ltr'><strong>meo</strong></span> <span class='ocrx_word' id='word_1_118' title='bbox 1211 936 1391 989; x_wconf 81' lang='lat' dir='ltr'><strong>periculo</strong></span> <span class='ocrx_word' id='word_1_119' title='bbox 1430 936 1618 989; x_wconf 76' lang='grc' dir='ltr'>α’ναὸρα-</span> 
     </span>
     <span class='ocr_line' id='line_1_14' title="bbox 174 988 1617 1047; baseline -0.001 -17"><span class='ocrx_word' id='word_1_120' title='bbox 174 988 337 1044; x_wconf 74' lang='grc' dir='ltr'>μούσης</span> <span class='ocrx_word' id='word_1_121' title='bbox 350 1023 361 1043; x_wconf 90' lang='lat'><em>‚</em></span> <span class='ocrx_word' id='word_1_122' title='bbox 406 992 446 1030; x_wconf 90' lang='lat' dir='ltr'><strong>id</strong></span> <span class='ocrx_word' id='word_1_123' title='bbox 477 999 558 1040; x_wconf 85' lang='lat' dir='ltr'><strong>est,</strong></span> <span class='ocrx_word' id='word_1_124' title='bbox 582 1001 743 1046; x_wconf 78' lang='lat' dir='ltr'><strong>pactum</strong></span> <span class='ocrx_word' id='word_1_125' title='bbox 770 1007 849 1032; x_wconf 83' lang='lat' dir='ltr'><strong>non</strong></span> <span class='ocrx_word' id='word_1_126' title='bbox 883 1007 985 1042; x_wconf 75' lang='lat' dir='ltr'><strong>esse,</strong></span> <span class='ocrx_word' id='word_1_127' title='bbox 1020 1001 1063 1031; x_wconf 79' lang='lat' dir='ltr'><strong>uc</strong></span> <span class='ocrx_word' id='word_1_128' title='bbox 1101 992 1282 1030; x_wconf 76' lang='lat' dir='ltr'><strong>alterutri</strong></span> <span class='ocrx_word' id='word_1_129' title='bbox 1311 993 1426 1047; x_wconf 81' lang='lat' dir='ltr'><strong>parti</strong></span> <span class='ocrx_word' id='word_1_130' title='bbox 1459 993 1617 1039; x_wconf 61' lang='lat' dir='ltr'><strong>liceret,</strong></span> 
     </span>
     <span class='ocr_line' id='line_1_15' title="bbox 172 1047 1616 1102; baseline -0.001 -16"><span class='ocrx_word' id='word_1_131' title='bbox 172 1048 346 1086; x_wconf 76' lang='lat' dir='ltr'><strong>restituta</strong></span> <span class='ocrx_word' id='word_1_132' title='bbox 373 1048 524 1100; x_wconf 75' lang='lat' dir='ltr'><strong>integra</strong></span> <span class='ocrx_word' id='word_1_133' title='bbox 535 1049 722 1102; x_wconf 81' lang='lat' dir='ltr'><strong>pecunia,</strong></span> <span class='ocrx_word' id='word_1_134' title='bbox 753 1057 822 1086; x_wconf 82' lang='lat' dir='ltr'><strong>aut</strong></span> <span class='ocrx_word' id='word_1_135' title='bbox 843 1048 979 1101; x_wconf 78' lang='lat' dir='ltr'><strong>aliqua</strong></span> <span class='ocrx_word' id='word_1_136' title='bbox 1004 1048 1084 1086; x_wconf 78' lang='lat' dir='ltr'><strong>eius</strong></span> <span class='ocrx_word' id='word_1_137' title='bbox 1106 1056 1222 1101; x_wconf 78' lang='lat' dir='ltr'><strong>parte</strong></span> <span class='ocrx_word' id='word_1_138' title='bbox 1252 1048 1303 1095; x_wconf 88' lang='lat' dir='ltr'><strong>ei,</strong></span> <span class='ocrx_word' id='word_1_139' title='bbox 1335 1049 1406 1102; x_wconf 79' lang='lat' dir='ltr'><strong>qui</strong></span> <span class='ocrx_word' id='word_1_140' title='bbox 1434 1047 1616 1093; x_wconf 77' lang='lat' dir='ltr'><em>dedisset,</em></span> 
     </span>
     <span class='ocr_line' id='line_1_16' title="bbox 176 1100 1617 1157; baseline 0 -17"><span class='ocrx_word' id='word_1_141' title='bbox 176 1102 357 1151; x_wconf 75' lang='lat' dir='ltr'><strong>reddita,</strong></span> <span class='ocrx_word' id='word_1_142' title='bbox 402 1116 429 1142; x_wconf 85' lang='lat' dir='ltr'><em>a</em></span> <span class='ocrx_word' id='word_1_143' title='bbox 454 1102 628 1153; x_wconf 73' lang='lat' dir='ltr'><strong>Jbedere</strong></span> <span class='ocrx_word' id='word_1_144' title='bbox 665 1101 880 1143; x_wconf 78' lang='lat' dir='ltr'><strong>discedere.</strong></span> <span class='ocrx_word' id='word_1_145' title='bbox 934 1102 992 1141; x_wconf 88' lang='lat' dir='ltr'><strong>At</strong></span> <span class='ocrx_word' id='word_1_146' title='bbox 1033 1100 1296 1142; x_wconf 83' lang='lat' dir='ltr'><strong>Cantoelarus</strong></span> <span class='ocrx_word' id='word_1_147' title='bbox 1342 1104 1477 1141; x_wconf 88' lang='lat' dir='ltr'><strong>nescio</strong></span> <span class='ocrx_word' id='word_1_148' title='bbox 1509 1100 1617 1157; x_wconf 86' lang='lat' dir='ltr'><strong>-quid</strong></span> 
     </span>
     <span class='ocr_line' id='line_1_17' title="bbox 178 1156 760 1196; baseline 0 0"><span class='ocrx_word' id='word_1_149' title='bbox 178 1157 229 1196; x_wconf 88' lang='lat' dir='ltr'><strong>de</strong></span> <span class='ocrx_word' id='word_1_150' title='bbox 256 1158 409 1196; x_wconf 83' lang='lat' dir='ltr'><strong>musica</strong></span> <span class='ocrx_word' id='word_1_151' title='bbox 437 1156 504 1195; x_wconf 91' lang='lat' dir='ltr'><strong>hic</strong></span> <span class='ocrx_word' id='word_1_152' title='bbox 531 1158 760 1196; x_wconf 84' lang='lat' dir='ltr'><strong>somniavit.</strong></span> 
     </span>
    </p>

    <p class='ocr_par' dir='ltr' id='par_1_5' title="bbox 177 1206 1631 1318">
     <span class='ocr_line' id='line_1_18' title="bbox 286 1206 1631 1278; baseline 0.001 -28"><span class='ocrx_word' id='word_1_153' title='bbox 286 1212 389 1264; x_wconf 79' lang='lat' dir='ltr'><strong>Pag.</strong></span> <span class='ocrx_word' id='word_1_154' title='bbox 421 1212 508 1250; x_wconf 80' lang='lat'><strong>125.</strong></span> <span class='ocrx_word' id='word_1_155' title='bbox 534 1212 583 1250; x_wconf 92' lang='lat' dir='ltr'><strong>C.</strong></span> <span class='ocrx_word' id='word_1_156' title='bbox 613 1211 736 1266; x_wconf 76' lang='lat'>[326‚</span> <span class='ocrx_word' id='word_1_157' title='bbox 772 1211 831 1278; x_wconf 82' lang='lat'><strong>1.]</strong></span> <span class='ocrx_word' id='word_1_158' title='bbox 874 1206 1135 1266; x_wconf 78' lang='grc' dir='ltr'><strong><em>ἴσχυρότατοῖ</em></strong></span> <span class='ocrx_word' id='word_1_159' title='bbox 1182 1225 1270 1259; x_wconf 82' lang='grc' dir='ltr'><strong>πως</strong></span> <span class='ocrx_word' id='word_1_160' title='bbox 1315 1209 1631 1263; x_wconf 65' lang='grc' dir='ltr'>οἲπομνύμενος.</span> 
     </span>
     <span class='ocr_line' id='line_1_19' title="bbox 177 1266 958 1318; baseline 0 -12"><span class='ocrx_word' id='word_1_161' title='bbox 177 1266 442 1306; x_wconf 85' lang='lat' dir='ltr'><strong>Scribendum</strong></span> <span class='ocrx_word' id='word_1_162' title='bbox 472 1266 634 1305; x_wconf 84' lang='lat' dir='ltr'><strong>videtur</strong></span> <span class='ocrx_word' id='word_1_163' title='bbox 662 1266 958 1318; x_wconf 81' lang='grc' dir='ltr'><strong>ἑπομνυμενος.</strong></span> 
     </span>
    </p>

    <p class='ocr_par' dir='ltr' id='par_1_6' title="bbox 177 1317 1634 1923">
     <span class='ocr_line' id='line_1_20' title="bbox 289 1317 1626 1376; baseline -0.003 -15"><span class='ocrx_word' id='word_1_164' title='bbox 289 1321 707 1375; x_wconf 79' lang='lat' dir='ltr'><strong>Pag.123.D.[326,</strong></span> <span class='ocrx_word' id='word_1_165' title='bbox 733 1321 796 1376; x_wconf 83' lang='lat'><strong>7.]</strong></span> <span class='ocrx_word' id='word_1_166' title='bbox 827 1320 925 1361; x_wconf 73' lang='grc' dir='ltr'><strong>οὐδὲ</strong></span> <span class='ocrx_word' id='word_1_167' title='bbox 956 1324 1098 1372; x_wconf 77' lang='grc' dir='ltr'>μεῖναι</span> <span class='ocrx_word' id='word_1_168' title='bbox 1133 1317 1291 1374; x_wconf 68' lang='grc' dir='ltr'><strong>ἑτέρου.</strong></span> <span class='ocrx_word' id='word_1_169' title='bbox 1346 1321 1485 1361; x_wconf 83' lang='lat' dir='ltr'>Scribe</span> <span class='ocrx_word' id='word_1_170' title='bbox 1521 1317 1626 1358; x_wconf 70' lang='grc' dir='ltr'><strong>οῦδὲ</strong></span> 
     </span>
     <span class='ocr_line' id='line_1_21' title="bbox 177 1370 1627 1441; baseline -0.003 -26"><span class='ocrx_word' id='word_1_171' title='bbox 177 1372 263 1428; x_wconf 75' lang='grc' dir='ltr'><strong>μὴν</strong></span> <span class='ocrx_word' id='word_1_172' title='bbox 291 1372 452 1427; x_wconf 73' lang='grc' dir='ltr'><strong>ἑτέρου,</strong></span> <span class='ocrx_word' id='word_1_173' title='bbox 474 1383 514 1414; x_wconf 85' lang='lat' dir='ltr'><strong>et</strong></span> <span class='ocrx_word' id='word_1_174' title='bbox 545 1375 667 1428; x_wconf 88' lang='lat' dir='ltr'><strong>paulo</strong></span> <span class='ocrx_word' id='word_1_175' title='bbox 694 1385 786 1441; x_wconf 89' lang='lat' dir='ltr'><strong>post</strong></span> <span class='ocrx_word' id='word_1_176' title='bbox 802 1377 954 1416; x_wconf 83' lang='lat' dir='ltr'>scribe:</span> <span class='ocrx_word' id='word_1_177' title='bbox 979 1372 1023 1423; x_wconf 87' lang='grc' dir='ltr'><strong>ὃς</strong></span> <span class='ocrx_word' id='word_1_178' title='bbox 1048 1376 1092 1415; x_wconf 78' lang='grc' dir='ltr'><strong>ἐν</strong></span> <span class='ocrx_word' id='word_1_179' title='bbox 1114 1376 1173 1416; x_wconf 76' lang='grc' dir='ltr'><strong>τῶ</strong></span> <span class='ocrx_word' id='word_1_180' title='bbox 1193 1372 1283 1415; x_wconf 72' lang='grc' dir='ltr'><strong>τότε</strong></span> <span class='ocrx_word' id='word_1_181' title='bbox 1308 1372 1386 1416; x_wconf 80' lang='grc' dir='ltr'><strong>τὸν</strong></span> <span class='ocrx_word' id='word_1_182' title='bbox 1412 1370 1627 1426; x_wconf 71' lang='grc' dir='ltr'>βασίλειον</span> 
     </span>
     <span class='ocr_line' id='line_1_22' title="bbox 180 1416 1626 1486; baseline -0.003 -15"><span class='ocrx_word' id='word_1_183' title='bbox 180 1427 342 1471; x_wconf 69' lang='grc' dir='ltr'>ἰθύνειν</span> <span class='ocrx_word' id='word_1_184' title='bbox 369 1425 633 1482; x_wconf 74' lang='grc' dir='ltr'><em>ἐκληρώσατο</em></span> <span class='ocrx_word' id='word_1_185' title='bbox 661 1433 792 1483; x_wconf 78' lang='grc' dir='ltr'>λογον.</span> <span class='ocrx_word' id='word_1_186' title='bbox 849 1433 911 1470; x_wconf 90' lang='lat' dir='ltr'><strong>De</strong></span> <span class='ocrx_word' id='word_1_187' title='bbox 921 1432 1119 1471; x_wconf 87' lang='lat' dir='ltr'>Mauricio</span> <span class='ocrx_word' id='word_1_188' title='bbox 1147 1416 1344 1486; x_wconf 62' lang='lat' dir='ltr'><strong>quuitur,</strong></span> <span class='ocrx_word' id='word_1_189' title='bbox 1374 1430 1491 1470; x_wconf 79' lang='lat' dir='ltr'><strong>Pauli</strong></span> <span class='ocrx_word' id='word_1_190' title='bbox 1517 1429 1626 1479; x_wconf 86' lang='lat' dir='ltr'><strong>filio,</strong></span> 
     </span>
     <span class='ocr_line' id='line_1_23' title="bbox 180 1484 1627 1540; baseline -0.001 -16"><span class='ocrx_word' id='word_1_191' title='bbox 180 1488 250 1539; x_wconf 90' lang='lat' dir='ltr'><strong>qui</strong></span> <span class='ocrx_word' id='word_1_192' title='bbox 277 1492 413 1539; x_wconf 81' lang='lat' dir='ltr'><strong>postea</strong></span> <span class='ocrx_word' id='word_1_193' title='bbox 439 1485 659 1538; x_wconf 86' lang='lat' dir='ltr'><strong>Imperator</strong></span> <span class='ocrx_word' id='word_1_194' title='bbox 687 1493 748 1526; x_wconf 84' lang='lat' dir='ltr'><strong>est</strong></span> <span class='ocrx_word' id='word_1_195' title='bbox 774 1486 928 1537; x_wconf 79' lang='lat' dir='ltr'><strong>sactu83</strong></span> <span class='ocrx_word' id='word_1_196' title='bbox 957 1501 1078 1540; x_wconf 92' lang='lat' dir='ltr'><strong>quem</strong></span> <span class='ocrx_word' id='word_1_197' title='bbox 1105 1494 1203 1526; x_wconf 88' lang='lat' dir='ltr'><strong>tunc</strong></span> <span class='ocrx_word' id='word_1_198' title='bbox 1233 1487 1448 1538; x_wconf 85' lang='lat' dir='ltr'><strong>temporis,</strong></span> <span class='ocrx_word' id='word_1_199' title='bbox 1495 1484 1536 1523; x_wconf 93' lang='lat' dir='ltr'><strong>id</strong></span> <span class='ocrx_word' id='word_1_200' title='bbox 1567 1490 1627 1522; x_wconf 86' lang='lat' dir='ltr'><strong>est</strong></span> 
     </span>
     <span class='ocr_line' id='line_1_24' title="bbox 179 1540 1629 1594; baseline -0.002 -15"><span class='ocrx_word' id='word_1_201' title='bbox 179 1542 286 1580; x_wconf 87' lang='lat' dir='ltr'><strong>circa</strong></span> <span class='ocrx_word' id='word_1_202' title='bbox 329 1554 481 1578; x_wconf 88' lang='lat' dir='ltr'><strong>aunum</strong></span> <span class='ocrx_word' id='word_1_203' title='bbox 536 1555 576 1594; x_wconf 80' lang='lat'><strong>9.</strong></span> <span class='ocrx_word' id='word_1_204' title='bbox 614 1541 758 1580; x_wconf 87' lang='lat' dir='ltr'><strong>Iustini</strong></span> <span class='ocrx_word' id='word_1_205' title='bbox 800 1543 1082 1594; x_wconf 87' lang='lat' dir='ltr'><strong>Imperatoris,</strong></span> <span class='ocrx_word' id='word_1_206' title='bbox 1131 1542 1187 1580; x_wconf 88' lang='lat' dir='ltr'><strong>ait</strong></span> <span class='ocrx_word' id='word_1_207' title='bbox 1226 1541 1450 1580; x_wconf 82' lang='lat' dir='ltr'><strong>Menander</strong></span> <span class='ocrx_word' id='word_1_208' title='bbox 1507 1540 1629 1577; x_wconf 88' lang='lat' dir='ltr'><strong>fuisse</strong></span> 
     </span>
     <span class='ocr_line' id='line_1_25' title="bbox 179 1593 1629 1649; baseline -0.003 -14"><span class='ocrx_word' id='word_1_209' title='bbox 179 1610 371 1649; x_wconf 86' lang='lat' dir='ltr'><strong>magnum</strong></span> <span class='ocrx_word' id='word_1_210' title='bbox 400 1595 679 1648; x_wconf 82' lang='lat' dir='ltr'><strong>Logothetam.</strong></span> <span class='ocrx_word' id='word_1_211' title='bbox 738 1596 804 1636; x_wconf 87' lang='lat' dir='ltr'><strong>Sic</strong></span> <span class='ocrx_word' id='word_1_212' title='bbox 832 1598 940 1636; x_wconf 89' lang='lat' dir='ltr'><strong>enim</strong></span> <span class='ocrx_word' id='word_1_213' title='bbox 980 1598 1222 1649; x_wconf 83' lang='lat' dir='ltr'><strong>interpretor</strong></span> <span class='ocrx_word' id='word_1_214' title='bbox 1249 1595 1463 1634; x_wconf 83' lang='lat' dir='ltr'><strong>Menandri</strong></span> <span class='ocrx_word' id='word_1_215' title='bbox 1502 1593 1629 1633; x_wconf 88' lang='lat' dir='ltr'><strong>verba</strong></span> 
     </span>
     <span class='ocr_line' id='line_1_26' title="bbox 178 1646 1629 1705; baseline -0.002 -16"><span class='ocrx_word' id='word_1_216' title='bbox 178 1652 358 1705; x_wconf 76' lang='lat' dir='ltr'><strong>proxime</strong></span> <span class='ocrx_word' id='word_1_217' title='bbox 386 1649 521 1690; x_wconf 85' lang='lat' dir='ltr'><strong>allata.</strong></span> <span class='ocrx_word' id='word_1_218' title='bbox 555 1651 662 1690; x_wconf 86' lang='lat' dir='ltr'><strong>Vide</strong></span> <span class='ocrx_word' id='word_1_219' title='bbox 680 1651 955 1704; x_wconf 85' lang='lat' dir='ltr'><strong>Nicephorum</strong></span> <span class='ocrx_word' id='word_1_220' title='bbox 970 1651 1247 1691; x_wconf 84' lang='lat' dir='ltr'><strong>Patriarcham</strong></span> <span class='ocrx_word' id='word_1_221' title='bbox 1266 1652 1309 1689; x_wconf 87' lang='lat' dir='ltr'><strong>in</strong></span> <span class='ocrx_word' id='word_1_222' title='bbox 1339 1651 1434 1689; x_wconf 85' lang='lat' dir='ltr'><strong>hist.</strong></span> <span class='ocrx_word' id='word_1_223' title='bbox 1455 1664 1499 1702; x_wconf 90' lang='lat' dir='ltr'><strong>p.</strong></span> <span class='ocrx_word' id='word_1_224' title='bbox 1517 1646 1629 1699; x_wconf 58' lang='lat'><strong>115„</strong></span> 
     </span>
     <span class='ocr_line' id='line_1_27' title="bbox 181 1703 1631 1759; baseline -0.002 -15"><span class='ocrx_word' id='word_1_225' title='bbox 181 1706 254 1744; x_wconf 90' lang='lat' dir='ltr'><strong>ubi</strong></span> <span class='ocrx_word' id='word_1_226' title='bbox 278 1705 542 1758; x_wconf 83' lang='lat' dir='ltr'><strong>Logothetam</strong></span> <span class='ocrx_word' id='word_1_227' title='bbox 584 1705 706 1759; x_wconf 83' lang='lat' dir='ltr'><strong>vulgo</strong></span> <span class='ocrx_word' id='word_1_228' title='bbox 734 1706 887 1745; x_wconf 82' lang='lat' dir='ltr'><strong>dictum</strong></span> <span class='ocrx_word' id='word_1_229' title='bbox 916 1721 1001 1745; x_wconf 88' lang='lat' dir='ltr'><strong>esse</strong></span> <span class='ocrx_word' id='word_1_230' title='bbox 1029 1706 1167 1746; x_wconf 78' lang='lat' dir='ltr'><strong>scribit</strong></span> <span class='ocrx_word' id='word_1_231' title='bbox 1186 1705 1271 1745; x_wconf 77' lang='grc' dir='ltr'><strong>τῶν</strong></span> <span class='ocrx_word' id='word_1_232' title='bbox 1310 1703 1521 1757; x_wconf 76' lang='grc' dir='ltr'>δημοσίων</span> <span class='ocrx_word' id='word_1_233' title='bbox 1559 1704 1631 1741; x_wconf 83' lang='grc' dir='ltr'><strong>λο-</strong></span> 
     </span>
     <span class='ocr_line' id='line_1_28' title="bbox 180 1753 1632 1814; baseline -0.002 -16"><span class='ocrx_word' id='word_1_234' title='bbox 180 1755 354 1812; x_wconf 74' lang='grc' dir='ltr'>γιστὴν,</span> <span class='ocrx_word' id='word_1_235' title='bbox 385 1760 454 1798; x_wconf 89' lang='lat' dir='ltr'><strong>sed</strong></span> <span class='ocrx_word' id='word_1_236' title='bbox 483 1761 523 1798; x_wconf 91' lang='lat' dir='ltr'><strong>in</strong></span> <span class='ocrx_word' id='word_1_237' title='bbox 553 1761 778 1799; x_wconf 85' lang='lat' dir='ltr'><strong>Menandro</strong></span> <span class='ocrx_word' id='word_1_238' title='bbox 818 1762 920 1800; x_wconf 81' lang='lat' dir='ltr'><strong>forte</strong></span> <span class='ocrx_word' id='word_1_239' title='bbox 955 1760 1168 1814; x_wconf 85' lang='lat' dir='ltr'><strong>legendum</strong></span> <span class='ocrx_word' id='word_1_240' title='bbox 1209 1767 1268 1799; x_wconf 87' lang='lat' dir='ltr'><strong>est</strong></span> <span class='ocrx_word' id='word_1_241' title='bbox 1295 1756 1423 1810; x_wconf 77' lang='grc' dir='ltr'>λόχον</span> <span class='ocrx_word' id='word_1_242' title='bbox 1448 1772 1523 1812; x_wconf 87' lang='lat' dir='ltr'><strong>pro</strong></span> <span class='ocrx_word' id='word_1_243' title='bbox 1562 1753 1632 1796; x_wconf 84' lang='grc' dir='ltr'><strong>λό-</strong></span> 
     </span>
     <span class='ocr_line' id='line_1_29' title="bbox 185 1811 1634 1866; baseline -0.001 -14"><span class='ocrx_word' id='word_1_244' title='bbox 185 1826 259 1866; x_wconf 77' lang='grc' dir='ltr'><strong>γον</strong></span> <span class='ocrx_word' id='word_1_245' title='bbox 325 1814 426 1852; x_wconf 86' lang='lat' dir='ltr'><strong>Erat</strong></span> <span class='ocrx_word' id='word_1_246' title='bbox 454 1815 560 1853; x_wconf 88' lang='lat' dir='ltr'><strong>enim</strong></span> <span class='ocrx_word' id='word_1_247' title='bbox 588 1821 685 1853; x_wconf 89' lang='lat' dir='ltr'><strong>tunc</strong></span> <span class='ocrx_word' id='word_1_248' title='bbox 715 1817 934 1855; x_wconf 87' lang='lat' dir='ltr'><strong>Mauricius</strong></span> <span class='ocrx_word' id='word_1_249' title='bbox 963 1815 1105 1856; x_wconf 89' lang='lat' dir='ltr'><strong>Comes</strong></span> <span class='ocrx_word' id='word_1_250' title='bbox 1131 1814 1424 1855; x_wconf 84' lang='lat' dir='ltr'><strong>Excubitorum</strong></span> <span class='ocrx_word' id='word_1_251' title='bbox 1435 1843 1451 1861; x_wconf 91' lang='lat'><em>,</em></span> <span class='ocrx_word' id='word_1_252' title='bbox 1482 1819 1529 1851; x_wconf 85' lang='lat' dir='ltr'><strong>ut</strong></span> <span class='ocrx_word' id='word_1_253' title='bbox 1557 1811 1634 1851; x_wconf 84' lang='lat' dir='ltr'><strong>do-</strong></span> 
     </span>
     <span class='ocr_line' id='line_1_30' title="bbox 184 1868 961 1923; baseline -0.001 -15"><span class='ocrx_word' id='word_1_254' title='bbox 184 1876 248 1908; x_wconf 82' lang='lat' dir='ltr'><strong>cet</strong></span> <span class='ocrx_word' id='word_1_255' title='bbox 276 1868 509 1922; x_wconf 86' lang='lat' dir='ltr'><strong>Theophyl.</strong></span> <span class='ocrx_word' id='word_1_256' title='bbox 539 1870 581 1908; x_wconf 91' lang='lat' dir='ltr'><strong>in</strong></span> <span class='ocrx_word' id='word_1_257' title='bbox 609 1869 682 1908; x_wconf 91' lang='lat' dir='ltr'><strong>lib.</strong></span> <span class='ocrx_word' id='word_1_258' title='bbox 715 1871 755 1909; x_wconf 83' lang='lat'><strong>3.</strong></span> <span class='ocrx_word' id='word_1_259' title='bbox 783 1884 872 1923; x_wconf 84' lang='lat' dir='ltr'><strong>cap.</strong></span> <span class='ocrx_word' id='word_1_260' title='bbox 901 1868 961 1909; x_wconf 83' lang='lat'><strong>15.</strong></span> 
     </span>
    </p>

    <p class='ocr_par' dir='ltr' id='par_1_7' title="bbox 187 1918 1769 2238">
     <span class='ocr_line' id='line_1_31' title="bbox 295 1918 1632 1979; baseline -0.001 -16"><span class='ocrx_word' id='word_1_261' title='bbox 295 1924 398 1975; x_wconf 80' lang='lat' dir='ltr'><strong>Pag.</strong></span> <span class='ocrx_word' id='word_1_262' title='bbox 429 1924 518 1974; x_wconf 75' lang='grc'><strong>124.</strong></span> <span class='ocrx_word' id='word_1_263' title='bbox 545 1923 593 1963; x_wconf 86' lang='lat' dir='ltr'><strong>G.</strong></span> <span class='ocrx_word' id='word_1_264' title='bbox 624 1923 742 1978; x_wconf 78' lang='lat'><strong>[327,</strong></span> <span class='ocrx_word' id='word_1_265' title='bbox 785 1924 871 1979; x_wconf 88' lang='lat'><strong>18.]</strong></span> <span class='ocrx_word' id='word_1_266' title='bbox 903 1923 979 1963; x_wconf 81' lang='grc' dir='ltr'><strong>τοῦ</strong></span> <span class='ocrx_word' id='word_1_267' title='bbox 1007 1919 1112 1978; x_wconf 72' lang='grc' dir='ltr'>ἑῴου</span> <span class='ocrx_word' id='word_1_268' title='bbox 1141 1922 1327 1974; x_wconf 80' lang='grc' dir='ltr'>πολέμου</span> <span class='ocrx_word' id='word_1_269' title='bbox 1357 1921 1419 1962; x_wconf 79' lang='grc' dir='ltr'><strong>ἒπ“</strong></span> <span class='ocrx_word' id='word_1_270' title='bbox 1452 1918 1632 1974; x_wconf 68' lang='grc' dir='ltr'><strong>ἀδήλοις.</strong></span> 
     </span>
     <span class='ocr_line' id='line_1_32' title="bbox 187 1978 1635 2033; baseline -0.002 -16"><span class='ocrx_word' id='word_1_271' title='bbox 187 1980 304 2030; x_wconf 84' lang='lat' dir='ltr'><strong>Quae</strong></span> <span class='ocrx_word' id='word_1_272' title='bbox 331 1978 477 2017; x_wconf 86' lang='lat' dir='ltr'><strong>deinde</strong></span> <span class='ocrx_word' id='word_1_273' title='bbox 509 1987 733 2031; x_wconf 84' lang='lat' dir='ltr'><strong>sequuntur</strong></span> <span class='ocrx_word' id='word_1_274' title='bbox 753 2009 765 2031; x_wconf 84' lang='lat'>,</span> <span class='ocrx_word' id='word_1_275' title='bbox 793 1993 957 2033; x_wconf 86' lang='lat' dir='ltr'><strong>prorsus</strong></span> <span class='ocrx_word' id='word_1_276' title='bbox 984 1978 1114 2018; x_wconf 87' lang='lat' dir='ltr'><strong>alieno</strong></span> <span class='ocrx_word' id='word_1_277' title='bbox 1144 1978 1232 2018; x_wconf 87' lang='lat' dir='ltr'><strong>loco</strong></span> <span class='ocrx_word' id='word_1_278' title='bbox 1262 1978 1393 2031; x_wconf 80' lang='lat' dir='ltr'><strong>posita</strong></span> <span class='ocrx_word' id='word_1_279' title='bbox 1421 1983 1514 2016; x_wconf 85' lang='lat' dir='ltr'><strong>suut</strong></span> <span class='ocrx_word' id='word_1_280' title='bbox 1533 2005 1546 2027; x_wconf 84' lang='lat'><strong>‚</strong></span> <span class='ocrx_word' id='word_1_281' title='bbox 1588 1983 1635 2015; x_wconf 87' lang='lat' dir='ltr'><strong>ut</strong></span> 
     </span>
     <span class='ocr_line' id='line_1_33' title="bbox 187 2030 1769 2087; baseline -0.003 -14"><span class='ocrx_word' id='word_1_282' title='bbox 187 2035 308 2073; x_wconf 86' lang='lat' dir='ltr'><strong>series</strong></span> <span class='ocrx_word' id='word_1_283' title='bbox 335 2034 420 2086; x_wconf 90' lang='lat' dir='ltr'><strong>ipsa</strong></span> <span class='ocrx_word' id='word_1_284' title='bbox 448 2040 677 2087; x_wconf 84' lang='lat' dir='ltr'><strong>temporum</strong></span> <span class='ocrx_word' id='word_1_285' title='bbox 705 2034 847 2085; x_wconf 83' lang='lat' dir='ltr'><strong>docet,</strong></span> <span class='ocrx_word' id='word_1_286' title='bbox 892 2042 932 2074; x_wconf 85' lang='lat' dir='ltr'><strong>et</strong></span> <span class='ocrx_word' id='word_1_287' title='bbox 959 2034 1011 2073; x_wconf 87' lang='lat' dir='ltr'><strong>ad</strong></span> <span class='ocrx_word' id='word_1_288' title='bbox 1038 2034 1188 2073; x_wconf 89' lang='lat' dir='ltr'><strong>librum</strong></span> <span class='ocrx_word' id='word_1_289' title='bbox 1215 2032 1256 2073; x_wconf 90' lang='lat'><strong>8.</strong></span> <span class='ocrx_word' id='word_1_290' title='bbox 1289 2032 1504 2071; x_wconf 86' lang='lat' dir='ltr'><strong>Menandri</strong></span> <span class='ocrx_word' id='word_1_291' title='bbox 1532 2030 1636 2074; x_wconf 83' lang='lat' dir='ltr'><strong>refe-</strong></span> <span class='ocrx_word' id='word_1_292' title='bbox 1647 2031 1688 2066; x_wconf 87' lang='lat' dir='ltr'><strong>V·</strong></span> <span class='ocrx_word' id='word_1_293' title='bbox 1704 2030 1769 2076; x_wconf 52' lang='lat'><strong>142</strong></span> 
     </span>
     <span class='ocr_line' id='line_1_34' title="bbox 189 2086 1637 2142; baseline -0.001 -13"><span class='ocrx_word' id='word_1_294' title='bbox 189 2088 315 2129; x_wconf 86' lang='lat' dir='ltr'><strong>renda</strong></span> <span class='ocrx_word' id='word_1_295' title='bbox 342 2096 451 2138; x_wconf 87' lang='lat' dir='ltr'><strong>sunt,</strong></span> <span class='ocrx_word' id='word_1_296' title='bbox 480 2095 527 2127; x_wconf 87' lang='lat' dir='ltr'><strong>ut</strong></span> <span class='ocrx_word' id='word_1_297' title='bbox 554 2089 720 2129; x_wconf 84' lang='lat' dir='ltr'><strong>inferius</strong></span> <span class='ocrx_word' id='word_1_298' title='bbox 746 2089 891 2128; x_wconf 89' lang='lat' dir='ltr'><strong>dicam.</strong></span> <span class='ocrx_word' id='word_1_299' title='bbox 939 2090 1012 2128; x_wconf 91' lang='lat' dir='ltr'><strong>His</strong></span> <span class='ocrx_word' id='word_1_300' title='bbox 1040 2089 1162 2142; x_wconf 83' lang='lat' dir='ltr'><strong>igitur</strong></span> <span class='ocrx_word' id='word_1_301' title='bbox 1188 2088 1365 2136; x_wconf 81' lang='lat' dir='ltr'><strong>resectis,</strong></span> <span class='ocrx_word' id='word_1_302' title='bbox 1394 2094 1485 2140; x_wconf 88' lang='lat' dir='ltr'><strong>post</strong></span> <span class='ocrx_word' id='word_1_303' title='bbox 1511 2086 1637 2127; x_wconf 82' lang='lat' dir='ltr'><strong>verba</strong></span> 
     </span>
     <span class='ocr_line' id='line_1_35' title="bbox 188 2137 1633 2238; baseline -0.001 -57"><span class='ocrx_word' id='word_1_304' title='bbox 188 2144 309 2238; x_wconf 50' lang='lat' dir='ltr'><strong>{itata</strong></span> <span class='ocrx_word' id='word_1_305' title='bbox 338 2143 466 2182; x_wconf 88' lang='lat' dir='ltr'><strong>scribe</strong></span> <span class='ocrx_word' id='word_1_306' title='bbox 495 2157 565 2196; x_wconf 89' lang='lat' dir='ltr'><strong>ea,</strong></span> <span class='ocrx_word' id='word_1_307' title='bbox 594 2158 698 2197; x_wconf 83' lang='lat' dir='ltr'><strong>quae</strong></span> <span class='ocrx_word' id='word_1_308' title='bbox 734 2144 858 2184; x_wconf 86' lang='lat' dir='ltr'><strong>habes</strong></span> <span class='ocrx_word' id='word_1_309' title='bbox 883 2159 928 2199; x_wconf 91' lang='lat' dir='ltr'><strong>p.</strong></span> <span class='ocrx_word' id='word_1_310' title='bbox 964 2143 1054 2194; x_wconf 73' lang='grc'><strong>124.</strong></span> <span class='ocrx_word' id='word_1_311' title='bbox 1085 2144 1170 2184; x_wconf 81' lang='lat' dir='ltr'><strong>D.:</strong></span> <span class='ocrx_word' id='word_1_312' title='bbox 1210 2137 1278 2182; x_wconf 78' lang='grc' dir='ltr'><strong>ὅτι</strong></span> <span class='ocrx_word' id='word_1_313' title='bbox 1317 2139 1356 2181; x_wconf 82' lang='grc' dir='ltr'><strong>οἱ</strong></span> <span class='ocrx_word' id='word_1_314' title='bbox 1381 2140 1529 2195; x_wconf 75' lang='grc' dir='ltr'>Μῆδοι</span> <span class='ocrx_word' id='word_1_315' title='bbox 1556 2148 1633 2181; x_wconf 84' lang='lat' dir='ltr'><strong>etc.</strong></span> 
     </span>
    </p>

    <p class='ocr_par' dir='ltr' id='par_1_8' title="bbox 219 2212 391 2238">
     <span class='ocr_line' id='line_1_36' title="bbox 219 2212 391 2238; baseline -0.012 0"><span class='ocrx_word' id='word_1_316' title='bbox 219 2212 329 2238; x_wconf 84' lang='lat' dir='ltr'><strong>emce</strong></span> <span class='ocrx_word' id='word_1_317' title='bbox 358 2213 391 2237; x_wconf 89' lang='grc'><strong>5.</strong></span> 
     </span>
    </p>

    <p class='ocr_par' dir='ltr' id='par_1_9' title="bbox 192 2212 1785 2688">
     <span class='ocr_line' id='line_1_37' title="bbox 302 2212 1785 2307; baseline -0.005 -14"><span class='ocrx_word' id='word_1_318' title='bbox 302 2212 764 2307; x_wconf 62' lang='grc' dir='ltr'><strong>ΡΙΞις.125.Α.[529,5.]</strong></span> <span class='ocrx_word' id='word_1_319' title='bbox 791 2245 857 2292; x_wconf 75' lang='grc' dir='ltr'><strong>ὅτι</strong></span> <span class='ocrx_word' id='word_1_320' title='bbox 878 2250 1133 2304; x_wconf 79' lang='grc' dir='ltr'><strong>τὰΧοσδρῶ.</strong></span> <span class='ocrx_word' id='word_1_321' title='bbox 1163 2252 1268 2307; x_wconf 88' lang='lat' dir='ltr'><strong>Lege</strong></span> <span class='ocrx_word' id='word_1_322' title='bbox 1285 2245 1351 2291; x_wconf 78' lang='grc' dir='ltr'><strong>ὅτι</strong></span> <span class='ocrx_word' id='word_1_323' title='bbox 1366 2250 1641 2305; x_wconf 75' lang='grc' dir='ltr'>Τανχοσδραῖ,</span> <span class='ocrx_word' id='word_1_324' title='bbox 1654 2252 1691 2288; x_wconf 84' lang='grc' dir='ltr'><strong>Ρ.</strong></span> <span class='ocrx_word' id='word_1_325' title='bbox 1716 2263 1785 2298; x_wconf 80' lang='grc'><strong>219</strong></span> 
     </span>
     <span class='ocr_line' id='line_1_38' title="bbox 192 2305 1635 2360; baseline -0.001 -14"><span class='ocrx_word' id='word_1_326' title='bbox 192 2307 259 2346; x_wconf 80' lang='lat' dir='ltr'><strong>Sic</strong></span> <span class='ocrx_word' id='word_1_327' title='bbox 295 2310 401 2347; x_wconf 89' lang='lat' dir='ltr'><strong>enim</strong></span> <span class='ocrx_word' id='word_1_328' title='bbox 440 2315 559 2347; x_wconf 88' lang='lat' dir='ltr'><strong>vocat</strong></span> <span class='ocrx_word' id='word_1_329' title='bbox 598 2308 741 2347; x_wconf 87' lang='lat' dir='ltr'><strong>Suidas</strong></span> <span class='ocrx_word' id='word_1_330' title='bbox 777 2310 820 2347; x_wconf 92' lang='lat' dir='ltr'><strong>in</strong></span> <span class='ocrx_word' id='word_1_331' title='bbox 847 2321 886 2349; x_wconf 88' lang='lat' dir='ltr'><strong>v.</strong></span> <span class='ocrx_word' id='word_1_332' title='bbox 920 2306 1192 2359; x_wconf 75' lang='grc' dir='ltr'>Τανχοσδρῶ.</span> <span class='ocrx_word' id='word_1_333' title='bbox 1250 2306 1360 2347; x_wconf 85' lang='lat' dir='ltr'><strong>Infra</strong></span> <span class='ocrx_word' id='word_1_334' title='bbox 1390 2321 1433 2360; x_wconf 92' lang='lat' dir='ltr'><strong>p.</strong></span> <span class='ocrx_word' id='word_1_335' title='bbox 1459 2305 1549 2345; x_wconf 79' lang='grc'><strong>165.</strong></span> <span class='ocrx_word' id='word_1_336' title='bbox 1578 2308 1635 2346; x_wconf 87' lang='lat' dir='ltr'><strong>D.</strong></span> 
     </span>
     <span class='ocr_line' id='line_1_39' title="bbox 197 2361 1642 2417; baseline -0.001 -16"><span class='ocrx_word' id='word_1_337' title='bbox 197 2361 427 2414; x_wconf 79' lang='grc' dir='ltr'>Ταγχοσρῶ</span> <span class='ocrx_word' id='word_1_338' title='bbox 455 2363 667 2411; x_wconf 82' lang='lat' dir='ltr'><strong>scribitur,</strong></span> <span class='ocrx_word' id='word_1_339' title='bbox 711 2364 821 2402; x_wconf 75' lang='lat' dir='ltr'><strong>at&#39;in</strong></span> <span class='ocrx_word' id='word_1_340' title='bbox 847 2378 891 2416; x_wconf 95' lang='lat' dir='ltr'><strong>p.</strong></span> <span class='ocrx_word' id='word_1_341' title='bbox 915 2363 1004 2417; x_wconf 80' lang='lat'><strong>173.</strong></span> <span class='ocrx_word' id='word_1_342' title='bbox 1029 2362 1074 2401; x_wconf 90' lang='lat' dir='ltr'><strong>C.</strong></span> <span class='ocrx_word' id='word_1_343' title='bbox 1112 2361 1346 2416; x_wconf 77' lang='grc' dir='ltr'>Ταχοσδράῖ</span> <span class='ocrx_word' id='word_1_344' title='bbox 1359 2376 1371 2415; x_wconf 89' lang='lat'>;</span> <span class='ocrx_word' id='word_1_345' title='bbox 1420 2361 1527 2415; x_wconf 85' lang='lat' dir='ltr'><strong>apud</strong></span> <span class='ocrx_word' id='word_1_346' title='bbox 1553 2362 1642 2400; x_wconf 92' lang='lat' dir='ltr'><strong>Eu-</strong></span> 
     </span>
     <span class='ocr_line' id='line_1_40' title="bbox 194 2414 1637 2470; baseline -0.001 -15"><span class='ocrx_word' id='word_1_347' title='bbox 194 2418 348 2470; x_wconf 83' lang='lat' dir='ltr'><strong>agrium</strong></span> <span class='ocrx_word' id='word_1_348' title='bbox 378 2417 419 2456; x_wconf 91' lang='lat' dir='ltr'><strong>in</strong></span> <span class='ocrx_word' id='word_1_349' title='bbox 447 2416 518 2456; x_wconf 92' lang='lat' dir='ltr'><strong>lib.</strong></span> <span class='ocrx_word' id='word_1_350' title='bbox 555 2417 594 2456; x_wconf 91' lang='lat'><strong>5.</strong></span> <span class='ocrx_word' id='word_1_351' title='bbox 629 2431 719 2470; x_wconf 89' lang='lat' dir='ltr'><strong>cap.</strong></span> <span class='ocrx_word' id='word_1_352' title='bbox 762 2431 826 2456; x_wconf 87' lang='lat'><strong>20.</strong></span> <span class='ocrx_word' id='word_1_353' title='bbox 863 2414 1140 2470; x_wconf 80' lang='grc' dir='ltr'>Ταμχοσρόης</span> <span class='ocrx_word' id='word_1_354' title='bbox 1165 2424 1346 2456; x_wconf 84' lang='lat' dir='ltr'><strong>vocatur.</strong></span> <span class='ocrx_word' id='word_1_355' title='bbox 1406 2415 1637 2470; x_wconf 84' lang='lat' dir='ltr'><strong>Theophyl.</strong></span> 
     </span>
     <span class='ocr_line' id='line_1_41' title="bbox 194 2470 1642 2524; baseline -0.001 -14"><span class='ocrx_word' id='word_1_356' title='bbox 194 2471 238 2510; x_wconf 92' lang='lat' dir='ltr'><strong>in</strong></span> <span class='ocrx_word' id='word_1_357' title='bbox 266 2470 335 2510; x_wconf 90' lang='lat' dir='ltr'><strong>lib.</strong></span> <span class='ocrx_word' id='word_1_358' title='bbox 350 2472 390 2510; x_wconf 82' lang='lat'><strong>3.</strong></span> <span class='ocrx_word' id='word_1_359' title='bbox 409 2486 497 2524; x_wconf 89' lang='lat' dir='ltr'><strong>cap.</strong></span> <span class='ocrx_word' id='word_1_360' title='bbox 526 2471 586 2510; x_wconf 88' lang='grc'><strong>15.</strong></span> <span class='ocrx_word' id='word_1_361' title='bbox 626 2472 862 2523; x_wconf 73' lang='grc' dir='ltr'>Ταμχοσραῖ</span> <span class='ocrx_word' id='word_1_362' title='bbox 879 2478 1011 2511; x_wconf 84' lang='lat' dir='ltr'><strong>vocat.</strong></span> <span class='ocrx_word' id='word_1_363' title='bbox 1070 2470 1149 2510; x_wconf 90' lang='lat' dir='ltr'><strong>Sed</strong></span> <span class='ocrx_word' id='word_1_364' title='bbox 1168 2471 1427 2511; x_wconf 86' lang='lat' dir='ltr'><strong>Tanchosdro</strong></span> <span class='ocrx_word' id='word_1_365' title='bbox 1442 2471 1508 2509; x_wconf 91' lang='lat' dir='ltr'><strong>vel</strong></span> <span class='ocrx_word' id='word_1_366' title='bbox 1529 2472 1642 2509; x_wconf 76' lang='lat' dir='ltr'><strong>Tan-</strong></span> 
     </span>
     <span class='ocr_line' id='line_1_42' title="bbox 195 2525 1640 2579; baseline 0 -15"><span class='ocrx_word' id='word_1_367' title='bbox 195 2525 340 2565; x_wconf 85' lang='lat' dir='ltr'><strong>chosro</strong></span> <span class='ocrx_word' id='word_1_368' title='bbox 377 2527 497 2565; x_wconf 87' lang='lat' dir='ltr'><strong>scribi</strong></span> <span class='ocrx_word' id='word_1_369' title='bbox 533 2526 672 2565; x_wconf 86' lang='lat' dir='ltr'><strong>malim</strong></span> <span class='ocrx_word' id='word_1_370' title='bbox 693 2556 702 2572; x_wconf 85' lang='lat'>‚</span> <span class='ocrx_word' id='word_1_371' title='bbox 744 2526 1081 2579; x_wconf 89' lang='lat' dir='ltr'><strong>quemadmodum</strong></span> <span class='ocrx_word' id='word_1_372' title='bbox 1122 2527 1230 2579; x_wconf 88' lang='lat' dir='ltr'><strong>apud</strong></span> <span class='ocrx_word' id='word_1_373' title='bbox 1267 2527 1405 2565; x_wconf 89' lang='lat' dir='ltr'><strong>Amm.</strong></span> <span class='ocrx_word' id='word_1_374' title='bbox 1438 2525 1640 2564; x_wconf 88' lang='lat' dir='ltr'><strong>Marcelli-</strong></span> 
     </span>
     <span class='ocr_line' id='line_1_43' title="bbox 197 2581 1642 2635; baseline -0.001 -16"><span class='ocrx_word' id='word_1_375' title='bbox 197 2593 296 2619; x_wconf 90' lang='lat' dir='ltr'><strong>num</strong></span> <span class='ocrx_word' id='word_1_376' title='bbox 350 2581 557 2634; x_wconf 86' lang='lat' dir='ltr'><strong>Tansapor</strong></span> <span class='ocrx_word' id='word_1_377' title='bbox 593 2581 758 2635; x_wconf 88' lang='lat' dir='ltr'><strong>quidam</strong></span> <span class='ocrx_word' id='word_1_378' title='bbox 802 2582 948 2620; x_wconf 85' lang='lat' dir='ltr'><strong>dicitur</strong></span> <span class='ocrx_word' id='word_1_379' title='bbox 997 2582 1187 2634; x_wconf 86' lang='lat' dir='ltr'><strong>Magister</strong></span> <span class='ocrx_word' id='word_1_380' title='bbox 1221 2582 1394 2621; x_wconf 88' lang='lat' dir='ltr'><strong>militum</strong></span> <span class='ocrx_word' id='word_1_381' title='bbox 1442 2581 1604 2633; x_wconf 88' lang='lat' dir='ltr'><strong>Saporis</strong></span> <span class='ocrx_word' id='word_1_382' title='bbox 1627 2608 1642 2633; x_wconf 80' lang='lat'><strong>,</strong></span> 
     </span>
     <span class='ocr_line' id='line_1_44' title="bbox 198 2634 559 2688; baseline 0 -14"><span class='ocrx_word' id='word_1_383' title='bbox 198 2636 302 2688; x_wconf 86' lang='lat' dir='ltr'><strong>regis</strong></span> <span class='ocrx_word' id='word_1_384' title='bbox 330 2634 559 2675; x_wconf 86' lang='lat' dir='ltr'><strong>Persarum.</strong></span> 
     </span>
    </p>

    <p class='ocr_par' dir='ltr' id='par_1_10' title="bbox 202 2686 1642 2857">
     <span class='ocr_line' id='line_1_45' title="bbox 307 2686 1641 2784; baseline 0.001 -56"><span class='ocrx_word' id='word_1_385' title='bbox 307 2689 408 2743; x_wconf 83' lang='lat' dir='ltr'><strong>Pag.</strong></span> <span class='ocrx_word' id='word_1_386' title='bbox 436 2690 522 2730; x_wconf 86' lang='grc'><strong>125.</strong></span> <span class='ocrx_word' id='word_1_387' title='bbox 550 2692 593 2732; x_wconf 86' lang='grc' dir='ltr'><strong>Β.</strong></span> <span class='ocrx_word' id='word_1_388' title='bbox 621 2691 733 2784; x_wconf 45' lang='lat'>{3²9⁵</span> <span class='ocrx_word' id='word_1_389' title='bbox 762 2690 847 2744; x_wconf 89' lang='grc'><strong>11.]</strong></span> <span class='ocrx_word' id='word_1_390' title='bbox 880 2687 1095 2739; x_wconf 76' lang='grc' dir='ltr'><strong><em>ἐκτραπείς</em></strong></span> <span class='ocrx_word' id='word_1_391' title='bbox 1134 2686 1216 2729; x_wconf 73' lang='grc' dir='ltr'><strong>ἀπὸ</strong></span> <span class='ocrx_word' id='word_1_392' title='bbox 1263 2691 1339 2730; x_wconf 79' lang='grc' dir='ltr'><strong>τοῦ</strong></span> <span class='ocrx_word' id='word_1_393' title='bbox 1379 2688 1641 2741; x_wconf 76' lang='grc' dir='ltr'><strong>καθαρίζειν.</strong></span> 
     </span>
     <span class='ocr_line' id='line_1_46' title="bbox 202 2741 1640 2798; baseline 0.001 -17"><span class='ocrx_word' id='word_1_394' title='bbox 202 2743 340 2783; x_wconf 87' lang='lat' dir='ltr'><strong>Scribe</strong></span> <span class='ocrx_word' id='word_1_395' title='bbox 366 2759 456 2783; x_wconf 90' lang='lat' dir='ltr'><strong>meo</strong></span> <span class='ocrx_word' id='word_1_396' title='bbox 478 2746 615 2798; x_wconf 86' lang='lat' dir='ltr'><strong>pericu</strong></span> <span class='ocrx_word' id='word_1_397' title='bbox 635 2760 659 2784; x_wconf 96' lang='lat' dir='ltr'><strong>o</strong></span> <span class='ocrx_word' id='word_1_398' title='bbox 681 2746 759 2784; x_wconf 82' lang='grc' dir='ltr'><strong>τοῦ</strong></span> <span class='ocrx_word' id='word_1_399' title='bbox 786 2741 1051 2797; x_wconf 74' lang='grc' dir='ltr'>Κιθαρίζων,</span> <span class='ocrx_word' id='word_1_400' title='bbox 1075 2745 1181 2798; x_wconf 85' lang='lat' dir='ltr'><strong>quod</strong></span> <span class='ocrx_word' id='word_1_401' title='bbox 1211 2760 1357 2784; x_wconf 89' lang='lat' dir='ltr'><strong>nomen</strong></span> <span class='ocrx_word' id='word_1_402' title='bbox 1387 2752 1445 2784; x_wconf 90' lang='lat' dir='ltr'><strong>est</strong></span> <span class='ocrx_word' id='word_1_403' title='bbox 1473 2743 1640 2791; x_wconf 88' lang='lat' dir='ltr'><strong>castelli,</strong></span> 
     </span>
     <span class='ocr_line' id='line_1_47' title="bbox 203 2799 1642 2857; baseline 0.003 -20"><span class='ocrx_word' id='word_1_404' title='bbox 203 2805 301 2838; x_wconf 81' lang='lat' dir='ltr'><strong>teste</strong></span> <span class='ocrx_word' id='word_1_405' title='bbox 340 2799 643 2857; x_wconf 82' lang='lat' dir='ltr'><strong>Theophylacto</strong></span> <span class='ocrx_word' id='word_1_406' title='bbox 676 2801 718 2840; x_wconf 91' lang='lat' dir='ltr'><strong>in</strong></span> <span class='ocrx_word' id='word_1_407' title='bbox 747 2800 816 2840; x_wconf 87' lang='lat' dir='ltr'><strong>lib.</strong></span> <span class='ocrx_word' id='word_1_408' title='bbox 850 2801 890 2841; x_wconf 81' lang='lat'><strong>5.</strong></span> <span class='ocrx_word' id='word_1_409' title='bbox 927 2813 1017 2854; x_wconf 86' lang='lat' dir='ltr'><strong>cap.</strong></span> <span class='ocrx_word' id='word_1_410' title='bbox 1056 2799 1118 2840; x_wconf 84' lang='lat'><strong>15.</strong></span> <span class='ocrx_word' id='word_1_411' title='bbox 1138 2830 1150 2852; x_wconf 88' lang='lat'>‚</span> <span class='ocrx_word' id='word_1_412' title='bbox 1191 2801 1260 2840; x_wconf 91' lang='lat' dir='ltr'><strong>ubi</strong></span> <span class='ocrx_word' id='word_1_413' title='bbox 1290 2800 1477 2849; x_wconf 83' lang='lat' dir='ltr'><strong>eandem,</strong></span> <span class='ocrx_word' id='word_1_414' title='bbox 1519 2809 1642 2853; x_wconf 75' lang='lat' dir='ltr'><strong>quam</strong></span> 
     </span>
    </p>
   </div>
  </div>
 </body>
</html>
