1924 3164
299 182 409 255 296
874 196 1145 240 EXCERPTA

120 312 159 346 A.
173 311 210 350 C.
227 303 426 350 568ταξαν
452 304 535 349 τοῖς
563 299 743 354 Μήδοις.
797 297 870 339 καί
896 295 970 340 οὖν
995 301 1187 341 πείθεται
1215 297 1238 339 ὅ
1267 297 1547 352 Διζάβουλος,
1576 295 1734 354 οἷφίησί

176 358 336 412 Ῑῐέἆϋτε
379 366 760 419 πρεσβευσομένους
794 365 1037 418 Σογδαΐτας.
1091 366 1294 419 ἐξηγεῖται
1331 365 1377 405 δὲ
1411 365 1482 418 τῆς
1508 362 1730 419 πρεσβείας

124 404 509 482 Ιιιδῄω[ΙΖῑἸανιοίχμ
529 463 532 466 .
552 425 799 483 ἀφικόμενοι
828 428 879 483 δὴ
910 425 983 471 οὖν
1010 428 1126 485 παρὰ
1154 430 1329 483 βασιλέα
1355 430 1539 485 Περσῶν
1564 429 1728 471 ἐδέοντο

300 497 377 549 τῆς
402 494 580 547 μετάξης
614 494 712 549 πέρι
731 527 745 547 ,
786 491 897 544 ὅπως
926 490 1029 537 ἄνευ
1054 493 1166 543 τινὸς
1188 492 1381 550 κωλύμης
1409 495 1553 543 αὐτοῖς
1581 493 1730 550 προέλ-

300 563 374 602 θοι
400 561 462 601 ἐπ’
493 555 600 615 αὐτῇ
625 558 676 601 τὰ
706 562 783 614 τῆς
808 560 1022 615 ἐμπορίας.
1080 560 1103 602 ὅ
1133 561 1178 602 δὲ
1206 562 1390 616 Περσῶν
1413 557 1612 613 βασιλεύς
1641 555 1756 615 <off-5

301 625 444 677 δαμῶς
470 622 549 679 γὰρ
581 624 693 682 αὐτῷ
721 620 871 680 ἤρεσκε
897 624 949 667 τοὶ
979 624 1140 678 τοιάδε,
1169 625 1225 676 ὥς
1252 621 1302 667 ἂν
1327 623 1385 680 μὴ
1416 625 1581 666 ἐνθένδε
1609 619 1733 665 ἄδεια

299 687 435 731 ἔσοιτο
468 687 664 746 Τούρκοις
689 697 774 739 τοῖς
796 692 978 747 Περσῶν
1007 689 1247 746 ἐμβατεύειν
1267 690 1412 747 ὁρίοις)
1439 689 1661 743 ἀνεβάλετο
1689 689 1734 737 ἐς

296 752 345 795 τὸ
376 749 540 810 αὔριον.
594 757 668 797 καί
692 758 770 809 μὲν
796 752 873 798 οὖν
897 753 1026 806 αὖθις
1053 754 1235 814 α’ναβολῇ
1263 759 1416 812 ἐχρῆτο
1445 755 1570 797 πάλιν
1596 751 1735 810 ἑτέρᾳ.

299 818 358 868 ὥς
395 820 442 861 δὲ
479 814 625 863 ἄλλοτε
666 817 802 871 ἄλλως
840 820 887 863 τὸ
917 822 1055 877 παρὸν
1084 821 1335 877 ἀπεκρούετο
1344 855 1357 874 ,
1386 824 1468 864 τῶν
1495 819 1734 875 Σογδαϊτῶν

181 890 293 935 P.107
304 884 634 941 ἐκλιπαρούντων
661 902 707 928 τε
734 891 808 929 καί
833 889 1102 942 ἐγκειμένων,
1130 886 1219 929 τότε
1241 884 1434 942 Χοσρόης
1460 882 1786 940 ἐκκλησιάσαςιο

298 945 566 1004 ἅνελογίζετο.
622 953 697 993 καί
722 948 797 995 οὖν
829 953 850 996 ὃ
878 950 1133 1009 Κάτουλφος
1160 953 1310 1001 ἐκεῖνος
1338 950 1361 993 ὅ
1384 947 1660 1007 Ἐφθαλίτης,
1687 946 1734 997 ὃς

300 1012 373 1055 διοὶ
403 1014 479 1070 τήν
506 1016 552 1057 ἐκ
578 1018 654 1058 τοῦ
681 1020 770 1069 κατ’
798 1016 928 1060 αὐτὸν
962 1019 1166 1071 βασιλέως
1181 1018 1461 1073 γεγενημένην
1492 1016 1637 1069 βιαίαν
1664 1014 1736 1068 μί-

301 1081 365 1130 ξιν
389 1082 440 1136 τῇ
468 1083 635 1134 γυναικὶ
661 1077 879 1137 προῦδωκε
905 1080 952 1123 τὸ
983 1080 1199 1137 ὁμόφυλον
1229 1086 1314 1130 τοῖς
1353 1078 1574 1135 Τούρκοις,
1614 1075 1737 1128 οὗτος

299 1146 400 1198 γοῦν
417 1145 697 1200 (μετανάστης
723 1145 802 1202 γὰρ
831 1147 876 1188 ἐν
903 1149 962 1203 τῷ
988 1143 1142 1198 μεταξύ
1173 1143 1349 1200 ἐγεγόνει
1379 1147 1458 1187 τοῦ
1482 1143 1636 1200 χρόνου
1665 1147 1740 1186 καί

301 1208 494 1263 ἐμήδιζεν
534 1205 632 1266 ἤδη)
671 1210 879 1266 παρῄνεσε
919 1214 1090 1265 βασιλεῖ’
1122 1212 1205 1253 τῶν
1231 1212 1416 1266 Περσῶν
1451 1208 1527 1265 τήν
1554 1209 1788 1263 μέταξανιό

303 1271 498 1327 οὖδαμῶς
515 1271 886 1330 ἀποπέμψασθαι,
932 1273 1040 1318 ἀλλὰ
1078 1275 1159 1332 γὰρ
1191 1278 1264 1319 καί
1289 1274 1541 1330 ω’νήσασθαι
1579 1277 1652 1317 καί
1685 1273 1737 1318 τὰ

301 1338 409 1394 ὑπὲρ
438 1339 565 1394 αὐτῆς
590 1341 668 1393 μὲν
697 1343 957 1384 καταθέσθαι
985 1340 1224 1397 τιμήματα,
1270 1342 1495 1394 θεωμένων
1524 1342 1571 1384 δὲ
1600 1341 1741 1383 αὐτῶν

302 1405 385 1445 τῶν
424 1404 638 1460 πρέσβεων
679 1405 836 1461 ταύτην
874 1406 1081 1463 ἀφανίσαι
1108 1407 1236 1462 πυρὶ,
1276 1404 1334 1456 ὥς
1370 1402 1423 1449 ἂν
1449 1404 1554 1462 μήτε
1583 1406 1741 1448 ἀδικεῖν

271 1466 427 1524 Βδόξῃ,
453 1467 559 1523 μήτε
585 1468 669 1525 μην
695 1471 924 1525 βούλεσθαι
949 1474 1139 1527 χρῆσθαι
1168 1476 1218 1529 τῇ
1256 1474 1302 1515 ἐκ
1339 1471 1534 1527 Τούρκων
1571 1471 1740 1528 μετάξῃ.

305 1535 379 1575 καί
404 1533 430 1588 ἦ
457 1537 534 1587 μὲν
560 1535 718 1588 μέταξα
745 1537 1014 1593 ἐπυρπολήθη
1032 1554 1043 1566 ·
1090 1537 1214 1580 αὐτοὶ
1248 1539 1295 1580 δὲ
1322 1539 1365 1586 ἐς
1391 1536 1443 1579 τὰ
1471 1532 1794 1593 πάτριαῆθηαο

310 1598 602 1655 ἀνεχώρησαν,
631 1604 688 1658 τῷ
713 1605 961 1659 γεγενημένῳ
990 1599 1138 1657 ἥκιστα
1164 1605 1396 1658 χαίροντες.
1436 1600 1578 1657 ἐπειδή
1607 1604 1653 1644 δὲ
1681 1605 1740 1660 τῷ

311 1663 559 1723 Λιζαβούλῳ
586 1663 638 1709 τὰ
666 1667 978 1724 ξυγκυρήσαντα
1008 1666 1198 1724 ἔφρασαν
1215 1700 1228 1724 ,
1252 1667 1402 1711 αὐτίκα
1431 1664 1455 1709 ὅ
1481 1683 1526 1722 γε
1555 1667 1627 1710 καί
1650 1665 1742 1711 ἐτέ-

405 1776 436 1809 7.
464 1765 650 1811 Τούρκοις
671 1768 729 1808 Β.,
752 1767 901 1806 τούτοις
923 1770 1015 1815 vulg.
1109 1782 1142 1814 9.
1167 1768 1273 1814 ἀᾎλοι
1299 1778 1338 1802 τε
1361 1769 1453 1814 vulg.
1529 1779 1582 1803 ιο.
1609 1767 1740 1810 ἐκκλη-
1776 1770 1783 1781 “

403 1808 539 1849 σιάσας
564 1815 612 1854 B.,
640 1814 889 1855 ἐκκλησιάσαι
911 1818 1004 1861 vulg.
1082 1819 1130 1851 13.
1160 1816 1270 1853 οὑτος
1293 1817 1348 1857 H„
1374 1814 1495 1852 οὕτως
1518 1816 1611 1860 vulg.
1688 1826 1741 1860 17.

402 1856 528 1892 αὐτῶν
558 1859 623 1900 Ν.,
655 1859 777 1895 ἄλλων
812 1862 906 1907 vulg,
1003 1863 1054 1898 18.
1081 1861 1225 1898 ἀδικεῖν
1248 1864 1312 1905 Η.,
1336 1861 1448 1909 α’δικῇ
1471 1862 1513 1898 ἐν
1534 1863 1628 1906 vulg·

311 1946 407 1990 apud
430 1947 556 1982 Medos
582 1949 718 1983 liceret.
766 1951 962 1985 Disabulus
1000 1963 1123 1987 eorum
1144 1952 1311 2000 precibus
1337 1952 1587 1997 obtemperans
1609 1950 1744 1998 permi-

312 1993 361 2025 sit
384 1993 561 2036 Sogdaitis
585 1996 802 2039 legationem
827 1999 971 2032 mittere
987 2025 997 2041 ‚
1023 1999 1124 2032 cuius
1150 2001 1315 2045 princeps
1339 1999 1411 2032 fuit
1432 1997 1610 2032 Maniach.
1657 1998 1744 2030 Pro-

310 2038 402 2073 fecti
424 2041 535 2085 igitur
560 2040 606 2074 ad
629 2043 811 2076 Persarum
842 2055 960 2087 regem
995 2046 1131 2089 precati
1156 2051 1263 2086 sunt,
1295 2051 1337 2079 ut
1371 2045 1526 2079 liberum
1551 2044 1625 2078 illis
1649 2048 1744 2077 esset

312 2085 391 2119 sine
416 2087 491 2119 ullo
516 2087 774 2131 impedimento
800 2090 896 2134 apud
922 2091 1018 2136 ipsos
1050 2092 1155 2126 serici
1180 2092 1442 2126 commercium.
1488 2091 1535 2124 At
1558 2092 1743 2124 Persarum
1763 2131 1774 2141 ι

313 2142 398 2171 rex,
422 2134 480 2166 cui
513 2134 662 2167 minime
698 2133 768 2169 hoc
790 2142 927 2180 gratum
960 2143 1053 2179 erat,
1085 2149 1131 2172 ne
1165 2138 1312 2183 impune
1342 2138 1417 2171 illis
1443 2141 1536 2171 esset
1561 2138 1746 2170 Persarum

314 2177 404 2210 fines
437 2179 597 2222 ingredi,
630 2192 840 2225 responsum
878 2183 1022 2218 distulit
1056 2185 1096 2217 in
1126 2186 1342 2224 crastinum,
1376 2183 1507 2217 deinde
1537 2183 1610 2215 alia
1635 2189 1746 2228 atque

314 2222 388 2255 alia
412 2223 588 2259 dilatione
614 2227 745 2261 iterum
776 2240 859 2262 usus
896 2235 959 2262 est.
1009 2230 1098 2264 Cum
1124 2231 1219 2264 diem
1243 2242 1286 2264 ex
1315 2230 1374 2263 die
1398 2229 1588 2270 traxisset,
1615 2236 1651 2262 et
1675 2230 1745 2261 ob-

311 2269 397 2300 nixe
423 2271 612 2314 Sogda'i'tae
634 2278 801 2317 peterent
831 2281 867 2308 et
896 2282 1081 2319 urgerent,
1117 2277 1313 2317 Chosroes‚
1349 2276 1500 2309 consilio
1526 2281 1745 2317 convocato,

312 2313 536 2351 deliberavit.
586 2318 749 2354 Catulfus
775 2326 893 2354 autem
918 2322 981 2355 ille
1000 2323 1246 2368 Ephthalitesf,
1271 2322 1334 2368 qui
1352 2327 1498 2366 propter
1523 2326 1703 2366 stuprum,¹
1723 2333 1745 2356 a

311 2370 394 2405 rege
419 2365 520 2396 uxori
545 2375 630 2398 suae
655 2377 719 2409 per
745 2367 814 2399 vim
839 2368 1001 2409 illatum,
1026 2376 1167 2414 gentem
1192 2370 1318 2403 Turcis
1342 2369 1551 2412 prodiderat
1578 2373 1615 2401 et
1640 2369 1755 2402 dein--

311 2406 356 2439 de
371 2407 428 2459 ‘ad
451 2408 639 2444 Medorum
672 2418 790 2455 partes
827 2414 1039 2456 transierat,
1060 2416 1224 2455 hortatus
1249 2421 1304 2448 est
1328 2415 1510 2448 Persarum
1535 2425 1677 2459 regem,
1702 2419 1747 2448 ut

309 2462 462 2487 sericum
485 2456 634 2489 minime
659 2462 972 2502 praetermitteret,
997 2461 1060 2494 sed
1074 2467 1168 2496 emto
1194 2472 1259 2501 eo,
1283 2461 1438 2504 pretium
1462 2461 1641 2503 traderet3
1665 2466 1745 2494 tum

308 2504 431 2532 autem
456 2505 539 2532 ante
563 2503 686 2536 oculos
705 2505 902 2548 legatorum
930 2507 1022 2540 illud
1046 2507 1220 2552 inignem
1239 2508 1477 2548 iniiceret,ne
1502 2507 1637 2540 iniuste
1661 2517 1744 2552 age-

307 2554 371 2585 re,
393 2556 483 2579 neve
521 2547 719 2582 Turcorum
744 2552 857 2586 serico
885 2555 937 2586 uti
963 2554 1055 2587 velle
1088 2553 1281 2590 videretur.
1340 2553 1385 2586 Et
1419 2555 1570 2586 sericum
1595 2552 1742 2599 quidem

305 2589 381 2633 igni
405 2598 596 2626 crematum
624 2600 695 2635 est,
721 2597 828 2641 legati
861 2610 947 2632 vero
971 2599 1067 2633 haud
1092 2599 1176 2634 laeti
1212 2599 1256 2632 ad
1284 2600 1445 2643 proprias
1473 2599 1575 2633 sedes
1601 2610 1742 2634 remea-

306 2642 401 2670 runt.
447 2638 590 2672 Deinde
617 2652 727 2685 quum
759 2644 933 2678 Disabulo
949 2670 957 2684 ‚
985 2657 1077 2690 quae
1102 2646 1246 2679 decreta
1269 2645 1435 2685 ruerant,
1460 2645 1741 2686 renuntiassent,

304 2683 336 2715 is
360 2684 547 2717 confestim
573 2686 645 2719 alia
673 2687 852 2732 legatione
877 2691 921 2724 ad
948 2692 1067 2725 Persas
1089 2703 1172 2724 usus
1198 2696 1270 2731 est,
1295 2702 1367 2736 qua
1393 2693 1443 2724 rei
1460 2691 1628 2736 publicae
1653 2700 1739 2723 suae

304 2739 365 2764 008
390 2731 582 2768 conciliare
606 2733 782 2769 studebat·
832 2735 902 2770 Ubi
938 2749 1019 2774 vcro
1054 2739 1186 2772 iterum
1210 2737 1344 2783 legatio
1377 2748 1396 2770 a
1423 2738 1550 2773 Turcis
1574 2736 1733 2779 advenit,
