1924 3164
568 150 635 191 Ex
675 149 892 191 EUNAPn
926 145 1202 191 merom.
1537 130 1615 203 89

166 251 264 292 ἀλλ’
290 245 405 302 ὅμως
440 250 481 292 εἰ
527 253 602 293 καί
631 247 836 294 ἀπίθανόν
885 268 974 302 πως
1019 250 1194 308 εἴρηται,
1238 245 1371 292 πολλά
1403 264 1450 292 τε
1480 244 1616 292 miro&

157 314 511 373 -τερατώὸέστερα
545 319 621 359 καί
654 319 958 374 μυθωδέστερα
994 317 1260 374 προτέθειται
1274 348 1288 370 ,
1344 316 1418 358 καί
1446 311 1616 358 ἅπαντα

172 376 227 437 ἦν
258 384 332 437 τῆς
357 383 534 439 ἡλιακῆς
562 382 760 438 κινήσεως
791 381 1078 441 ἀληθέστερα·
1136 387 1351 439 μαρτυρεῖ
1391 383 1438 424 δὲ
1473 381 1617 430 αὐτοῖς

174 445 198 488 ὅ
228 445 345 504 ἥλιος
369 454 453 498 τοῖς
482 450 726 505 εἰρημένοις.
779 449 854 492 καί
882 449 1118 506 ῥηθήσεταί
1154 464 1202 504 γε
1227 447 1328 499 ἴσως
1355 449 1478 504 ἕτερα
1517 445 1615 489 τού-

145 512 258 556 ὅτων
306 516 671 572 πολυπλανέστερα
713 518 786 558 καί
827 514 1198 572 βαθυπλοκώτερα
1243 512 1345 570 πρὸς
1385 510 1612 556 ἀπιστίαν·

174 579 268 622 ἀλλ’
299 581 532 635 ἐξαγγέλλει
561 596 608 636 γε
640 577 750 623 αὖτὰ
779 582 807 638 ἦ
833 579 1058 638 συγγραφὴ
1087 578 1385 637 μετριώτερον·
1411 579 1486 621 καὶ
1507 579 1612 621 ταῦ-
1623 588 1738 626 R.285

171 662 226 688 τα
270 646 377 702 ὑπὲρ
411 648 495 688 τῶν
541 648 774 702 λεγομένων
821 647 895 689 καί
920 644 985 689 ὅτι
1013 663 1060 702 γε
1097 647 1220 704 φίλος
1257 644 1358 695 θεὸς
1397 645 1471 687 καὶ
1510 645 1613 701 φίλη
1732 653 1735 655 ’

171 710 365 766 ἀλήθεια.
421 708 510 753 ἀλλ’
555 713 631 754 οὐκ
669 709 763 755 οἶδα
787 709 903 762 ὅστις
928 713 1099 767 γίνομαι
1125 714 1263 754 ταῦτα
1291 710 1495 768 γράφων·
1533 724 1613 751 πο-

169 775 221 819 λὺ
253 775 334 833 γὰρ
372 775 418 820 τὸ
462 781 698 835 φροντίζειν
740 779 966 835 ἀληθείας·
1022 780 1109 821 ἀλλ’
1145 775 1213 833 ὅγε
1251 783 1340 827 τοῖς
1376 777 1614 833 γεγραμμέ-

103 855 258 892 -ιονοις
297 843 542 887 ἀκολουθῶν
579 843 654 888 καὶ
690 845 947 899 πειθόμενος
988 841 1208 902 ἆκρίβειάν
1245 859 1294 887 τε
1330 839 1613 900 προσκυνήσει

169 908 244 951 καὶ
269 908 495 964 α’λήθειαν.
1060 948 1064 951 ,

276 972 348 1024 νς’.
393 971 487 1019 “On
523 975 631 1019 κατὰ
671 978 772 1028 τούς
805 976 988 1034 χρόνους
1015 979 1256 1035 Εὔτροπίου
1297 978 1375 1020 τοῦ
1404 975 1609 1032 εὐνούχου

167 1040 252 1083 τῶν
279 1043 358 1095 μὲν
385 1043 484 1098 περὶ
510 1041 585 1098 τήν
611 1039 792 1100 ἑσπέραν
819 1045 944 1087 ου’δὲν
972 1043 1156 1101 ἀκριβῶς
1191 1044 1368 1100 γράφειν
1396 1043 1522 1100 [ἐξῆν]
1548 1043 1610 1091 εἷς

168 1104 388 1162 ἐξήγησιν.
427 1105 532 1160 τό,τε
568 1106 650 1164 γὰρ
692 1110 907 1166 διάστημα
934 1112 1010 1151 τοῦ
1035 1110 1144 1151 πλοῦ
1169 1107 1245 1150 καί
1280 1109 1412 1163 μῆκος
1444 1105 1610 1164 μακρὰς

118 1172 300 1214 ι5ἒποιέι
334 1172 410 1223 τοὶς
458 1170 651 1228 ἆγγελιάς
677 1175 751 1217 καί
790 1176 1107 1232 διεφθαρμένας
1132 1172 1216 1216 ὑπὸ
1244 1170 1430 1231 χρόνον)
1472 1173 1611 1215 καθά-

165 1254 244 1294 περ
278 1240 323 1288 ἐς
357 1236 528 1295 χρόνιον
577 1241 651 1282 καὶ
692 1240 984 1297 παρέλκουσάν
1006 1256 1100 1282 τινα
1136 1239 1261 1282 νόσον
1295 1239 1611 1293 μεταβεβλημέ-

165 1319 264 1352 νας·
321 1305 366 1347 οἵ
406 1319 452 1345 τε
491 1304 755 1359 πλανώμενοι
793 1304 869 1347 καί
922 1304 1251 1361 στρατευόμενοι
1283 1306 1325 1347 εἰ
1366 1305 1445 1358 μέν
1498 1318 1609 1354 τινες

98 1404 101 1407 .
164 1364 273 1424 ἦσαν
290 1371 386 1411 ’τῶν
413 1369 513 1426 περὶ
537 1369 587 1413 τὰ
614 1368 731 1413 κοινοὶ
761 1369 837 1413 καὶ
861 1371 1109 1424 δυναμένων
1137 1372 1319 1423 εἰδέναι,
1348 1368 1451 1426 πρὸς
1476 1366 1608 1425 χάριν

164 1433 239 1476 καί
277 1435 512 1490 ἀπέχθειαν
548 1437 621 1479 καὶ
654 1436 709 1480 τὰ
748 1440 842 1479 καθ’
871 1435 1028 1492 ἡδονήν
1069 1440 1242 1486 ἕκαστος
1270 1435 1378 1479 κατὰ
1406 1434 1608 1490 βούλησιν

105 1500 426 1544 αοᾶπέστειλεν.
480 1503 522 1544 εἶ
554 1505 656 1558 γοῦν
690 1520 753 1553 τις
781 1504 923 1546 αὐτῶν
959 1500 1169 1559 συνήγαγε
1205 1509 1319 1560 τρεῖς
1345 1497 1373 1558 ἢ
1399 1503 1608 1558 τέσσαρας

162 1563 365 1609 τάναντία
412 1569 605 1623 λέγοντας
641 1566 780 1627 ὥσπερ
828 1568 1076 1627 μάρτυρας,
1124 1568 1230 1612 πολύ
1272 1567 1318 1611 τὸ
1347 1566 1607 1625 παγκράτιον

161 1625 214 1687 ἦν
250 1634 335 1675 τῶν
361 1631 495 1689 λόγων
521 1636 594 1677 καί
629 1633 652 1677 ὅ
678 1635 858 1691 πόλεμος
897 1637 946 1678 ἐν
976 1637 1150 1693 χερσῖν,
1191 1634 1325 1692 ἀρχὰς
1350 1632 1492 1688 λαβών
1520 1631 1605 1675 ἀπὸ

162 1697 376 1755 ῥηματίων
395 1702 468 1743 καί
488 1704 871 1757 ”συγκεκαυμένων.
910 1704 1047 1745 ταῦτα
1069 1704 1117 1745 δὲ
1145 1697 1209 1759 ἦν·
1229 1700 1314 1756 „0¹²3
1343 1699 1473 1743 πόθεν
1497 1701 1604 1742 ταῦ-

201 1790 204 1792 -
253 1768 288 1802 3.
323 1766 365 1802 δὲ
401 1767 545 1816 αὐτοῖς]
581 1779 622 1803 τε
654 1763 769 1808 αὐτὸς
791 1771 830 1804 Β.
923 1770 958 1814 4.
990 1769 1049 1817 γε]
1063 1769 1137 1817 μὲν
1159 1772 1198 1804 Β.
1276 1772 1328 1806 13.
1347 1769 1436 1813 ἐξῆν
1458 1768 1525 1802 ins.
1556 1768 1601 1803 Ν.

255 1814 655 1896 ᾎΞέῗὲἕννιὲίὲιξῖοὲοᾶ,
682 1816 862 1863 πλαττόμ.
883 1815 939 1849 ed.
1014 1829 1064 1862 ¹9-
1089 1815 1200 1865 κατὰ]
1227 1819 1292 1851 καὶ
1315 1818 1352 1851 Β.
1429 1827 1485 1851 ao.
1513 1815 1602 1849 ἐπέ-

162 1917 387 1964 pertrahunt.
435 1919 510 1963 Age
530 1929 616 1954 vero
642 1919 785 1952 etiamsi
808 1919 1044 1955 incredibilia
1067 1922 1162 1955 forte
1180 1923 1384 1962 narrentur,
1407 1918 1602 1953 nihilomi-

162 1975 231 1998 nus
261 1965 333 1998 alia
356 1971 500 2010 praesto
531 1970 618 1999 sunt
643 1967 911 2011 portentosiora
947 1966 1067 2000 adhuc
1090 1972 1128 2001 et
1150 1967 1392 2007 fabulosiom,
1423 1977 1519 2012 quae
1541 1971 1602 2000 ta-

161 2022 247 2045 men
271 2012 381 2045 solari
404 2017 505 2046 motu
534 2013 675 2046 veriora
700 2011 879 2046 dicuntur.
934 2013 1057 2046 Testis
1082 2018 1204 2047 autem
1228 2013 1408 2047 dictorum
1441 2013 1507 2046 sol.
1554 2012 1602 2047 Et

189 2059 311 2092 uidem
335 2058 408 2091 alia
431 2059 582 2093 fortasse
618 2058 784 2092 dicentur
815 2059 872 2091 his
907 2059 1026 2093 adhuc
1046 2059 1195 2093 salsiora
1218 2065 1255 2093 at
1283 2070 1329 2093 ue
1351 2059 1398 2093 ab
1423 2059 1602 2093 obtinen-

188 2116 209 2138 a
233 2104 305 2139 fide
330 2107 545 2147 remotiora,
567 2112 816 2141 verumtamen
840 2112 962 2139 nostra
985 2106 1140 2140 historia
1155 2131 1166 2148 ,
1190 2111 1231 2139 ut
1282 2111 1381 2147 ecet,
1416 2116 1458 2139 ea
1486 2116 1601 2151 expo-

160 2156 247 2194 net,
267 2151 380 2197 idque
411 2158 560 2198 propter
591 2152 687 2185 illud
724 2154 887 2186 effatum:
911 2153 1056 2186 Amicus
1084 2154 1204 2198 Deus?
1239 2158 1276 2186 et
1308 2152 1422 2186 amica
1453 2153 1600 2192 verita&

159 2197 294 2232 Verum
318 2199 458 2243 ignoro,
487 2199 663 2246 quidnam
694 2198 786 2231 mihi
820 2199 909 2231 talia
934 2205 1146 2233 eventurum
1177 2200 1226 2234 sit
1248 2198 1432 2233 scribenti.
1479 2199 1597 2234 Grave

160 2246 258 2278 enim
282 2246 468 2290 negotium
493 2251 548 2280 est
572 2257 657 2279 cura
679 2246 854 2280 veritatis.
885 2245 957 2279 Sed
979 2253 1101 2280 tamen
1123 2247 1189 2292 qui
1211 2246 1354 2291 scriptis
1378 2246 1468 2280 meis
1492 2257 1598 2281 men-

161 2295 237 2324 tem
260 2291 442 2337 fidemque
465 2292 692 2333 adhibuerit,
714 2292 745 2325 is
771 2292 999 2337 diligentiam
1021 2294 1283 2339 veritatemque
1307 2292 1518 2328 sectabitur.

202 2364 206 2367 >
255 2339 312 2373 56.
360 2339 527 2385 Eutropii
550 2340 722 2386 spadonis
739 2339 971 2384 rtemporibus
1002 2351 1120 2374 rerum
1142 2345 1239 2373 certe
1270 2339 1469 2374 occidentis
1497 2338 1596 2373 nihil

162 2385 204 2417 in
226 2383 416 2419 historiam
439 2383 567 2420 referri
589 2391 743 2432 poterat.
790 2385 883 2419 Nam
908 2392 945 2421 et
966 2387 1140 2420 maritimi
1173 2397 1296 2421 cursus
1327 2387 1484 2432 spatiosa
1508 2386 1596 2419 lon·
1643 2409 1648 2413 -

162 2430 345 2476 ginquitas
379 2443 477 2467 seros
506 2435 654 2467 nuntios
688 2437 725 2466 et
746 2443 847 2466 mora
873 2438 1059 2479 corruptos
1078 2433 1280 2476 efficiebat,
1303 2444 1369 2467 ceu
1391 2434 1423 2466 si
1446 2434 1485 2466 in
1511 2432 1596 2467 diu-

159 2481 308 2510 turnum
327 2479 507 2524 quendam
533 2484 828 2525 protractumque
860 2480 1026 2514 morbum
1048 2480 1280 2515 incidissent:
1321 2485 1359 2513 et
1389 2480 1454 2526 qui
1485 2489 1596 2524 pere-

161 2523 396 2568 grinabantur
418 2533 483 2561 aut
507 2538 587 2560 cum
610 2527 771 2560 exercitu
796 2527 1139 2572 proficiscebantur,
1171 2529 1203 2561 si
1234 2527 1329 2561 forte
1353 2527 1500 2572 negotia
1525 2538 1596 2571 pu·
1640 2566 1644 2570 ⁴

159 2569 258 2603 blica
280 2572 410 2605 rescire
433 2578 620 2618 poterant,
642 2585 708 2618 pro
740 2585 804 2607 sua
829 2574 941 2618 gratia
962 2575 1021 2609 vel
1044 2574 1129 2609 odio
1153 2581 1191 2609 et
1223 2586 1291 2620 pro
1322 2573 1431 2608 libito
1457 2584 1498 2606 ac
1527 2582 1597 2606 vo-

161 2616 304 2650 luntate
324 2617 364 2651 in
388 2620 461 2652 suis
487 2620 643 2667 quisque
667 2620 834 2665 epistolis
860 2621 1103 2655 renuntiabat.
1166 2620 1412 2667 Quamobrem
1447 2619 1478 2653 si
1501 2619 1596 2653 forte

159 2661 290 2696 horum
314 2669 387 2698 tres
416 2667 476 2699 vel
499 2673 654 2713 quatuor
676 2667 861 2708 ‚contraria
884 2667 1115 2703 adfirmantes
1139 2669 1287 2702 testium
1310 2667 1424 2701 instar
1447 2676 1596 2710 congre-

161 2711 336 2753 gaviam,
374 2712 555 2759 praeclara
593 2713 706 2749 fiebat
737 2724 944 2750 sermonum
983 2715 1102 2758 lucta,
1137 2715 1399 2761 conflictusque
1428 2712 1595 2760 protinus
