1924 3164
320 132 432 205 432
924 150 1204 194 ExcERP‘rA

431 254 509 313 κβ’.
550 253 641 299 Ὅτι
666 256 895 310 μεμίσηται
930 253 1146 312 τυραννὶς,
1183 256 1257 297 καί
1300 253 1523 308 οἰντίπαλος
1550 255 1615 314 εἴη
1643 255 1665 302 ὃ
1691 274 1767 302 τυ-

323 323 612 382 ραννούμενος.
940 364 944 367 ,
1730 339 1735 343 ’

436 389 510 445 κγ’.
556 385 644 430 Ὅτι
681 389 731 444 τῇ
773 387 998 446 κακηγορία
1039 386 1200 431 ἔνεστιν
1229 404 1286 437 ως
1312 386 1363 431 τὰ
1391 386 1522 431 πολλὰ
1553 391 1770 446 ἐπιχαιρε-

186 462 225 494 R.
252 461 321 507 359
333 456 445 514 κοξκῳ
470 449 588 511 ξουσῃ
627 451 785 502 οἷόκνως
826 459 1085 509 περινοστεῖν
1112 469 1158 495 τε
1195 457 1268 496 και
1314 451 1641 510 ὖπευρύιεσθαι.
1718 454 1766 498 τὸ

329 520 480 575 ἑαυτῆς
519 534 596 561 ουν
635 519 881 560 ἐπιτελοῦσα
925 516 1076 576 ἐφότου
1116 520 1407 596 ’ψίθυρίζουσα
1459 517 1565 562 κατὰ
1605 520 1768 564 τούτου.
1771 524 1796 565 5
1844 530 1853 536 ”

331 586 426 628 ἐπει
452 587 498 627 δὲ
527 582 761 641 ἐνεφώλευε
798 589 884 634 τοῖς
911 585 1015 639 ω’σι,
1060 582 1107 628 τὸ
1136 581 1404 641 οἷστάθμητόν
1429 602 1475 627 τε
1503 586 1576 628 καί
1601 586 1772 628 ἀλλόκο-

154 656 320 692 Cod.352
340 667 412 694 τον
438 649 587 694 τούτου
617 652 962 708 ἐκτραγῳδοῦσα,
1005 649 1044 693 οἱ
1081 682 1337 694 .......
1364 651 1544 707 ὑπήκοον
1573 646 1771 709 ἤχθοντο,

328 717 402 769 καί
431 720 680 774 περιέφερον
708 719 752 758 ἐν
781 714 959 770 στόματι
985 715 1059 759 τὸν
1088 716 1273 772 ἡγεμόνα
1302 714 1375 759 ἅτε
1405 717 1692 774 α’νοσιουργόν.
1748 763 1751 771 ,

437 781 516 826 κδ’.
561 781 654 825 Ὅτι
691 781 713 823 ὅ
742 779 951 838 ἱστορικός
979 799 1083 839 φησι
1125 786 1380 840 Μένανδρος
1416 785 1516 840 περὶ
1548 784 1774 841 Ἰσαοζίτου

330 851 407 893 τοῦ
433 850 479 892 ἐν
507 851 697 905 Περσίδι
737 851 1081 904 σταυρωθέντος,
1118 851 1354 908 τραγῳδίαν
1391 851 1568 904 θέμενος
1605 853 1677 893 καί
1702 850 1833 892 τὸνιο

330 911 467 973 ἄνδρα
507 914 619 957 ἐσότι
649 915 871 969 ἀγασθείς·
911 916 986 969 »ἐν
1025 921 1079 974 νῷ
1121 913 1348 972 ἐβαλόμην,
1390 915 1448 965 ὥς
1474 915 1547 958 καί
1573 911 1689 967 ἄξιον
1717 919 1775 975 τῷ

329 984 406 1025 τοῦ
439 984 544 1024 θεοῦ
580 982 823 1038 θεραπευτῇ
866 981 925 1039 τῷ
960 979 1164 1040 βαρβάρῳ
1208 979 1253 1024 ἐν
1293 979 1504 1041 ἑξαμέτρῳ
1532 980 1776 1040 ἐπίγραμμα

331 1050 462 1099 λέξαι.
516 1046 589 1089 καί
618 1044 667 1102 δὴ
698 1048 891 1089 λέλεκταί
909 1062 985 1100 μοι
1012 1048 1256 1104 ἐπίγραμμα
1285 1042 1381 1090 ὧδε·

435 1121 516 1168 Ἦν
543 1122 673 1179 πάρος
700 1125 745 1165 ἐν
772 1124 993 1182 Πέρσῃσιν
1020 1123 1101 1178 ἐγώ
1129 1120 1260 1179 μάγος
1282 1125 1511 1181 Ἰσαοζίτης

496 1192 558 1239 εἰς
584 1188 706 1244 ὀλοήν
733 1188 898 1245 α’πάτην
922 1190 1096 1240 ἐλπίδας
1121 1188 1407 1246 ἐκκρεμάσας.
1786 1180 1837 1227 ¹5

444 1251 543 1298 εὖτε
571 1256 618 1297 δὲ
645 1252 806 1311 πυρσὸς
834 1253 1011 1298 ἔδαπτεν
1040 1249 1146 1312 ἐμὴν
1165 1254 1302 1312 πόλιν,
1332 1252 1464 1314 ἦλθον
1491 1259 1671 1315 α’ρῆξαι,
1713 1311 1716 1313 Α

496 1317 604 1378 ἦλθε
634 1322 680 1362 δὲ
710 1322 784 1362 καί
802 1323 998 1378 Χριστοῦ
1024 1323 1279 1372 πανσθενέος
1298 1322 1519 1379 θεράπων.

393 1438 395 1441 ,
445 1389 563 1447 κείνῳ
595 1389 632 1428 ‹5‘
658 1389 840 1442 ἐσβέσθη
869 1387 1050 1440 δύναμις
1079 1386 1253 1444 φλογὸς,
1282 1388 1389 1431 α’λλοὶ
1418 1390 1492 1433 καί
1518 1390 1652 1448 ἒμπης

501 1452 686 1511 νικηθείς
710 1455 826 1510 νίκην
854 1448 990 1510 ἤνυσα
1019 1454 1239 1510 θειοτέρην
1255 1455 1290 1496 .”

668 1553 671 1557 ’
1827 1550 1842 1566 Ἴ

434 1590 464 1615 1.
489 1579 563 1624 εἴη]
604 1577 678 1611 αἰεὶ
702 1578 740 1611 Β.
843 1577 875 1612 3.
909 1575 1189 1623 ἑπιχαιρεκακῳ
1225 1576 1319 1625 οὔσῃ
1351 1578 1420 1620 Ν..
1463 1577 1528 1612 ἐπὶ
1568 1579 1782 1626 χαιρεκάκω

431 1626 526 1670 ὅσση
553 1625 608 1659 ed.
704 1626 735 1658 5.
766 1622 925 1670 ἓφότου]
952 1624 1088 1669 ἐφοίτα
1114 1626 1206 1658 coni.
1232 1626 1269 1657 B.
1376 1637 1406 1670 7.
1437 1625 1513 1658 οἱ.
1538 1650 1567 1658 ..
1595 1626 1782 1681 ὑτιιίκοον]

435 1673 476 1708 οἱ
500 1684 594 1707 κατα
633 1670 702 1714 τὴν
725 1672 891 1728 Περσῶν
915 1669 1117 1716 Ἀρμενίαν
1148 1674 1213 1705 καὶ
1234 1671 1393 1717 Ἰβηρίαν
1417 1671 1582 1714 ὑπήκοοι
1616 1674 1709 1707 coni.
1741 1674 1786 1707 N.

441 1733 494 1755 ιο.
508 1722 576 1753 τοῦ
601 1718 664 1759 N.,
691 1716 827 1751 τούτου
847 1716 902 1750 ed.
1002 1729 1052 1750 ιι.
1074 1717 1111 1754 ἐς
1139 1717 1179 1751 τό
1211 1730 1247 1751 τι
1271 1718 1329 1753 ed.
1391 1718 1575 1764 ἐβαλόμην
1600 1721 1656 1760 N„
1683 1721 1788 1764 ἐβου-

437 1766 559 1813 λόμην
582 1765 637 1799 ed.
744 1764 803 1842 14.
829 1764 907 1796 Hoc
931 1764 1150 1809 epigramma
1174 1765 1312 1798 editum
1339 1771 1394 1798 est
1418 1767 1456 1798 in
1477 1745 1701 1821 Α’ῃώοὶοὸἰα
1725 1768 1786 1802 Gr.

435 1814 480 1849 Τ.
504 1814 532 1848 1.
556 1823 591 1858 p.
622 1823 676 1857 27.
680 1836 691 1854 ,
717 1810 767 1844 ub
771 1811 784 1843 i
807 1809 967 1844 hominis
990 1821 1124 1844 nomen
1148 1810 1320 1846 scribitur
1340 1811 1558 1856 Ἰσβοζήτης.

437 1932 494 1955 22.
542 1919 750 1963 Tyrannis’
740 1918 856 1952 1nvisa
873 1922 939 1959 est,
962 1917 1106 1964 fitque'
1096 1919 1283 1974 mimicus,
1306 1920 1370 1965 qui
1387 1920 1616 1964 tyrannidem
1638 1922 1790 1975 patitur,

439 1969 495 2001 23.
543 1965 941 2018 Maledicent1a‚quae
967 1965 1120 1998 aliorum
1146 1966 1303 1999 miseriis
1337 1967 1492 2012 gaudere
1526 1968 1642 2008 solet,
1669 1969 1790 2013 impu-

346 2013 477 2049 denter
499 2018 695 2059 grassatur,
722 2018 832 2057 atque
856 2011 895 2044 in
921 2022 964 2044 eo
989 2023 1093 2045 suum
1117 2013 1279 2046 officium
1304 2015 1534 2059 exsequitur,
1572 2015 1670 2060 quod
1695 2015 1790 2048 alie-

346 2072 417 2095 nae
469 2059 584 2093 famae
628 2060 818 2094 obtrectat.
889 2058 1082 2104 Postquam
1138 2071 1220 2093 vero
1265 2070 1368 2093 aures
1409 2060 1598 2094 hominum
1633 2061 1789 2103 insedit,

347 2108 627 2141 inconstantiam
651 2112 688 2139 et
709 2106 943 2151 iniquitatem
960 2107 1038 2139 eius
1067 2116 1176 2150 supia
1201 2107 1348 2139 modum
1374 2108 1563 2149 incusan83
1588 2107 1672 2154 (qui
1698 2109 1789 2143 Per-

346 2155 572 2189 sar-menium
597 2162 633 2187 et
655 2153 813 2187 Iberiam
839 2152 1096 2198 incolebant‚)
1128 2163 1211 2186 eum
1243 2153 1417 2196 oderant,
1451 2165 1492 2188 ac
1518 2154 1632 2188 veluti
1673 2155 1790 2189 scele-

348 2206 445 2234 stum
473 2200 693 2233 differebant
720 2197 948 2232 sermonibus
975 2198 1114 2232 ducem.

443 2247 498 2291 24.
546 2246 608 2280 Ait
634 2245 827 2279 historicus
850 2245 1052 2278 Menander
1076 2246 1120 2278 de
1146 2247 1321 2286 Isaozita,
1361 2245 1426 2292 qui
1470 2244 1567 2291 apud
1598 2247 1719 2280 Persas
1751 2247 1792 2281 in

351 2304 493 2327 crucem
520 2299 620 2327 actus
646 2298 719 2334 est,
742 2297 937 2337 postquam
960 2293 1074 2324 multa
1100 2291 1144 2324 de
1170 2293 1272 2327 luctu
1299 2303 1364 2325 suo
1392 2297 1428 2325 et
1452 2291 1496 2326 de
1521 2291 1691 2326 laudibus
1720 2292 1791 2328 ho·

349 2340 458 2373 minis
480 2341 686 2384 praemisit:
711 2338 862 2380 „Eidem
891 2338 1153 2372 destinaveram
1179 2350 1242 2374 sex
1261 2339 1516 2373 versiculorum
1553 2339 1789 2384 epigramma,

349 2392 461 2431 prout
490 2386 625 2419 famulo
657 2386 748 2425 Dei,
787 2396 1005 2431 quamquam
1038 2384 1216 2428 barbaro,
1260 2386 1407 2431 dignum
1439 2390 1534 2427 erat,
1579 2387 1790 2422 inscribere.

352 2433 416 2467 Est
443 2438 566 2467 autem
595 2432 814 2477 epigramma
839 2431 928 2464 hoc:

548 2490 654 2525 Eram
678 2490 764 2522 olim
789 2490 884 2522 inter
906 2489 1028 2522 Persas
1051 2501 1172 2536 magus
1201 2501 1266 2535 ego
1292 2487 1464 2530 Isaozita,

598 2536 671 2581 Qui
695 2537 899 2581 perniciosa
927 2537 966 2569 in
982 2518 1130 2570 fraud?
1136 2547 1235 2581 spem
1261 2536 1530 2570 collocaveram.

551 2581 717 2634 Cumque
752 2582 877 2616 urbem
900 2593 1015 2616 meam
1041 2583 1133 2628 ignis
1160 2583 1351 2627 corripuit,
1378 2584 1462 2616 veni
1475 2583 1746 2633 auxiliaturu83

592 2627 777 2673 Venitque
805 2629 914 2662 simul
942 2608 1078 2663 Christi
1101 2629 1227 2663 invicti
1250 2629 1416 2662 famulus.

555 2674 622 2708 Ille
646 2684 731 2706 sane
759 2675 831 2707 vim
856 2676 998 2720 igneam
1026 2675 1222 2718 exstinxit3
1240 2674 1304 2708 sed
1327 2679 1449 2721 tamen
1474 2687 1539 2723 ego

600 2721 726 2755 Victus
749 2721 938 2755 victoriam
966 2722 1076 2757 retuli
1103 2721 1353 2759 diviniorem.''

351 2528 368 2538 κ
