1924 3164
607 216 642 256 E
676 213 881 258 MALGm
921 213 1192 259 ms'romA.
1531 190 1636 266 241

202 323 275 370 yet
287 347 300 368 ,
330 314 356 356 ὅ
380 318 524 369 μέντοι
557 318 759 373 Τριαρίου
787 318 841 360 τά
866 333 911 360 τε
938 318 1012 360 ἐπὶ
1035 320 1219 368 Λέοντος
1245 318 1494 361 συντεθέντα
1521 316 1642 373 ἤξιόῡ
1657 316 1829 399 Α·ᾱῦ·24ῦ9

205 381 323 438 αὐτῷ
349 380 514 431 πάντως
539 383 762 436 γενέσθαι,
799 385 876 425 καί
899 384 984 425 τῶν
1008 386 1224 441 προτέρων
1249 383 1416 440 χρόνων
1441 384 1518 433 τὰς
1544 400 1646 426 συν-
1673 376 1696 398 ¹¹

201 446 339 498 τάξεις
366 448 620 502 λαμβάνειν,
649 449 750 497 τούς
776 465 820 491 τε
847 448 1050 504 κηδεστάς
1082 450 1196 507 aaa?
1234 451 1390 501 ζῶντας
1428 451 1645 505 ‹inodo-9572·

203 527 295 554 ναι·
325 514 366 555 εἰ
392 515 438 555 δὲ
467 516 539 555 καί
565 507 649 570 ἄρα
677 512 928 568 τεθνήκασι,
957 512 1029 556 τὸν
1055 515 1212 557 Ἰλλοῦν
1239 518 1336 571 περὶ
1364 515 1520 557 τούτων
1546 512 1682 557 ἐπα-(3

178 576 337 632 ’ὀμόσαι
374 580 448 619 καί
488 574 663 631 ἄλλους,
695 573 756 628 οἷς
785 577 909 628 αὐτὸς
936 578 1008 620 ἐπὶ
1043 578 1202 622 τούτων
1228 582 1311 622 τῶν
1346 574 1552 636 Ἰσαύρων
1579 597 1650 622 rna

203 641 359 685 στεύει.
387 642 536 698 Ζήνων
563 645 610 685 δὲ
639 642 888 696 πυθόμενος,
917 635 1024 698 πρός
1048 646 1129 697 μὲν
1158 644 1231 687 τὸν
1257 645 1520 701 Βαλαμήρου
1549 645 1651 687 daea

202 710 385 764 κρίνα-το,
414 705 481 749 ὅτι
511 704 641 757 αὖτὸς
670 707 734 764 εἴη
763 707 970 764 προδότης
997 709 1071 750 καί
1096 703 1234 752 πάντα
1263 709 1430 752 ἐναντία
1459 700 1521 761 οἷς
1547 708 1652 753 ains-³

201 789 326 828 σχετο
365 771 550 828 δράσας,
605 770 718 822 ὅστις
752 775 1019 827 διαπολεμεῖν
1054 774 1342 828 ὑποσχόμενος
1382 774 1508 829 μόνος
1559 772 1652 818 εἶτα

200 840 276 880 καί
312 837 516 893 βοήθειαν
552 840 886 895 προσκαλέσηται
923 836 1077 895 ἄλλην,
1116 837 1244 882 πάλιν
1282 842 1329 882 δὲ
1365 839 1440 895 τὴν
1468 836 1651 893 δύναμιν

151 905 288 947 ιοτῶν
309 902 533 957 Ῥωμαίων
560 906 740 953 καλέσας
768 905 909 961 κρύφα
936 904 1043 962 πρὸς
1066 906 1325 961 Θευδέριχον
1352 903 1526 962 πράττει
1553 906 1654 962 περὶ

203 971 374 1026 φιλίας·
415 963 466 1010 οὗ
510 962 561 1025 δὴ
602 969 676 1011 καί
702 968 954 1022 αἰσθόμενον
991 969 1063 1012 τὸν
1104 969 1334 1027 στρατηγὸν
1370 973 1446 1026 τῆς
1483 968 1653 1027 Θρᾴκης

201 1034 274 1076 καὶ
298 1032 398 1084 τούς
426 1031 593 1088 ἄλλους,
622 1034 770 1077 ὁπόσοι
795 1034 847 1078 τοὶ
870 1035 1092 1089 Ῥωμαίων
1121 1039 1347 1092 φρονοῦσι,
1379 1035 1486 1091 μήτε
1518 1038 1652 1092 α’πην·ἐ

201 1102 383 1156 τηκέναι,
409 1099 515 1156 μήτε
542 1099 800 1155 συμβάλλειν
828 1102 944 1159 adn?
970 1100 1045 1151 τὰς
1073 1101 1271 1160 δυνάμεις
1297 1103 1538 1158 θαρσῆσαι,
1569 1118 1651 1159 (po-⁴

201 1169 432 1222 βουμένους
459 1168 644 1223 ἐνέδραν.
700 1162 776 1209 νῦν
813 1183 860 1208 τε
898 1169 937 1209 εἰ
962 1164 1144 1222 θελήσαι
1171 1165 1278 1223 πρὸς
1306 1166 1436 1210 αὐτὸν
1464 1171 1649 1224 πολεμῆ-

153 1236 300 1286 ῖ5σαι,
339 1233 669 1286 ἐπαγγέλλεσθαι
708 1232 825 1289 αὐτῷ
861 1233 997 1274 ταῦτα
1040 1232 1192 1274 δώσειν
1219 1235 1384 1275 νικῶντι
1402 1264 1415 1286 ,
1460 1236 1685 1288 χρυσίουι)

201 1300 347 1353 λίτρας
388 1298 531 1351 χιλίας
544 1330 557 1350 ,
599 1297 815 1353 μυριάδας
849 1294 886 1338 δ’
928 1297 1163 1352 ἀργυρίου,
1212 1293 1423 1352 πρόσοδόν
1461 1310 1506 1340 τε
1542 1296 1650 1353 πρὸς

200 1363 364 1412 τούτοις
407 1362 679 1415 νομισμάτων
721 1362 910 1417 μυρίων·
946 1364 1022 1404 καί
1064 1362 1196 1415 γάμον
1234 1361 1351 1419 αὐτῷ
1389 1363 1541 1405 δώσειν
1576 1365 1652 1418 τῆς

194 1429 419 1483 Ὀλυβρίου
444 1427 596 1478 παιδὸς
623 1423 652 1483 ἢ
673 1422 800 1482 ἄλλης
827 1430 910 1470 τῶν
929 1427 1107 1479 ἐνδόξων
1129 1428 1338 1482 γυναικῶν
1365 1430 1411 1471 ἐν
1438 1429 1491 1486 τῇ
1517 1427 1652 1472 πόλει.

200 1494 332 1537 ταῦτά
359 1510 404 1536 τε
434 1491 525 1547 ἅμα
553 1495 684 1548 λέγων
712 1494 795 1535 τῶν
831 1509 875 1535 τε
909 1492 1224 1535 ἀποσταλέντων
1246 1482 1362 1549 ’παρ’
1391 1493 1525 1535 αὐτοῦ
1551 1493 1652 1544 τούς·

145 1561 396 1608 ῄοπλείονας
423 1556 559 1610 ἆξιάις
587 1560 755 1614 ἐτιζιιησε
771 1559 886 1611 ,καί
910 1560 1106 1614 πρέσβεις
1135 1559 1350 1600 ἀπέστειλε
1379 1561 1543 1614 πρῶτον
1571 1561 1652 1613 μὲν

204 1626 453 1679 Φιλόξενον,
483 1622 574 1667 εἶτα
609 1620 854 1677 Ἰουλιανόν,
884 1623 928 1665 εἴ
944 1640 1032 1673 πως
1061 1619 1148 1679 ἄρα
1177 1623 1367 1666 δύναιντο
1394 1631 1651 1678 μεταπεῖσαι

200 1687 464 1749 ξυῤῥαγῆναι
491 1690 650 1750 ἐκείνῳ.
677 1690 735 1740 ὥς
764 1692 810 1734 δὲ
842 1690 966 1732 οὐδὲν
993 1688 1160 1744 ἔπειθε,
1187 1691 1361 1745 πέμψας
1387 1689 1490 1742 τούς
1517 1707 1650 1748 στραα

299 1817 353 1852 16.
374 1813 407 1848 δ’
426 1813 469 1848 Ν.
483 1841 499 1855 ,
518 1813 559 1849 δὲ
585 1813 681 1860 vulg.
782 1823 838 1848 no.
867 1810 991 1854 οἷξίαις
1013 1811 1165 1860 ἐτίμησε
1178 1812 1235 1856 N„
1259 1811 1366 1854 οἲξίας
1383 1812 1538 1860 ἠτίμησε
1553 1813 1652 1859 Vulga

203 1916 383 1958 stulabat,
415 1921 459 1949 ut
493 1914 615 1948 omnia
649 1912 721 1946 sibi
750 1923 771 1945 a
795 1911 920 1946 Leone
945 1913 1122 1958 promissa
1145 1916 1440 1958 praestat-entus,
1473 1917 1511 1946 et
1540 1919 1652 1957 prae-

202 1965 396 1998 teritorum
433 1972 611 1994 annorum
642 1957 827 2004 stipendia
860 1958 1121 2001 solverentur,
1143 1965 1180 1992 et
1212 1960 1331 1993 affines
1358 1960 1414 1992 sui
1437 1959 1651 2003 superstites

202 2010 276 2044 sibi
299 2010 557 2051 redderentur3
586 2006 631 2040 de
654 2005 713 2039 his
738 2010 880 2045 autem,
905 2005 970 2050 qui
987 2005 1123 2038 mortui
1142 2010 1282 2046 essent,
1307 2005 1416 2038 Illum
1436 2010 1474 2038 et
1495 2007 1652 2040 exlsau-

202 2059 252 2091 ris
280 2058 384 2097 alios,
411 2065 564 2101 quorum
590 2063 696 2086 curae
721 2057 759 2096 et
781 2050 966 2084 custodiae
991 2051 1174 2094 commissi
1198 2053 1362 2092 fuerant,
1387 2052 1507 2085 iurare
1531 2053 1650 2087 iussit.-

201 2104 300 2138 Haec
322 2103 389 2136 ubi
413 2104 506 2135 Zeno
526 2100 678 2140 audivit,
702 2097 958 2131 'rheudericho
981 2097 1157 2131 Valamiri
1182 2101 1393 2142 responsum
1417 2097 1541 2138 dedit,-
1566 2105 1652 2133 eum

203 2161 282 2184 esse
305 2149 552 2195 proditorem,
577 2147 642 2191 qui
668 2145 790 2178 omnia
816 2148 964 2184 contra,
991 2148 1100 2190 quam
1125 2145 1358 2188 promiserat,
1385 2143 1551 2187 fecisset3
1581 2146 1650 2190 qui

203 2208 285 2232 cum
309 2207 347 2230 se
375 2196 493 2228 solum
517 2194 657 2226 bellum
681 2197 865 2237 gesturum
889 2188 997 2223 fidem
1022 2189 1202 2231 dedisset,
1236 2190 1386 2224 aliunde
1413 2191 1550 2224 auxilia·
1575 2192 1650 2225 sibi

202 2243 429 2277 accersisset:
455 2246 492 2274 et
516 2251 599 2275 cum
620 2240 860 2272 Romanorum
884 2238 1019 2281 copias,
1042 2247 1137 2282 quae
1171 2237 1356 2282 suppetias
1381 2236 1530 2279 ferrent,
1552 2238 1650 2271 acci-³

201 2291 333 2330 visset,
359 2289 468 2329 clam,
493 2292 531 2319 et
553 2286 628 2320 illis
653 2285 798 2324 insciis,
831 2294 913 2317 cum
938 2282 1195 2317 Theudericho
1220 2283 1418 2316 amicitiam
1443 2285 1644 2318 couti-axis-⁴

201 2341 270 2374 set,
309 2335 413 2380 Quae
439 2345 520 2368 cum
546 2327 620 2366 dux
643 2327 819 2365 Thraciae
857 2334 898 2362 et-
917 2329 1006 2370 alii,
1031 2329 1251 2375 quicumque
1276 2331 1544 2364 aRomanor'um
1559 2338 1648 2376 par-³

201 2383 302 2416 tibus
327 2386 477 2421 starent,
495 2379 692 2419 vidissent,
715 2378 848 2410 veritos
874 2375 1024 2409 insidias
1049 2376 1096 2409 ad
1119 2376 1225 2409 illum
1262 2375 1432 2410 accedere
1466 2382 1534 2421 aut
1562 2382 1646 2410 suas'

204 2429 330 2474 copias
356 2429 434 2461 eius
469 2427 582 2472 copiis
619 2425 838 2468 coniungere
871 2428 975 2456 ausos
1007 2433 1083 2456 non
1106 2429 1193 2456 esse.
1242 2423 1347 2456 Nunc
1370 2424 1477 2456 etiam
1506 2424 1536 2456 si
1555 2424 1648 2457 velit>

204 2487 286 2508 cum
311 2473 566 2508 Theudericho
591 2471 730 2505 bellum
754 2470 892 2509 facere,
920 2478 959 2501 se
984 2469 1152 2513 polliceri
1178 2467 1288 2510 haec,
1321 2469 1352 2501 si
1374 2469 1562 2503 victoriam
1587 2480 1647 2503 re-·

203 2520 380 2568 portarit,
403 2520 461 2554 illi
485 2519 675 2553 daturum:
703 2517 781 2550 auri
808 2515 929 2556 mille,
961 2515 1099 2560 argenti
1126 2515 1364 2561 quadraginta
1388 2516 1505 2548 millia
1529 2516 1646 2549 libraa
1696 2518 1708 2529 '

204 2579 309 2608 rum,
346 2572 383 2600 et
416 2565 575 2601 reditum
603 2565 726 2598 decem
753 2562 909 2595 millium
937 2568 1129 2595 aureorum
1164 2567 1201 2596 e't
1223 2567 1378 2606 nuptum
1404 2562 1461 2595 illi
1488 2563 1646 2595 colloca-

205 2620 328 2647 turum
353 2612 496 2656 Olybrii
521 2613 651 2651 filiam,
686 2615 750 2643 aut
780 2608 891 2640 aliam
916 2618 960 2640 ex
983 2607 1246 2642 illustrioribus
1269 2608 1488 2641 mulieribus
1515 2609 1647 2641 civita-

203 2661 264 2694 tis.
313 2659 416 2704 Quae
441 2665 552 2704 quum
586 2658 759 2696 dixisset,
786 2656 979 2700 plerosque
1004 2662 1140 2695 eorum,
1168 2655 1233 2700 qui
1260 2655 1361 2687 missi
1385 2661 1502 2695 erant,-
1525 2655 1645 2700 digni-

203 2703 344 2739 tatibus
369 2700 533 2744 ornavit,
570 2709 608 2736 et
633 2704 709 2748 ipse
740 2703 877 2747 legatos
903 2701 1004 2734 misit
1032 2702 1187 2746 primurn
1213 2701 1360 2747 quidem
1385 2700 1644 2738 Philoxenum,-

206 2750 340 2786 deinde
377 2753 486 2786 etiam
509 2745 709 2793 Iulianum,
745 2749 775 2780 si
804 2758 876 2793 qua
907 2747 1048 2781 ratione
1071 2752 1219 2792 possent
1249 2756 1330 2783 eum
1364 2746 1553 2784 adducere,
1601 2749 1646 2780 us

248 2822 435 2867 Dexippus
447 2847 456 2863 ,
471 2815 667 2866 Eunapiu,
685 2827 753 2854 etc.
1334 2816 1378 2850 ιθ

1657 411 1788 446 Zenon.
1799 406 1826 444 ὃ
