1924 3164
340 153 444 210 188
875 167 1153 209 EXCERPTA

139 292 232 327 με,
248 293 317 338 443
331 271 448 330 παρὰ
462 269 650 322 Σκύθαις
670 267 832 324 ἰσχύων
846 271 954 323 μέγα
973 266 1190 326 ᾠκοδόμει,
1219 269 1365 318 λίθους
1393 269 1441 312 ἔκ
1467 264 1541 325 τῆς
1567 271 1786 316 Παιόνων*

208 340 282 376 lud.
301 353 312 375 ι
330 337 578 391 διακομίσας
597 338 670 391 γῆς
685 352 697 363 ·
727 333 828 375 οὐδὲ
847 332 925 390 γὰρ
956 335 1086 386 λίθος,
1109 334 1160 374 οὔ
1187 334 1358 388 δένδρον
1383 333 1499 391 παρὰ
1525 342 1613 386 τοῖς
1640 338 1771 380 ἐκεῖνο

139 384 321 432 Themi-41
330 402 377 446 τὸ
405 405 533 458 μέρος
560 402 718 443 οἰκοῦσι
745 398 978 455 βαρβάροις
1005 400 1144 452 ἐστὶν,
1188 397 1296 440 ἀλλὰ
1331 399 1559 458 ἐπεισάκτῳ
1598 406 1649 459 τῇ
1685 400 1768 460 ὕλῃ

330 471 555 524 κέχρηνται
582 462 732 522 ταύτῃ.
789 481 810 506 ο
852 466 898 507 δὲ
926 465 1184 520 ἁρχιτέκτων
1217 464 1292 506 τοῦ
1319 467 1545 518 βαλανείου
1586 463 1667 510 οἷπό
1693 469 1771 510 τοῦ

330 535 507 589 Σιρμίου
538 529 806 585 αἰχμάλωτος
832 526 1006 584 οἷχθείς,
1046 527 1203 583 μισθόν
1239 532 1317 572 τοῦ
1344 530 1572 585 εὖρέματος
1597 528 1795 576 ἔληθε-5

329 601 426 655 ρίαν
448 595 662 652 λήψεσθαι
680 598 938 652 προσδοκῶν,
956 594 1082 637 ἔλαθε
1109 595 1268 649 μείζονι
1296 593 1408 654 πόνῳ
1437 596 1672 653 περιπεσών
1696 600 1769 653 τῆς

327 660 444 719 παρὰ
471 662 656 710 Σκύθαις
687 662 902 712 δουλείας·
943 662 1131 715 βαλανέα
1163 659 1245 717 γάρ
1276 660 1406 704 αὕτὸν
1428 659 1668 718 Ὀνηγήσιος
1695 680 1770 706 κα-

326 722 523 784 τέστησε,
563 729 637 770 καί
668 728 877 785 λουομὲνῳ
907 724 1024 786 αύτῷ
1047 742 1092 769 τε
1122 725 1193 769 καὶ
1218 736 1303 777 τοῖς
1342 728 1453 783 ἄμφ’
1481 726 1609 771 αὐτὸν
1636 727 1772 785 διηκοὲ

327 800 450 840 vetto.
505 795 551 836 ἐν
587 792 721 850 ταύτῃ
762 794 816 851 τῇ
855 791 972 851 κώμῃ
1007 790 1192 835 εἰσιόντα
1230 792 1305 835 τὸν
1341 790 1546 848 Ἀττήλαν
1575 793 1769 850 ἀπήντων

288 857 452 915 Οκόραι
477 858 699 915 στοιχηδὸν
730 860 1092 916 προπορευόμεναι
1127 856 1197 900 ὕπ’
1226 856 1397 908 ὀθόναις
1424 862 1594 908 λεπταῖς
1627 875 1671 901 τε
1698 861 1824 901 mino

325 929 520 978 λευκαῖς,
549 924 624 967 ἐπὶ
646 923 750 966 πολύ
783 926 827 974 ἐς
852 926 981 980 μῆκος
1011 925 1387 980 παρατεινούσαις,
1429 920 1533 967 ὥστε
1567 921 1651 966 ὖπὸ
1689 925 1769 982 μιᾷ

325 987 476 1048 ἑκάστῃ
518 989 645 1048 ὀθόνῃ
683 990 911 1048 ἄνεχομένῃ
952 997 1045 1040 ταῖς
1080 989 1210 1046 χερσὶ
1244 992 1327 1032 τῶν
1354 991 1452 1045 παρ’
1490 986 1675 1045 ἑκάτερα
1694 1007 1782 1044 yv-·⁴

323 1059 478 1099 ναικῶν
506 1055 631 1112 κόρας
657 1054 760 1098 ἑπτὰ
789 1052 818 1112 ἢ
847 1057 920 1098 καί
945 1058 1114 1106 πλείους
1140 1053 1399 1110 βαδιζούσας
1438 1050 1566 1112 (ἦσαν
1594 1056 1641 1097 δὲ
1666 1059 1771 1099 πολ-

323 1122 400 1163 λαὶ
434 1122 631 1163 τοιαῦται
670 1125 756 1165 τῶν
783 1124 991 1178 γυναικῶν
1019 1120 1102 1164 ὑπὸ
1133 1128 1228 1171 ταῖς
1254 1118 1429 1170 ὀθόναις
1464 1119 1621 1178 τάξεις)
1645 1116 1770 1178 ,ᾅδειν

324 1181 494 1244 ᾅσματα
523 1187 723 1230 Σκυθικά.
781 1189 957 1243 πλησίον
994 1189 1041 1230 δὲ
1067 1190 1150 1230 ταῖν
1171 1188 1413 1243 Ὀνηγησιόυ
1443 1187 1675 1242 οἰκημάτων
1701 1182 1826 1242 pte-15

326 1250 511 1306 νόμενον,
534 1253 607 1309 (δι’
631 1254 772 1295 αὕτῶν
798 1252 876 1309 γὰρ
907 1254 932 1309 ἦ
962 1254 1034 1296 ἐπὶ
1058 1252 1108 1295 τοὶ
1135 1255 1330 1307 βασίλεια
1357 1248 1454 1308 ἦγεν
1481 1249 1612 1311 ὅδός,)
1643 1251 1770 1304 ὑπεξ-

325 1319 512 1360 ελθοῦσα
549 1315 575 1373 ἦ
613 1320 690 1361 τοῦ
721 1319 963 1375 Ὀνηγησιόυ
1002 1318 1160 1374 γαμετή
1199 1316 1307 1372 μετὰ
1343 1316 1533 1373 πλήθους
1558 1316 1771 1372 θεραπόν-

325 1400 441 1438 των,
467 1385 550 1426 τῶν
575 1386 654 1437 μὲν
695 1378 797 1438 ὄψα,
825 1386 909 1427 τῶν
937 1386 983 1427 δὲ
1011 1385 1086 1426 καί
1110 1380 1218 1427 οἶνον
1246 1381 1470 1439 φερόντων,
1502 1383 1694 1439 (μεγίστη
1722 1384 1772 1424 δὲ

328 1446 437 1504 αὕτη
463 1447 581 1505 παρὰ
610 1448 797 1499 Σκύθαις
824 1451 915 1493 ἐστι’
937 1446 1082 1508 τιμῆ,)
1112 1447 1323 1505 ἠσπάζετό
1359 1465 1405 1490 τε
1434 1446 1508 1490 καὶ
1541 1444 1659 1503 ἠξίου
1694 1463 1771 1501 με-

325 1517 524 1569 ταλαβεῖν
551 1510 610 1557 ὧν
638 1515 752 1573 αὐτῷ
782 1516 1146 1572 φιλοφρονουμένη
1173 1511 1378 1568 ἐκόμισεν.
1418 1512 1464 1563 ὃς
1491 1515 1539 1556 δὲ
1565 1514 1827 1568 ἐπιτήδει’-20

289 1590 382 1624 Dov
413 1578 563 1636 ἀνδρὸς
589 1578 867 1636 χαριζόμενος
890 1582 1048 1638 γαμετῇ
1070 1576 1221 1635 ἤσθιεν
1249 1581 1321 1622 ἐπὶ
1347 1581 1422 1622 τοῦ
1450 1581 1578 1621 ἵππου
1605 1575 1782 1633 ἥμενος,Α

218 1654 261 1689 V.
274 1655 319 1700 4ο
332 1649 415 1688 τῶν
440 1648 738 1703 παρεπομένων
776 1644 846 1689 τὸν
887 1646 1039 1689 πίνακα
1085 1644 1319 1704 (α’ργύρεος
1363 1647 1410 1688 δὲ
1445 1640 1498 1701 ἦν
1537 1638 1687 1701 οὗτος)
1727 1644 1771 1695 ἐς

423 1760 475 1794 13.
496 1757 730 1804 βαδιζούσας
754 1761 822 1802 H„
846 1758 1090 1805 βαδιζούσαις
1112 1759 1210 1805 vulg.
1248 1771 1250 1773 ’

327 1862 432 1906 parte
459 1858 629 1904 Scythiae
652 1858 842 1902 habitant,
865 1859 963 1894 ullus
988 1865 1042 1895 est
1063 1865 1127 1894 aut
1149 1859 1242 1905 lapis
1259 1885 1268 1901 ,
1292 1863 1355 1893 aut
1379 1859 1484 1893 arbos
1498 1884 1507 1900 ,
1531 1857 1595 1893 sed
1619 1858 1770 1893 materia

329 1907 480 1940 aliunde
506 1906 654 1940 advecta
676 1912 837 1940 utuntur.
886 1908 1002 1940 Huius
1027 1912 1149 1940 autem
1173 1907 1297 1940 balnei
1322 1906 1561 1946 architectus,
1591 1915 1612 1938 e
1636 1905 1768 1941 Sirmio

328 1955 491 1998 captivus
518 1952 717 1995 abductus,
749 1952 952 1987 mercedem
978 1954 1098 1998 operis
1119 1953 1175 1986 sui
1199 1953 1410 1986 libertatem
1431 1964 1470 1986 se
1494 1956 1770 1986 consecuturum

327 2011 497 2045 sperans,
523 1999 634 2032 falsus
660 2010 724 2033 sua
747 2011 833 2045 spe,
857 2011 938 2033 cum
961 1999 1058 2033 nihil
1082 2000 1202 2032 minus
1229 2000 1427 2044 cogitaret,
1450 2000 1490 2032 in
1514 1999 1620 2042 longe
1644 1995 1782 2033 durio-,

329 2057 405 2081 rem
429 2046 526 2091 apud
551 2045 699 2089 Scythas
723 2046 855 2080 incidit
879 2047 1099 2080 servitutem.
1147 2046 1398 2079 Balneatorem
1431 2046 1527 2078 enim
1561 2054 1642 2077 eum
1668 2043 1770 2078 One-

328 2093 447 2137 gesius
471 2094 644 2134 instituit,
669 2097 710 2125 ut
733 2093 805 2126 sibi
830 2094 973 2139 totique
997 2103 1081 2126 suae
1105 2092 1276 2132 familiae,
1299 2103 1378 2126 cum
1396 2092 1612 2130 lavarentur,
1640 2100 1782 2133 operas,

328 2144 540 2183 praestaret.
588 2140 630 2172 In
654 2139 753 2172 hunc
773 2139 893 2174 vicum
918 2139 1131 2172 adventanti
1156 2138 1294 2172 Attilae
1321 2138 1465 2184 puellae
1490 2136 1634 2170 obviam
1657 2135 1768 2179 prod-

330 2186 472 2225 ierunt,
502 2197 596 2230 quae
630 2192 695 2230 per'
719 2187 832 2220 series
856 2185 1099 2226 incedebant,
1133 2183 1200 2217 sub
1235 2186 1361 2219 linteis
1385 2182 1556 2220 tenuibus
1580 2186 1618 2215 et
1639 2181 1769 2216 candi-

330 2230 406 2270 dis,
434 2244 541 2276 quam
566 2232 721 2266 maxime
745 2233 785 2265 in
809 2232 1077 2277 longitudinem
1105 2232 1285 2271 extensis,
1312 2232 1363 2265 ita
1388 2234 1429 2264 ut
1449 2227 1517 2261 sub
1543 2239 1770 2274 unoquoque

329 2277 457 2317 linteo,
471 2272 638 2311 manibus
660 2278 854 2312 mulierum
880 2278 927 2311 ab
951 2284 1104 2323 utraque
1131 2281 1232 2322 parte
1256 2279 1295 2310 in
1311 2278 1424 2311 altum
1447 2275 1603 2316 sublato,
1628 2280 1770 2318 septem

327 2322 474 2369 puellae
497 2330 560 2358 aut
585 2325 695 2358 etiam
717 2325 838 2369 plures
852 2324 1137 2370 progredientes,
1148 2322 1266 2370 (erant
1285 2329 1403 2357 autem
1426 2321 1533 2354 mu-lti
1556 2320 1770 2356 huiusmodi-

328 2368 522 2402 mulierum
566 2371 633 2403 sub
669 2371 745 2403 illis
777 2371 901 2404 linteis
954 2370 1147 2417 ordines‚)
1189 2369 1354 2414 Scythica
1389 2368 1546 2402 carmina
1585 2372 1766 2401 canerent.

329 2417 405 2449 Iam
431 2416 593 2460 proxime
618 2417 790 2460 Onegesii
814 2417 962 2450 domum
984 2420 1189 2457 accesserat,
1212 2417 1293 2461 (per
1314 2417 1428 2460 ipsam
1453 2413 1551 2447 enim
1574 2414 1633 2448 via
1656 2411 1767 2446 duce-

329 2462 395 2498 bat
416 2461 463 2497 ad
495 2462 662 2508 regiam‚)
689 2475 770 2497 cum
795 2463 892 2497 foras
922 2464 1108 2509 prosiliret
1132 2462 1300 2506 Onegesii
1324 2472 1438 2501 uxor,
1461 2470 1588 2504 magna
1611 2459 1766 2492 ancilla-

334 2519 414 2542 rum
439 2509 609 2542 comitata
635 2509 895 2552 multitudine,
934 2520 1026 2555 quae
1060 2509 1210 2553 opsonia
1242 2513 1279 2541 et
1313 2507 1436 2541 vinum
1471 2506 1665 2545 ferebant,
1700 2505 1767 2550 qui

334 2555 511 2588 maximus
537 2559 592 2587 est
615 2554 711 2597 apud
734 2555 884 2598 Scythas
917 2555 1045 2589 honos.
1093 2555 1190 2588 Haec
1212 2554 1364 2587 Attilam
1396 2553 1566 2585 salutavit
1610 2551 1766 2595 rogavit,-

337 2612 423 2647 que,
445 2606 487 2636 ut
510 2611 555 2634 ex
573 2599 664 2633 cibis
688 2600 903 2642 desumeret,
915 2613 1006 2648 quos
1029 2612 1108 2634 cum
1130 2611 1267 2634 summa
1296 2600 1549 2633 testificatione
1574 2607 1660 2631 suae.
1685 2607 1778 2641 ergav

336 2648 440 2691 illum
477 2647 671 2681 voluntatis
724 2648 903 2681 attulerat.
957 2648 1084 2692 Itaque
1134 2646 1237 2679 uxori
1270 2645 1426 2679 hominis
1464 2644 1535 2678 sibi
1571 2644 1781 2678 necessarii.

338 2694 620 2740 gratificaturus,
645 2692 825 2735 comedi-t,
851 2704 944 2739 equo
969 2693 1151 2734 insidens,
1174 2692 1358 2735 barbaris,
1389 2693 1453 2739 qui
1476 2693 1519 2726 in
1548 2690 1625 2737 eius
1650 2689 1765 2725 comi,-
