1924 3164
327 177 433 251 ¹96
903 189 1182 234 EXCERPTA

132 296 426 349 ¹A.C.15‘48‚9c‹3v‚
467 294 539 338 τὸν
575 292 815 347 Ὀνηγήσιον
841 294 1150 348 παραγίνεσθαι
1167 309 1180 320 ·
1221 294 1294 334 καί
1326 290 1458 342 εὐθὺς
1483 288 1580 349 ἧκεν
1607 294 1651 343 ἐς
1676 292 1756 349 τήν

126 348 491 429 ΤὴεῙῗιάᾸσκηνήν.
546 355 783 415 προσειπών
820 358 867 399 δὲ
902 355 974 398 τὸν
999 360 1241 411 Μαξιμῖνον
1268 355 1424 413 ἔφασκε
1449 357 1576 415 χάριν
1603 359 1751 413 ὁμολο-

207 408 227 430 o
257 396 406 484 ’ίμγεΐν
434 427 540 480 ὑπὲρ
571 425 655 465 τῶν
681 420 826 479 δώρων
853 419 966 479 αὐτῷ
990 438 1035 464 τε
1062 424 1137 465 καῖ
1157 426 1350 478 βασιλεῖ,
1380 421 1455 466 καί
1491 421 1683 480 οἷνηρώτα
1712 420 1751 478 δ’,

317 511 359 536 τι
379 483 519 547 ’λέγειν
554 486 804 543 βουλόμενος
842 486 975 529 αὐτὸν
1009 490 1314 542 μετεπέμψατο.
1371 487 1394 531 ὅ
1422 490 1469 531 δὲ
1496 487 1676 545 ἔφασκεν
1702 487 1749 545 ’‘7'‘

318 574 406 600 κειν
432 553 593 611 καιρὸν,
614 550 722 596 ὥστε
753 554 990 608 Ὀνηγήσιον
1023 554 1166 606 μεῖζον
1193 555 1239 596 ἐν
1265 552 1503 611 ἀνθρώποις
1532 556 1637 606 ἕξειν
1662 550 1779 597 »ἀὲ-5

319 640 387 675 ος,
416 620 529 676 εἴπερ
555 618 670 675 παρὰ
699 620 876 672 βασιλέα
906 617 1043 660 ἐλθών
1070 617 1349 675 διευκρινήσει
1376 620 1429 663 τὰ
1458 617 1676 676 ἇμφιβολα
1701 621 1754 676 τῇ

317 689 499 744 σφετέρᾳ
527 686 692 727 συνέσει
719 686 791 726 καί
822 681 1020 737 ὁμόνοιαν
1052 685 1286 738 “Ρωμαίοις
1321 689 1396 728 καί
1427 681 1600 735 Οἷὶννοις
1626 701 1754 726 κατα-

317 752 526 808 στήσεται.
579 749 796 806 γενήσεται
835 748 914 805 γὰρ
945 751 1111 792 ἐνθένδε
1142 752 1194 791 ου’
1217 750 1339 804 μόνον
1366 758 1451 802 τοῖς
1479 750 1643 804 ἔθνεσιν
1670 751 1754 804 ἆμ-

320 819 517 876 φοτέροις
545 816 785 872 συμφέρον·
831 813 935 857 ἀλλὰ
971 818 1046 857 καί
1073 817 1129 873 τῷ
1157 819 1346 875 σφετέρῳ
1376 816 1472 874 οἴκῳ
1500 814 1642 870 α’γαθοὶ
1670 833 1753 858 πα-

272 886 428 939 Βρέξει
456 880 613 934 πολλοὶ,
655 879 888 935 ἐπιτήδειος
927 882 1045 922 ἐσαεὶ
1085 880 1212 930 αὕτός
1248 899 1290 924 τε
1323 884 1395 924 καί
1421 883 1460 924 οἱ
1485 883 1622 924 αὐτοῦ
1650 887 1804 923 nat-10

316 952 385 998 δες
413 952 585 1003 βασιλεῖ
613 962 656 989 τε
695 947 768 988 καί
793 947 850 1003 τῷ
880 947 1037 987 ἐκείνου
1066 944 1257 999 ἐσόμενοι
1291 949 1411 1002 γένει.
1467 947 1488 988 ὃ
1519 948 1565 988 δὲ
1591 946 1759 1002 '0117er-

314 1030 406 1063 σιος
444 1013 541 1070 ἔφη’
575 1013 648 1054 καί
680 1013 726 1053 τί
757 1012 974 1059 ποιοῦντες
1011 1014 1321 1066 κεχαρισμένως
1355 1017 1543 1067 βασιλεῖ’,
1587 1009 1616 1067 ἢ
1645 1010 1758 1062 ὅπως

314 1081 412 1136 παρ’
454 1080 589 1121 αὐτοῦ
615 1075 665 1119 τὰ
709 1078 926 1132 ἀμφίβολα
979 1078 1152 1131 λυθείης
1213 1077 1545 1134 ἀποκριναμένου
1601 1078 1670 1130 δὲ,
1699 1077 1758 1127 ὥς

315 1144 468 1199 διαβὰς
506 1145 583 1198 μὲν
629 1145 689 1191 εἰς
733 1141 809 1196 τήν
838 1142 1068 1194 εΡωμαίων
1107 1146 1279 1195 βασιλεῖ’
1309 1143 1386 1198 τὴν
1412 1141 1541 1198 χάριν
1568 1143 1758 1199 καταθή-

314 1228 405 1264 σει,
445 1209 725 1265 διευκρινήσει
765 1209 811 1248 δὲ
863 1206 915 1248 τὰ
956 1208 1175 1263 α’μφιβολα
1226 1207 1300 1258 τὰς
1351 1208 1487 1259 αἰτίας
1526 1209 1803 1265 διερευνῶνιό

314 1278 387 1318 καί
422 1274 580 1322 ταύτας
615 1272 718 1315 κατὰ
754 1275 824 1328 τῆς
851 1271 1014 1328 εἰρήνης
1055 1272 1168 1315 λύων
1194 1272 1375 1327 θεσμὸν,
1406 1273 1587 1331 ἔφασκεν
1613 1275 1749 1317 ἐκεῖνα

314 1344 424 1397 ἐρεῖν
451 1344 626 1395 βασιλεῖ’
640 1354 685 1380 τε
712 1340 786 1379 καί
802 1343 889 1386 τοῖς
917 1339 1025 1394 ἄμφ’
1056 1337 1207 1391 αὖτὸν,”
1230 1336 1334 1395 ἅπερ
1375 1338 1576 1394 Ἀττήλας
1602 1340 1750 1394 βούλε-

313 1423 398 1451 ται.
428 1402 456 1461 ἢ
485 1405 649 1447 οἴεσθαι
677 1403 758 1459 ἔφη
782 1403 1041 1458 “Ρωμαίους,
1069 1407 1266 1446 τοσοῦτον
1291 1404 1580 1460 ἐκλιπαρήσειν
1607 1403 1750 1458 αὖτὸν,

315 1469 422 1513 ὥστε
451 1471 785 1526 καταπροδοῦναι
814 1469 1014 1524 δεσπότην
1040 1471 1115 1510 καί
1140 1471 1378 1525 α’νατροφῆς
1403 1474 1477 1525 τῆς
1507 1470 1622 1526 παρὰ
1639 1467 1750 1512 Σκύ-

314 1542 414 1587 θαις
443 1539 515 1579 καί
539 1537 733 1590 γαμετῶν
761 1535 834 1577 καί
859 1537 1022 1576 παίδων
1058 1535 1404 1591 κατολιγωρήσειν
1419 1570 1432 1589 ,
1480 1536 1538 1591 μὴ
1576 1534 1802 1589 μείζονααο

314 1606 362 1646 δὲ
390 1603 585 1659 ἡγεῖσθαι
611 1599 687 1655 τὴν
713 1604 812 1656 παρ’
854 1598 1028 1658 Ἀττήλᾳ
1056 1601 1248 1643 δουλείαν
1275 1603 1350 1642 τοῦ
1375 1600 1491 1656 παρὰ
1518 1602 1751 1656 “Ρωμαιὀις

404 1694 440 1728 5.
462 1693 594 1739 μεῖζον
620 1691 662 1727 ἐν
683 1691 794 1737 duae.
825 1688 924 1730 ἕξειν
956 1690 1021 1733 Η.,
1055 1691 1211 1736 μείζονα
1235 1689 1343 1736 ἅνθρ.
1369 1692 1455 1734 ἐξῆν
1478 1693 1570 1738 vulg,
1697 1706 1748 1727 ιι.

399 1740 581 1786 ἐσόμενοι
603 1740 663 1780 Β.,
690 1738 855 1785 ἐσομένῳ
879 1736 973 1782 vulg.
1066 1748 1122 1772 20.
1155 1738 1477 1785 κατολιγωρήσειν
1504 1741 1568 1782 H„
1598 1740 1750 1774 κατολι-

399 1783 588 1832 γωρὴσειε
616 1787 709 1831 vulg.

312 1855 426 1897 dixit,
453 1865 490 1887 se
521 1853 735 1899 Imperatori
773 1857 809 1886 et
843 1852 900 1886 illi
940 1862 1006 1898 pro
1041 1852 1252 1887 muneribus
1284 1852 1415 1901 gratias
1451 1865 1574 1900 agere,
1608 1859 1645 1888 et
1666 1865 1750 1899 per-

311 1906 498 1936 cunctatus
526 1906 603 1940 est,
629 1899 926 1946 quandoquidem
950 1912 987 1933 se
1011 1901 1236 1942 arcessisset,
1262 1901 1351 1947 quid
1383 1908 1495 1942 esset,
1521 1900 1619 1947 quod
1643 1901 1748 1934 illum

309 1949 444 1982 vellet:
478 1953 555 1980 tum
590 1946 828 1986 Maximinus,
860 1947 995 1980 instare
1018 1952 1184 1992 tempus,
1217 1947 1287 1988 ait,
1325 1959 1398 1994 quo
1429 1953 1551 1992 posset
1572 1947 1748 1980 maiorem

316 1995 467 2041 gloriam
492 1992 590 2039 apud
612 1993 777 2026 homines
813 1991 991 2037 adipisci,
1025 1993 1056 2026 si
1082 1993 1128 2026 ad
1154 1994 1410 2039 Imperatorem
1435 1993 1628 2034 accedens,
1654 2004 1749 2039 quae

318 2046 402 2075 sunt
433 2041 530 2073 inter
554 2040 731 2072 Romanos
767 2042 805 2071 et
840 2038 994 2072 Hunnos
1019 2044 1268 2079 controversa,
1295 2051 1358 2074 sua
1382 2040 1575 2084 prudentia
1599 2050 1749 2085 compo·

314 2092 437 2127 neret,
475 2092 512 2120 et
549 2087 645 2119 inter
685 2090 876 2130 utramque
913 2090 1055 2130 gentem
1093 2085 1320 2119 concordiam
1345 2085 1548 2120 stabiliret:
1574 2098 1666 2131 quae
1690 2096 1747 2119 res

316 2146 391 2167 non
422 2133 539 2167 solum
570 2131 724 2166 utilitati
747 2132 938 2176 utriusque
971 2132 1087 2175 gentis
1120 2139 1215 2166 esset
1246 2143 1408 2173 cessura,
1444 2133 1506 2166 sed
1533 2134 1643 2166 etiam
1667 2133 1748 2165 eius

318 2180 442 2213 domui
465 2184 565 2213 tanta
587 2178 683 2211 bona
708 2177 936 2222 praebitura,
971 2184 1013 2211 ut
1036 2179 1114 2222 ipse
1147 2189 1219 2212 una
1244 2189 1324 2211 cum
1348 2180 1421 2212 suis
1446 2178 1572 2212 liberis
1607 2179 1646 2212 in
1680 2189 1749 2223 po-

318 2231 453 2259 sterum
490 2225 701 2270 Imperatori
734 2224 877 2269 totique
915 2225 1146 2267 imperatorio
1170 2225 1291 2269 generi
1319 2226 1357 2259 in
1384 2231 1595 2271 perpetuum
1619 2224 1748 2258 devin-

318 2278 395 2305 ctus
421 2273 524 2305 foret.
574 2271 668 2303 Tum
694 2270 891 2314 Onegesius
917 2269 1031 2310 dixit,
1078 2281 1150 2316 qua
1181 2271 1220 2303 in
1244 2283 1281 2304 re
1305 2272 1564 2317 gratificaretur
1587 2274 1749 2316 Impera-

316 2319 408 2357 tori,
443 2323 479 2351 et
512 2329 577 2362 per
608 2328 647 2350 se
681 2317 931 2350 contentiones
964 2315 1158 2350 dirimeret.
1227 2317 1445 2352 Maximinus
1479 2317 1689 2364 respondit,
1715 2318 1748 2351 si

316 2365 357 2396 in
381 2374 456 2396 rem
478 2368 703 2407 praesentem
725 2361 958 2402 descendens,
980 2363 1191 2408 Imperatori
1213 2365 1361 2409 gratiam
1385 2364 1554 2406 referret,
1579 2370 1616 2397 et
1640 2365 1751 2398 dissi-

318 2410 460 2444 diorum
485 2421 606 2442 causas
630 2409 756 2442 sedulo
782 2414 1028 2453 perscrutans,
1063 2408 1108 2442 de
1131 2409 1239 2443 rebus
1279 2413 1514 2446 controversis
1549 2411 1748 2444 secundum

319 2456 548 2490 conditiones
577 2455 784 2489 foederibus
810 2454 1005 2499 adscriptas
1031 2454 1205 2489 iudicium
1245 2468 1348 2490 suum
1372 2459 1629 2502 interponeret.
1654 2458 1748 2491 Tum

322 2503 522 2546 Onegesius
551 2502 655 2542 dixit,
684 2512 721 2533 se
747 2501 958 2544 Imperatori
999 2505 1036 2533 et
1062 2502 1131 2542 iis,
1160 2503 1222 2548 qui
1246 2503 1280 2536 ei
1304 2514 1324 2534 a
1351 2504 1510 2537 consiliis
1535 2509 1676 2544 essent,
1702 2514 1746 2536 ea

323 2547 502 2582 dicturum
539 2557 630 2587 esse,
665 2558 759 2591 quae
785 2547 916 2580 Attilas
953 2547 1024 2579 sibi
1054 2549 1286 2593 praeciperet.
1344 2550 1420 2588 „An
1446 2552 1594 2584 Romani
1617 2551 1746 2584 existi-

321 2599 439 2635 mant,
462 2595 608 2639 inquit,
643 2604 680 2625 se
713 2593 797 2625 ullis
830 2593 997 2636 precibus
1033 2595 1171 2627 exorari
1195 2606 1320 2639 posse,
1343 2602 1384 2629 ut
1406 2597 1536 2640 prodat
1559 2597 1747 2631 dominum

322 2653 447 2681 suum,
473 2645 509 2673 et
534 2639 642 2672 nihili
666 2638 775 2671 faciat
799 2639 1046 2672 educationem
1070 2640 1166 2684 apud
1193 2641 1340 2684 Scythas
1355 2667 1364 2682 ‚
1398 2655 1525 2677 uxores
1551 2649 1588 2676 et
1611 2643 1747 2677 liberos

321 2698 426 2727 suos,
450 2695 570 2731 neque
609 2685 787 2728 potiorem
819 2684 926 2717 ducat
958 2685 1056 2730 apud
1083 2687 1230 2719 Attilam
1264 2689 1491 2729 servitutem,
1517 2701 1623 2735 quam
1650 2688 1747 2734 apud

322 2735 500 2768 Romanos
526 2733 688 2776 ingentes
713 2741 798 2776 opes
811 2729 848 2764 ?'’
897 2729 1063 2766 Ceterum
1088 2743 1126 2766 se
1150 2732 1249 2767 domi
1271 2740 1514 2770 remanentem
1541 2737 1668 2770 maiori
1686 2746 1748 2769 eo-
