1924 3164
632 152 701 193 Ex
730 150 947 195 numm
984 147 1256 192 msromA.
1576 171 1579 173 Α
1596 127 1671 203 59

224 248 282 310 ἦν
306 257 392 305 τοῖς
418 251 740 308 ἐντυγχάνουσιν
765 255 826 303 εἷς
853 250 1063 308 ὠφέλειαν
1090 250 1304 307 ἱστορικῆς
1320 247 1469 303 χρείας
1477 281 1491 301 ,
1529 250 1572 290 εἷ
1593 263 1671 290 κα-

226 319 278 364 wi
308 317 462 375 ταύτην
489 321 644 374 ἐτέχθη
671 317 749 373 τὴν
791 318 955 374 ἡμέραν
983 316 1008 359 ὅ
1053 318 1172 359 δεῖνα
1198 317 1272 358 καί
1307 312 1532 368 μελοποιός
1573 310 1670 357 οἶνό-

228 401 332 440 σχεν
358 381 387 441 ἢ
414 382 628 442 τραγῳδὸς
654 378 850 439 ἇριστοςς
906 385 946 426 εἰ
982 381 1062 438 γὰρ
1102 381 1280 437 ἔσχατος
1317 376 1415 435 ὅρος
1453 382 1538 422 τῶν
1573 381 1679 435 περὶ

227 450 305 506 τὴν
345 450 532 507 ἱστορίαν
569 451 708 492 καλῶν
736 447 783 491 τό
815 451 980 492 πολλῶν
1019 449 1092 490 καὶ
1121 443 1306 503 οἷπείρων
1341 446 1601 502 πραγμάτων
1626 447 1673 487 ἐν

204 514 354 575 5ὄλίγῳ
395 513 535 574 χρόνῳ
571 514 644 557 καὶ
680 514 751 557 διὰ
790 516 993 571 βραχείας
1028 512 1299 569 ἀναγνώσεως
1339 518 1488 568 πεῖραν
1514 514 1674 565 λαβεῖν,

231 583 308 626 καὶ
340 585 539 638 γενέσθαι
571 582 769 637 γέροντας
807 578 871 622 ἔτι
897 581 1017 629 νέους
1058 574 1182 629 ὄντας
1220 580 1279 621 δι’
1312 578 1545 633 ἐπιστήμην
1588 578 1675 618 τῶν

227 647 560 705 προγεγονότων,
598 645 727 700 ὥστε,
769 649 864 688 τίνα
889 647 969 701 μὲν
997 648 1224 703 φευκτέον,
1274 645 1370 687 τίνα
1397 645 1444 686 δὲ
1472 642 1674 699 αἱρετέον,

226 715 409 767 εἰδέναι,
437 710 680 756 τούναντίον
707 715 810 766 ἐμοί
829 728 876 768 γε
904 713 1077 754 δοκοῦσι
1116 716 1249 754 ποιεῖν
1291 709 1331 753 οἱ
1358 714 1567 766 περιττοῖς
1603 707 1678 750 καί

225 781 530 836 ἀπηρτημένοις
571 778 821 828 ἐπεισοδίοις
872 775 1013 835 ὥσπερ
1056 779 1225 828 ξενικοῖς
1266 775 1483 832 ἡδύσμασι
1508 774 1557 817 τό
1587 776 1663 831 τῆς
1673 784 1759 819 Cod.
1771 786 1836 820 313

175 844 414 902 ιοῖστορίας
439 842 650 898 ἐδώδιμον
676 846 750 887 καί
790 845 1000 901 χρήσιμον
1036 840 1340 900 ἀνατρέποντες
1375 841 1448 884 καί
1473 833 1717 898 dcam-‘hezli-
1732 834 1794 867 ²5¹

225 927 368 968 ροντες
407 911 583 969 ἁλμυρῷ
609 910 716 969 λόγῳ
744 910 914 965 πότιμον
941 910 1094 966 οἶκοήν.
1159 907 1310 952 κωλύει
1329 910 1411 962 μὲν
1444 906 1526 963 γὰρ
1573 905 1675 956 ἴσως

229 978 355 1019 οὐδὲν
388 978 461 1020 καί
485 975 677 1032 περιττόν
721 993 764 1020 τι
788 980 974 1031 μαθεῖν,
1020 971 1157 1027 ἄλλως
1181 993 1251 1030 τε,
1279 971 1339 1024 ῶς
1375 991 1505 1031 φησιν
1543 970 1675 1022 αὐτὸς

224 1045 461 1095 Δέξιππος,
507 1044 593 1085 τῶν
629 1043 708 1096 μὲν
731 1045 940 1099 χρονικῶν
967 1039 994 1099 ἢ
1022 1042 1195 1086 πάντων
1216 1038 1245 1099 ἢ
1271 1044 1357 1085 τῶν
1382 1043 1587 1083 πλείστων
1610 1040 1676 1080 δι·-

227 1108 577 1164 απεφωνημένων,
603 1110 686 1150 τῶν
714 1110 763 1150 δὲ
789 1106 1008 1164 ύπερόρων
1034 1107 1108 1150 καὶ
1132 1109 1328 1165 φανερῶν
1354 1106 1546 1162 πράξεων
1565 1122 1676 1158 συμ-

175 1175 548 1230 ιόπεφωνημένων.
601 1175 667 1224 τίς
706 1172 787 1230 γὰρ
828 1171 939 1216 οὕτω
985 1173 1228 1230 περιβόητος
1267 1170 1424 1215 ἅπασιν
1471 1168 1564 1214 ὅσοι
1605 1169 1677 1212 λό-

225 1254 312 1294 γων
338 1236 503 1294 ἥψαντο
529 1239 603 1282 καί
627 1239 850 1282 κατέλιπον
877 1237 1050 1294 λόγους,
1084 1239 1143 1289 αἱς
1169 1240 1421 1294 Λυκοῦργος
1454 1238 1676 1280 Λακεδαι-

224 1302 394 1358 μόνιοςς
441 1305 485 1354 ἐς
511 1301 560 1347 ὃν
586 1306 659 1347 καὶ
679 1303 706 1361 ἦ
733 1307 808 1347 τοῦ
833 1307 940 1347 θεοῦ
952 1305 1186 1362 ’μαρτυρία
1216 1303 1288 1347 διὰ
1314 1303 1518 1357 στόματος
1543 1299 1677 1346 ἅπασι

225 1367 330 1413 θεὸν
371 1365 573 1428 ἄντικρυς
616 1372 926 1421 ἀνακαλοῦντος
986 1371 1060 1414 ἐπὶ
1090 1373 1148 1431 τῷ
1184 1374 1327 1414 θεῖναι
1362 1368 1462 1421 τούς
1497 1368 1672 1422 νόμους.

219 1438 295 1486 τίς
331 1437 378 1479 δὲ
419 1440 504 1480 τῶν
553 1439 692 1480 ταῦτα
735 1436 964 1494 εἰρηκότων
1004 1433 1133 1496 ἑτέρῳ
1166 1438 1434 1494 συμφέρεται
1468 1436 1675 1491 περὶτῶν

171 1500 349 1558 ποῆνίκα
376 1504 508 1546 ἐτίθει
533 1502 636 1554 τούς
661 1503 819 1557 νόμους
841 1501 1039 1560 χρόνων,·
1093 1502 1199 1547 ἀλλὰ
1227 1502 1402 1557 πάντες,
1428 1499 1571 1559 ῶσπερ
1613 1502 1675 1543 σι’-

229 1569 324 1612 κίαν
349 1565 378 1624 ἢ
403 1569 559 1612 στύλον
585 1569 877 1624 δοκιμάζοντες
902 1564 931 1626 ἦ
963 1587 1007 1612 τι
1033 1573 1119 1626 τῶν
1146 1569 1328 1624 ὅμοίων,
1369 1565 1435 1611 ὅτι
1470 1570 1551 1622 μὲν
1585 1565 1676 1610 ἔστι

227 1634 299 1678 καὶ
322 1636 478 1691 γέγονε,
506 1638 775 1679 συντίθενται
801 1635 877 1678 καί
901 1635 1202 1689 κατανεύουσι,
1243 1637 1342 1692 περὶ
1376 1637 1425 1679 δὲ
1459 1635 1539 1678 τοῦ
1575 1633 1675 1676 πότε

320 1748 353 1770 2.
371 1734 393 1770 δ
414 1735 499 1771 add.
523 1736 567 1770 N.
683 1736 717 1782 4.
741 1735 909 1784 ἀπείρως
933 1737 989 1773 ed.
1079 1738 1134 1783 ¹4·
1161 1736 1203 1773 δὲ
1226 1737 1330 1772 deest
1353 1736 1410 1772 ed.
1507 1748 1561 1781 ¹7·
1586 1735 1673 1769 στό-

318 1790 441 1828 μασιν
463 1782 541 1817 cod.
554 1808 566 1825 ,
590 1782 714 1830 στόμα
736 1785 841 1820 ἐστὶν
868 1785 924 1820 ed.

228 1873 343 1907 storia
369 1873 604 1919 capiendam,
640 1870 741 1919 quod
763 1874 828 1908 ille
850 1874 917 1907 tali
943 1872 1004 1908 die
1032 1878 1141 1908 natus
1164 1874 1233 1915 sit,
1270 1874 1337 1919 qui
1365 1872 1497 1907 deinde
1521 1872 1673 1906 melicus

226 1918 287 1952 vel
310 1920 468 1964 tragicus
493 1924 604 1965 poeta
634 1922 749 1954 evasit
773 1920 955 1965 optimus?
977 1921 1123 1954 Etenim
1144 1921 1176 1954 si
1199 1931 1377 1953 summum
1403 1919 1580 1954 historiae
1603 1919 1674 1952 bo-

215 1977 316 2000 ·num
341 1968 381 1999 in
405 1977 448 1999 eo
475 1968 650 2007 vertitur,
685 1973 727 2001 ut
754 1967 951 2000 multarum
979 1966 1314 2012 incognitarumque
1349 1977 1470 2000 rerum
1494 1971 1674 2011 gestarum

226 2013 330 2047 brevi
361 2017 524 2058 tempore
555 2013 771 2059 modicaque
798 2013 956 2047 lectione
978 2014 1145 2057 peritiam
1172 2015 1438 2055 nanciscamur,
1472 2013 1672 2058 fiamusque

227 2071 348 2100 senes,
381 2059 466 2093 dum
495 2062 684 2095 iuventute
715 2060 902 2100 floremus,
933 2059 981 2093 ob
1002 2061 1281 2105 praeteritarum
1312 2071 1434 2094 rerum
1461 2060 1675 2100 scientiam,

227 2108 281 2141 ita
306 2111 358 2146 ut,
378 2107 469 2152 quid
488 2108 702 2153 fugiendum
733 2109 782 2140 sit
809 2107 943 2152 quidve
973 2106 1230 2151 adpetendum,
1253 2107 1426 2150 sciamus3
1453 2105 1675 2139 eontrarium

227 2154 320 2188 mihi
343 2154 462 2188 facere
478 2155 650 2188 videntur
674 2155 739 2200 qui
760 2154 1034 2198 supervacaneis
1057 2160 1094 2188 ct
1117 2154 1248 2187 assutis
1271 2152 1466 2199 episodiis‚
1490 2158 1563 2186 tam
1591 2163 1674 2186 uam

226 2201 426 2246 peregrinis
445 2201 686 2235 condimentis
699 2226 709 2242 ‚
733 2201 871 2234 bonum
892 2199 1066 2234 historiae
1087 2199 1264 2247 pabulum
1281 2200 1508 2241 adulterant,
1534 2198 1579 2233 de
1596 2200 1672 2232 ica-

228 2254 380 2293 tumque
398 2247 564 2281 auditum
586 2259 706 2282 amaro
733 2258 899 2281 sermone
921 2247 1069 2280 violant.
1116 2247 1195 2281 Nisi
1215 2248 1308 2282 forte
1332 2247 1457 2281 inania
1478 2248 1590 2280 etiam
1614 2245 1675 2278 ‹li-

228 2305 326 2328 scere
348 2295 489 2328 animus
508 2294 589 2329 fert.
637 2295 848 2329 Praesertim
875 2305 988 2339 quum
1016 2292 1177 2328 chronici
1206 2295 1421 2340 scriptores,
1446 2298 1490 2327 nt
1516 2294 1568 2328 ait
1591 2293 1673 2337 ipse

228 2341 438 2386 Dexippus,
466 2342 526 2376 vel
548 2353 672 2376 omnes
704 2342 764 2376 vel
794 2346 891 2375 certe
921 2340 1069 2387 plurimi
1093 2341 1248 2375 invicem
1272 2340 1475 2375 dissideant
1496 2341 1536 2373 in
1560 2339 1674 2373 rebus·

229 2387 433 2421 illustribus
467 2399 508 2422 ac
531 2389 752 2427 manifestis,
780 2398 870 2434 quas
891 2398 957 2432 per
986 2397 1024 2419 se
1057 2387 1151 2432 ipsas
1180 2389 1220 2421 iu
1250 2387 1529 2422 controversiam
1562 2397 1669 2420 nemo

230 2440 375 2468 revocat
399 2439 462 2467 aut
485 2435 673 2470 diffitetur.
721 2435 812 2468 Nam
833 2434 914 2480 quis
934 2434 1032 2479 apud
1056 2433 1231 2468 historiae
1250 2435 1389 2480 peritos
1415 2434 1475 2467 vel
1500 2432 1671 2466 condito-

231 2492 287 2513 res
307 2481 590 2516 Lacedaemonio
610 2483 770 2526 Lycurgo
796 2481 975 2515 celebrior
999 2481 1078 2515 est?
1103 2481 1149 2515 de
1169 2493 1242 2528 quo
1262 2482 1331 2515 Dei
1357 2480 1607 2515 testimonium
1627 2479 1669 2513 in

231 2537 294 2559 ore
321 2528 483 2561 omnium
511 2534 697 2570 versatur,
731 2540 855 2573 parem
883 2528 963 2562 Deo
983 2528 1175 2562 vocitantis
1205 2528 1253 2562 ob
1283 2528 1514 2562 ferendarum
1547 2525 1669 2569 legum

229 2574 454 2618 sapientiam.
503 2575 803 2621 Quotusquisque
841 2584 925 2608 vero
966 2584 1010 2608 ex
1043 2573 1121 2616 his,
1197 2575 1279 2609 ide
1299 2586 1342 2608 ea
1362 2587 1402 2609 re
1427 2574 1667 2618 scripserunt,

229 2622 412 2654 consentit
422 2632 504 2655 cum
521 2623 594 2656 alio
604 2622 754 2656 homine
774 2621 819 2654 de
841 2621 1078 2666 temporibus,
1098 2587 1232 2667 ‘1⁰31OE
1254 2622 1320 2656 ille
1345 2621 1441 2667 leges
1459 2617 1668 2653 scribebat?

228 2666 411 2700 Nimirum
448 2668 488 2700 id
518 2680 662 2708 omnes,
695 2674 867 2714 tanquam
899 2667 946 2702 de
972 2667 1081 2702 domo
1110 2670 1168 2702 vel
1194 2669 1362 2703 columna
1392 2668 1451 2702 vel
1485 2677 1525 2700 re
1556 2664 1667 2698 simili

229 2719 376 2758 agatur,
414 2715 515 2761 quod
538 2715 687 2762 quidem
709 2716 774 2750 ille
799 2715 993 2758 exstiterit,
1017 2715 1219 2751 concedunt
1243 2720 1281 2750 et
1299 2719 1482 2758 annuuut3
1506 2722 1665 2758 quomm
