1924 3164
375 173 488 227 606
811 191 1143 235 v1LLoisoNis
1181 193 1361 236 NOTAE

373 293 490 344 ἐλπίς
518 291 708 333 εἶσιοῦσα
735 289 806 332 τὸν
836 291 1057 345 λογισμὸν,
1087 288 1162 335 κᾶν
1199 292 1410 349 βούληταί
1440 310 1500 345 τις
1543 297 1670 346 αὐτὸς
1707 296 1809 340 ἔαυ-

373 345 447 388 τὸν
474 346 690 400 ἀπατήσας
718 353 1011 399 ψυχαγωγεῖν,
1042 345 1149 403 αὕτη
1177 351 1518 404 παρακαθημένη,
1539 354 1611 393 καί
1627 350 1809 406 θύουσα,

371 402 447 443 καί
476 397 662 456 φοβερὰς
690 397 1007 442 ἀναπλάττουσα
1040 404 1300 457 φαντασίας,
1337 406 1465 458 γῆρας
1493 406 1689 459 ου’δαμῶς
1719 409 1808 448 ἑλε-

374 452 561 508 ούμενον,
592 452 718 510 κόρην
746 454 1033 519 ὗβρξζομένην,
1062 454 1280 509 ἑλκόμενον
1307 459 1366 506 εἰς
1394 459 1587 501 δουλείαν
1615 453 1805 513 παιδίον,

373 511 580 564 ἀγομένην
619 510 665 551 ἐκ
705 509 916 558 πασταδος
937 516 1114 564 γυναῖκα
1142 527 1178 552 κ.
1210 529 1248 554 τ.
1275 515 1314 553 λ.
1367 514 1525 554 Scilicet
1552 530 1574 555 e
1602 519 1806 557 communi

372 568 482 606 fonte
510 565 559 604 Il.
593 566 665 605 IX.
698 565 793 621 592.

481 620 585 673 Pag.
609 620 786 675 497‚2o.
817 620 882 659 Sic
905 621 956 660 ad
984 623 1204 676 marginem
1231 619 1505 676 emendatum,
1535 625 1609 665 καί
1634 620 1806 677 ἑλκομέ-

371 689 470 729 νην;
499 677 541 714 in
571 682 681 714 textu
717 675 941 727 ἐλωμένην.
965 702 968 704 -

479 730 585 782 Pag.
621 730 716 785 498,
750 731 794 781 4.
852 730 969 769 Prius
1000 726 1076 782 μὴ,
1106 739 1151 771 ut
1178 746 1486 786 supervacuum,
1521 733 1619 772 mihi
1647 735 1810 774 videtur

370 784 620 836 tollendum3
647 787 723 824 nisi
757 792 913 824 vertas:
943 787 1014 839 qui
1037 801 1115 825 non
1137 790 1250 842 passi
1274 797 1381 838 sunt,
1413 788 1486 837 tibi·
1507 788 1670 837 debent,
1699 791 1809 844 quod

369 840 472 879 nihil
488 841 671 894 perpessi
681 842 855 893 ficet-int.

225 906 354 950 Pag.35
480 893 695 949 Pag.498‚
719 895 781 935 16.
841 892 995 942 Αὕτός.
1053 894 1121 934 An
1155 893 1179 934 ot
1210 892 1422 949 στρατός.)

479 949 583 1002 Pag.
606 950 710 1003 499,
742 953 782 992 5.
841 950 964 989 Forte
1007 949 1073 988 hic
1102 950 1287 1004 intelligit
1313 951 1545 990 seditionem
1567 952 1675 992 illam
1697 982 1709 1003 ‚
1753 953 1807 993 de

370 1017 450 1056 qua
478 1002 658 1057 loquitur
682 1004 743 1043 Cl.
774 1005 813 1044 le
844 1005 977 1055 Beau,
1018 1005 1194 1044 IIistoire
1221 1007 1274 1045 da
1301 1006 1558 1061 Bas-Emp.
1593 1008 1646 1046 T.
1681 1008 1802 1048 VIII.

369 1072 411 1111 p.
429 1059 524 1112 319.
581 1060 737 1099 Deinde
767 1066 857 1113 post
884 1060 983 1098 duos
1013 1073 1138 1099 annos
1169 1060 1247 1099 alia
1276 1063 1394 1099 etiam
1423 1064 1616 1100 concitata
1642 1062 1716 1100 fuit
1742 1077 1806 1101 se-

371 1113 469 1151 ditio
488 1143 500 1163 ,
538 1127 585 1152 eo
614 1114 874 1167 periculosior
892 1143 903 1164 ‚
944 1129 1026 1167 quo
1052 1116 1209 1154 saevius
1237 1122 1333 1154 tunc
1365 1116 1621 1155 incumbebat
1648 1118 1805 1156 Isauro-
1918 1111 1924 1166 l

370 1182 460 1206 rum
480 1167 658 1220 bellum3
691 1169 743 1208 cf.
782 1170 952 1208 eundem
982 1170 1033 1208 T.
1061 1171 1181 1209 VIII.
1216 1184 1257 1223 p.
1273 1170 1368 1209 326.
1425 1171 1487 1209 De
1514 1172 1643 1222 prima
1670 1179 1805 1211 antem
1919 1170 1924 1190 ⁵

371 1223 564 1262 seditione
609 1224 674 1262 hic
716 1223 895 1278 loquitur
938 1224 1172 1277 Procopius.
1247 1226 1415 1264 loannes
1457 1225 1604 1264 Malaia
1643 1227 1684 1264 in
1731 1240 1805 1265 sua

370 1276 697 1332 Chronographia
725 1278 796 1318 lib.
817 1275 881 1325 ις’.
913 1280 1034 1332 μὸὃ.
1052 1279 1114 1318 ed.
1146 1279 1349 1318 Venetae:
1391 1279 1527 1333 ἐφίλει
1555 1278 1600 1318 δὲ
1626 1278 1650 1318 ὅ
1679 1274 1807 1327 αὐτὸς

370 1330 568 1382 βασιλεὺς
609 1330 655 1372 τό
693 1328 883 1374 Ῥούσιον
916 1334 1042 1387 μέρος
1081 1330 1578 1381 Κωνσταντινουπόλεως·
1634 1338 1719 1381 τοῖς
1757 1333 1805 1373 δὲ

369 1385 608 1439 Πρασίνοις
664 1385 738 1427 καί
779 1389 973 1435 Βενέτοις
1000 1389 1194 1441 πανταχῆ
1220 1384 1463 1441 ἐπεξήρχετο
1494 1386 1807 1436 στασιάζουσιν.

369 1439 422 1479 V.
454 1441 608 1481 Victor.
640 1443 903 1482 'I'unnunens.
935 1457 975 1495 p.
1009 1444 1105 1495 537.
1531 1449 1533 1451 ’

480 1497 583 1549 Pag.
606 1496 698 1545 500,
723 1497 762 1548 4.
820 1499 882 1538 Cf.
905 1498 968 1536 Cl.
991 1497 1028 1536 le
1054 1498 1160 1536 Beau
1182 1497 1231 1536 T.
1254 1497 1372 1536 VIII.
1395 1511 1437 1550 p.
1456 1496 1551 1536 326.

483 1551 584 1604 Pag.
607 1551 699 1601 500,
731 1552 773 1591 6.
831 1554 963 1592 Locus
1003 1559 1242 1605 corruptus:
1284 1551 1387 1590 forte
1414 1557 1503 1604 post
1535 1548 1803 1603 προσταγμά-

369 1619 453 1644 των
479 1607 589 1645 deest
616 1608 788 1659 σχῆμα,
828 1607 894 1647 vel
918 1605 1042 1646 ἐἰκών
1060 1639 1072 1658 ,
1109 1606 1174 1646 vel
1202 1606 1299 1658 quid
1329 1606 1482 1656 simile3
1519 1619 1614 1644 nam
1642 1619 1708 1643 eos
1737 1620 1803 1644 ex-

368 1659 480 1700 hibet
509 1661 634 1700 veluti
663 1669 814 1700 actores
840 1662 1036 1715 tragicos,
1086 1663 1311 1713 impositam
1352 1675 1491 1714 regum
1519 1673 1731 1712 personam
1759 1661 1804 1698 in

369 1728 486 1755 scena
514 1717 765 1755 sustinentes.
799 1717 853 1755 Hi
882 1724 1015 1755 autem
1042 1715 1235 1755 horumce
1264 1716 1492 1754 Isaurorum
1512 1715 1648 1763 duces,
1677 1723 1804 1765 στρα-

368 1769 506 1821 τηγῶν
538 1763 682 1822 ὄχλος,
721 1785 742 1809 a
773 1771 832 1814 Cl.
870 1771 908 1810 le
936 1772 1042 1810 Beau
1081 1777 1337 1810 recensentur
1394 1770 1570 1808 Histoire
1596 1768 1651 1806 du
1689 1769 1803 1806 Bas-

313 1857 317 1862 ,
369 1824 492 1879 Emp.
525 1826 574 1864 T.
601 1825 718 1864 VIII.
751 1840 793 1878 p.
817 1827 911 1867 323.
933 1841 994 1880 sq.
1053 1826 1229 1865 Huiusce
1257 1823 1352 1863 belli
1382 1825 1576 1878 originem
1603 1822 1697 1862 vide
1725 1823 1803 1862 ibi-

370 1879 462 1918 dem
522 1908 532 1918 .
558 1881 630 1919 321
654 1903 706 1909 —-
726 1879 822 1920 323.

224 1936 304 1979 rag.
321 1938 366 1972 36
486 1894 588 1987 ἔας.
604 1936 694 1983 500,
725 1937 783 1975 ῐ3.
815 1936 878 1974 Cf.
903 1935 964 1974 Cl.
994 1935 1030 1974 le
1051 1935 1158 1973 Beau
1179 1936 1229 1973 T.
1249 1935 1368 1974 VIII.
1390 1947 1431 1985 p.
1460 1931 1552 1984 554.
1583 1938 1673 1984 post
1690 1931 1802 1970 Mar-

369 1988 558 2028 cellinum
589 1990 784 2028 Comitem
813 1991 854 2029 in
884 1990 1083 2028 Chronico
1122 2003 1213 2042 pag.
1253 1989 1345 2040 284.
1372 1989 1424 2027 T.
1466 2002 1505 2026 2.
1553 1987 1615 2025 ed.
1653 1987 1798 2025 venet.

370 2045 553 2097 Operum
585 2044 801 2084 Sirmondi.

487 2099 698 2151 Pag.5oo‚
723 2099 783 2138 16.
845 2099 1052 2138 Choricius
1080 2100 1123 2136 in
1147 2099 1328 2137 oratione
1365 2100 1407 2136 in
1442 2096 1615 2135 Aratum
1655 2095 1800 2134 ducem

371 2162 410 2193 et
438 2154 478 2192 in
507 2154 778 2207 Stephanum:
817 2149 841 2205 ἢ
871 2153 944 2192 τοῦ
972 2151 1154 2204 πολέμου
1185 2150 1313 2206 φύσις
1349 2147 1550 2202 σωμάτων
1576 2148 1655 2200 μὲν
1682 2146 1797 2208 loting,

369 2204 533 2260 γνώμης
562 2208 607 2248 δὲ
644 2211 811 2261 κρατεῖν
839 2206 888 2246 οὗ
918 2208 1043 2260 φιλεῖ.

479 2263 583 2316 Pag.
614 2262 714 2317 500,
750 2277 813 2316 ¹7·
870 2262 1018 2300 Contra
1045 2261 1105 2300 CI.
1136 2260 1174 2300 le
1197 2261 1303 2299 Beau
1332 2261 1384 2299 T.
1414 2260 1528 2299 VIII.
1566 2274 1607 2312 p.
1635 2257 1730 2298 555.
1761 2265 1802 2296 et

370 2330 490 2371 supra
516 2332 556 2370 p.
578 2316 669 2369 324.
728 2317 824 2357 Vid.
854 2316 1043 2355 Malalam
1071 2316 1113 2355 in
1143 2314 1473 2369 Chronographia
1500 2329 1541 2367 p.
1571 2313 1622 2353 58
1650 2320 1690 2352 et
1729 2314 1798 2366 39.

370 2373 434 2411 ed·
465 2374 712 2479 &git-500,
749 2441 815 2466 20.
892 2426 993 2471 Ταῖς
1032 2422 1260 2478 ἀδελφαῖς,
1309 2424 1350 2463 id
1397 2429 1456 2463 est
1504 2425 1597 2469 ταῖς
1637 2423 1799 2468 λοιπαῖς

370 2480 547 2534 ἀρεταῖς.

477 2536 576 2588 Pag.
596 2534 743 2586 501‚4.
803 2534 910 2574 Male
935 2535 974 2573 in
1003 2535 1103 2573 Cod.
1134 2526 1259 2575 ῧντοε.

478 2590 576 2643 Pag.
594 2589 687 2639 501,
724 2604 784 2628 10.
842 2591 975 2652 Lego:
1011 2583 1079 2628 οἶα
1119 2584 1257 2640 πατὴρ
1287 2582 1472 2639 ἀγαθὸς,
1520 2583 1579 2632 αἶς
1620 2580 1796 2625 σεαυτὸν

371 2643 554 2695 ἒκάλειςι,
583 2646 816 2697 σωφρονεῖν
843 2656 969 2693 μονον
995 2637 1238 2688 παιδεύσας.
1601 2689 1610 2703 Ι
1795 2692 1797 2695 ¹

472 2700 574 2753 Pag.
602 2698 693 2746 501,
726 2713 787 2736 11.
846 2699 968 2736 Forte
995 2698 1060 2736 hic
1088 2710 1163 2736 vox
1192 2697 1333 2735 omissa
1362 2702 1444 2742 est,
1488 2702 1532 2734 ut
1560 2696 1702 2758 πολιν,
1731 2692 1797 2733 ve}

372 2755 469 2808 quid
495 2754 647 2806 simile3
677 2752 739 2793 vel
767 2753 899 2805 potius
926 2752 1135 2805 legendum
1163 2748 1236 2791 καί
1261 2749 1379 2790 πόλιν
1406 2763 1480 2803 pro
1507 2748 1580 2788 καί
1605 2749 1758 2800 παλιν.·
