1924 3164
307 149 422 217 324
877 163 1158 207 nxcmTA

120 275 290 324 A.C.577
307 271 447 322 αἰτία,
477 263 548 325 τῆς
564 268 890 323 Περσαρμενίας
919 283 965 309 τε
990 266 1065 309 ’καὶ
1084 266 1266 322 Ἰβηρίας
1292 267 1410 308 ἕκατι
1447 264 1522 321 τὴν
1548 263 1667 309 πόλιν
1691 262 1738 309 vti
1782 291 1787 305 .

109 324 241 404 Ῐωῐῑῐὲἆζ
258 333 450 408 ΙΞΔοὶρας
475 333 592 389 παρὰ
624 335 743 388 σφῶν
771 329 1104 387 ἀντιλήψεσθαι,
1132 330 1280 386 ἥκιστα
1307 332 1385 384 μὲν
1411 334 1489 373 τοῦ
1515 332 1739 388 κερδαλέον

186 383 266 406 mn
301 397 432 456 χάριν
451 415 463 427 ·
506 399 556 439 οὖ
584 396 662 453 γὰρ
695 395 746 452 δή
758 413 816 439 ·-τι
845 395 889 439 τό
919 398 1068 453 Δάρας
1092 397 1124 452 ἡ
1154 395 1271 445 πόλις
1300 397 1343 445 ἐς
1367 394 1508 452 ἕτερόν
1532 393 1572 439 τι
1599 392 1740 452 ὄνησι-

303 463 433 523 φόρος
462 461 490 519 ’ἢ
517 465 573 520 τῷ
602 463 900 519 ἀσφαλέστατα
934 462 1045 516 ἔχειν
1073 460 1145 504 καί
1169 464 1243 518 τῆς
1271 459 1353 503 ὗπό
1377 460 1608 515 Ῥωμαίους
1632 458 1739 520 ἑῴας

303 529 442 586 ὥσπερ
471 546 512 572 τι
540 527 676 584 ἔρυμα
705 530 1033 584 προβεβλῆσθαι.
1072 523 1181 582 Δἅμα
1219 523 1296 570 οὖν
1333 526 1379 570 τὸ
1423 525 1620 582 ἀτύχημα
1649 523 1771 572 οὔτέ-5

301 599 462 639 σασθαι
506 592 758 649 βουλόμενος
803 595 860 652 τῷ
898 590 1174 650 ἀπειληφέναι
1206 590 1450 646 ςΡωμαίους
1489 591 1542 636 τὰ
1587 595 1740 646 οἰκεῖα,

300 659 390 714 ἅμα
435 659 481 702 δὲ
522 659 596 701 καί
628 661 790 715 μηδένα
819 662 1034 716 σπινθῆρα
1061 663 1137 707 τοῦ
1163 661 1346 713 πολέμου
1376 663 1618 701 καταλιπεῖν
1644 659 1740 701 ἐθέ-

299 731 404 779 λων,
434 726 538 781 ἔγνω
571 722 878 768 ἀνασώσασθαι
915 725 962 767 τὸ
992 723 1139 781 Δάρας
1165 721 1194 781 ἢ
1218 723 1436 782 χρήμασιν
1461 720 1586 781 ἤγουν
1612 721 1740 782 ἑτέρῳ

303 791 442 850 τρόπῳ
469 794 562 838 τινί.
617 790 716 847 περὶ
747 792 826 845 μὲν
865 786 940 832 οὖν
983 793 1056 832 τοῦ
1076 818 1080 822 »
1091 793 1247 846 χρῆναι
1275 793 1319 842 ἐξ
1349 792 1557 844 ἰσοτιμίας
1581 788 1658 845 τὴν
1683 790 1742 851 εἰ-

306 857 434 915 ρήνην
463 861 708 913 προελθεῖν,
752 858 852 911 πρίν
888 852 917 911 ἢ
953 858 1223 912 διακριθῆναι
1260 856 1333 899 τὸν
1361 857 1405 899 ἐν
1437 856 1637 913 Ἀρμενίᾳ
1665 854 1796 898 πό-ιο

303 928 426 977 λεμον
455 922 588 965 ἐδόκει
616 924 690 964 καί
716 922 932 973 ξυνέθεντο
948 925 1133 978 Πέρσαι.
1167 923 1474 975 μελλόντωνδὲ
1503 918 1600 964 ὅσον
1627 917 1741 965 οὔπω

257 989 623 1044 Βπαραχωρῆσαι
649 988 882 1042 “Ρωμαίοις
916 989 990 1030 καί
1031 990 1110 1030 τοῦ
1147 982 1359 1043 Δάραςῆ
1399 987 1567 1036 οὐδενὸς
1615 980 1744 1042 ἤγουν

301 1051 508 1110 ὃλιγίστης
533 1052 714 1110 χρυσίου
744 1051 999 1108 ποσότητος,
1043 1047 1217 1108 εὔδηλον
1257 1047 1301 1094 ὃν
1327 1050 1531 1109 πρότερον
1558 1053 1744 1109 ἀφιστα-

300 1122 442 1174 μένων,
471 1117 700 1173 “Ρωμαίων
730 1121 1057 1174 Περσαρμενίας
1084 1120 1158 1160 καί
1180 1117 1361 1174 Ἰβηρίας
1371 1151 1384 1171 ,
1431 1120 1476 1160 ἐν
1517 1112 1551 1177 ᾧ
1577 1117 1629 1161 τὰ
1655 1133 1743 1160 τοι-

302 1185 380 1228 α’δε
409 1184 450 1227 οἱ
477 1187 521 1236 ἐξ
547 1182 753 1240 ἑκατέρων
785 1183 1073 1238 διαλεγόμενοι
1100 1185 1316 1239 πρέσβεις,
1356 1186 1495 1238 γέγονε
1537 1183 1587 1227 τὰ
1635 1182 1798 1226 κατὰ15

302 1250 380 1306 τὴν
401 1247 631 1307 Ἀρμενίαν
657 1248 918 1304 ξυμπλοκην,
947 1251 992 1292 ἐν
1019 1245 1050 1306 ᾗ
1073 1248 1429 1305 ’προσπταίσαντες
1459 1250 1496 1292 οἱ
1533 1251 1745 1304 “Ρωμἀῑόι

302 1318 494 1371 μεγάλως
529 1315 645 1371 παρὰ
687 1315 792 1357 πολύ
833 1317 906 1370 τῆς
945 1316 1110 1364 ἐλπίδος
1155 1316 1198 1363 ἐς
1236 1313 1283 1356 τὸ
1321 1311 1443 1370 ἧττον
1491 1315 1744 1372 ὦλίσθησαν.

303 1381 370 1424 διὸ
409 1381 459 1438 δὴ
499 1381 590 1434 τῶν
625 1384 811 1437 Περσῶν
850 1387 943 1429 ταῖς
981 1382 1230 1437 εὐπραγίαις
1271 1382 1535 1437 ἐπηρμένων,
1577 1379 1745 1437 ὃσφῶν

302 1445 501 1502 βασιλεὺς
529 1446 710 1503 ἔφασκεν
731 1442 838 1495 ὅλως
864 1445 963 1502 περὶ
987 1445 1031 1487 τὸ
1058 1445 1133 1500 την
1161 1444 1283 1487 πόλιν
1303 1445 1350 1488 τὸ
1374 1444 1523 1501 Δάρας
1549 1449 1744 1499 ἐνδοῦναι

297 1513 531 1567 Ῥωμαίοις
572 1510 635 1567 μὴ
673 1513 925 1561 ἐνδέξασθαι
961 1510 1080 1565 λόγον
1105 1509 1211 1556 τινά.
1270 1510 1400 1561 αΰτὸς
1426 1514 1507 1565 μὲν
1530 1511 1611 1567 γάρ
1641 1512 1799 1558 κατάαο

304 1577 379 1622 τὸν
411 1577 546 1620 κοινὸν
572 1579 649 1619 τοῦ
691 1579 874 1629 πολέμου
903 1572 1065 1630 θεσμὸν
1092 1579 1165 1634 βίᾳ
1193 1578 1266 1618 καί
1292 1576 1469 1630 δυνάμει
1496 1579 1646 1629 ἐξελεῖν
1673 1580 1747 1620 και)

183 1652 295 1688 1).υὸ
306 1642 650 1703 προσκτήσασθαι
674 1642 720 1686 τὸ
750 1643 898 1699 Δάρας
924 1642 1241 1699 ἐπισχυρίζετο·
1276 1641 1374 1692 τούς
1401 1645 1448 1685 δέ
1473 1661 1517 1698 γε
1552 1644 1745 1698 ζΡωμαί-

401 1725 452 1759 ι3.
504 1721 663 1776 εῇδηλον
696 1719 762 1769 ὂν]
791 1720 964 1763 δηλονότι
990 1723 1082 1755 coni.
1110 1722 1148 1754 Β.
1243 1722 1294 1756 15.
1321 1721 1559 1768 διαλέγονται
1586 1723 1680 1758 coni.
1704 1724 1743 1756 B.

393 1770 585 1849 ἤδκαταιτ.
614 1767 664 1806 Ἀ.
692 1766 889 1815 συμπλοκὴ
915 1767 1008 1802 coni.
1033 1768 1070 1802 B.
1191 1779 1244 1802 21.
1272 1763 1422 1815 θεσμὸν
1447 1769 1628 1811 Cantocl.,
1652 1771 1745 1816 θερ-

395 1829 425 1864 μ
452 1828 474 1851 ν
496 1827 541 1849 vu
560 1827 590 1861 g.
1128 1828 1131 1831 ·

302 1874 359 1908 ria
383 1873 558 1919 oppidum
582 1873 693 1905 Daras
718 1880 738 1903 a
761 1871 886 1905 Persis.
901 1871 1060 1905 vicissim
1085 1871 1280 1916 acciperet:
1315 1883 1389 1905 non
1423 1872 1521 1919 quod
1544 1874 1583 1907 in
1609 1882 1652 1907 eo
1677 1883 1744 1918 op-

331 1920 392 1954 ido
417 1924 608 1967 quaestum
633 1918 787 1951 faceret:
816 1929 898 1950 nam
917 1918 1013 1951 nihil
1036 1917 1138 1950 aliud
1164 1919 1332 1952 utilitatis
1359 1918 1428 1952 hoc
1451 1919 1623 1964 oppidum
1637 1931 1743 1964 prae⁴

334 1972 390 2008 et,
407 2006 409 2008 Ι
427 1978 534 2012 quam
557 1965 657 2011 quod
694 1964 977 1998 munitissimum
1005 1970 1059 1997 cst
1090 1968 1128 1996 et
1160 1966 1422 2009 propugnaculi
1453 1967 1533 1999 loco
1559 1966 1742 2001 Orientali

303 2014 457 2048 Romani
481 2013 627 2058 imperii
650 2012 767 2056 parti:
809 2011 873 2045 sed
905 2011 975 2045 hoc
1006 2010 1162 2044 adversis
1192 2012 1431 2045 Romanorum
1465 2012 1571 2046 rebus
1607 2013 1740 2046 solatio

306 2071 384 2094 esse
408 2061 542 2101 voluit,
569 2058 668 2103 quod
693 2067 757 2090 sua
782 2063 1056 2102 recuperarent,
1085 2057 1191 2090 simul
1216 2063 1253 2091 et
1275 2058 1409 2092 nullam
1435 2059 1524 2093 beni
1547 2059 1741 2094 scintillam

305 2107 514 2153 relinquere
551 2104 727 2149 cupiebat„
778 2104 828 2136 Ea
865 2104 909 2138 de
943 2115 1047 2137 causa
1074 2104 1185 2137 Daras
1217 2105 1376 2149 recipere
1407 2111 1470 2138 aut
1493 2106 1656 2150 pecuniis
1679 2111 1743 2140 aut

308 2153 382 2186 alio
410 2152 537 2199 quovis
561 2151 669 2184 modo
695 2149 875 2184 studebat.
923 2151 1047 2183 Pacem
1076 2150 1188 2193 igitur
1215 2150 1334 2184 facere
1367 2153 1492 2197 aequis
1518 2153 1743 2186 conditioni-

305 2199 396 2239 bus,
433 2206 627 2244 antequam
647 2197 746 2231 bello
770 2197 809 2230 in
833 2197 1002 2230 Armenia
1025 2197 1281 2237 decertaretur,
1304 2198 1476 2237 lubebat,
1501 2203 1538 2231 et
1561 2200 1743 2233 assentie-

309 2246 445 2280 bantur
479 2247 617 2280 Persae.
665 2243 738 2277 Sed
772 2254 883 2288 quum
921 2245 1045 2277 Persae
1077 2244 1149 2276 iam
1183 2244 1222 2275 in
1256 2254 1299 2277 eo
1325 2251 1466 2284 essent,
1501 2249 1542 2277 ut
1572 2247 1741 2280 Romanis

313 2292 488 2337 oppidum
520 2294 632 2326 Daras
664 2290 856 2330 cederent,
886 2294 950 2322 aut
983 2290 1107 2329 nulla,
1143 2295 1206 2322 aut
1233 2290 1561 2336 quantulacumque
1595 2299 1742 2338 accepta

311 2340 488 2384 pecuniae
513 2349 669 2378 summa,
696 2336 848 2370 simulac
872 2341 1073 2377 constaret,
1101 2336 1276 2370 Romanos
1290 2337 1457 2371 Armenia
1485 2344 1521 2371 et
1545 2338 1664 2372 Iberia
1677 2351 1740 2373 ex-

314 2386 483 2425 cessisse,
516 2391 553 2418 et
576 2395 687 2429 quum
716 2383 806 2416 haec
837 2382 946 2427 legati
975 2385 1072 2416 inter
1100 2393 1136 2415 se
1169 2383 1432 2427 disceptarent,
1463 2390 1661 2429 pugnatum
1686 2390 1743 2419 est

313 2432 353 2465 in
376 2431 564 2470 Armenia,
591 2431 629 2463 in
655 2441 724 2474 qua
747 2440 866 2473 pugna
882 2429 1034 2461 multum
1061 2440 1124 2462 sua
1149 2440 1211 2473 spe
1235 2430 1446 2463 exciderunt
1464 2432 1630 2465 Romani:
1655 2443 1740 2465 nam

313 2478 399 2511 victi
417 2477 585 2522 caesique
598 2483 691 2509 sunt.
740 2476 868 2520 Itaque
896 2487 973 2508 cum
987 2475 1112 2508 Persae
1137 2486 1180 2507 ex
1193 2475 1359 2508 secundis
1381 2479 1453 2509 suis
1466 2477 1572 2511 rebus
1594 2479 1742 2523 spiritus

315 2524 570 2568 stimpsissent‚
595 2533 657 2554 rex
677 2530 799 2554 eorum
826 2521 939 2560 dixit,
965 2533 1001 2554 se
1025 2532 1209 2565 nunquam
1223 2533 1406 2566 passurum
1426 2548 1435 2563 ‚
1462 2524 1570 2557 ullam
1585 2525 1742 2560 mentio-

315 2582 399 2605 nem
425 2570 469 2603 ‹le
496 2568 630 2613 oppido
656 2568 767 2600 Daras
793 2567 958 2601 Romanis
984 2566 1148 2600 dedendo
1172 2568 1271 2607 fieri,
1297 2568 1394 2613 quod
1419 2570 1452 2602 vi
1479 2576 1516 2603 et
1538 2572 1671 2604 virtute
1687 2583 1744 2606 'ex

316 2616 499 2652 communi
509 2615 598 2648 belli
614 2615 691 2658 lege
704 2614 857 2657 cepisset
867 2619 904 2647 et
919 2613 1146 2647 obtinuisset.
1174 2615 1348 2648 Romanos
1363 2627 1446 2648 vero
1461 2624 1582 2651 contra
1597 2617 1746 2652 foedera

315 2663 596 2699 Persarmeniam
623 2666 660 2692 et
680 2659 833 2692 Iberiam
846 2660 892 2693 ad
912 2660 1149 2694 defectionem
1165 2661 1348 2701 excitasse,
1372 2668 1408 2696 et
1423 2665 1543 2696 earum
1558 2665 1746 2709 regionum

318 2710 477 2753 incolas,
501 2708 566 2756 qui
589 2707 738 2741 aPersis
755 2705 994 2749 deficiebant,
1018 2708 1113 2741 tueri
1126 2711 1163 2741 et
1186 2708 1377 2753 suscipere.
1405 2709 1533 2757 Itaque
1557 2711 1750 2747 barbarum
