1924 3164
633 170 667 211 E
703 168 875 211 PRISCI
913 166 1187 211 HISTORIA.
1520 169 1592 203 20
1607 168 1625 203 1

188 272 569 330 παραστησάμενος
595 269 693 312 οἷντὶ
718 271 844 327 φίλου
874 269 1076 326 δεσπότης
1101 266 1308 324 ἒπανηᾜει.
1346 268 1421 310 νῦν
1446 269 1526 320 μὲν
1552 266 1630 323 γὰρ
1642 279 1810 325 A.C.448

192 338 242 381 τὸ
267 341 446 394 χρυσίον
473 339 722 391 κομίζεσθαι
751 340 854 392 παρ’
883 333 1024 378 αὐτῶν
1061 338 1136 391 τῆς
1163 335 1285 387 (ἰξίας
1311 335 1430 377 ἕνεκα
1447 350 1460 361 ·
1506 333 1546 375 εἰ
1587 327 1823 419 δὲὲῗιῒοῑᾱᾼι

193 404 267 446 καί
291 405 503 460 Πάρθους
531 404 604 444 καί
628 402 809 458 Μήδους
836 403 909 445 καί
926 405 1104 457 Πέρσας
1130 396 1439 456 παραστήσοιτο
1457 431 1469 450 ,
1500 399 1637 441 οὔκετι

187 471 416 524 “Ρωμαίων
447 471 673 520 ἀνέξεσθαι
698 466 776 523 την
814 468 946 509 αὐτοῦ
982 469 1291 524 νοσφιζομένων
1323 462 1485 521 ἀρχὴν,
1528 463 1671 509 dinan

163 534 458 591 -5θεράποντας
484 534 724 591 περιφανῶς
751 532 1009 588 ἡγησάμενον
1027 533 1299 587 χαλεπώτερα
1327 529 1535 582 ἐπιτάξειν
1561 533 1638 575 καί

193 598 268 643 οὔκ
296 601 446 644 α’νεκτὰ
475 601 644 649 ἐκείνοις
674 597 946 653 ἐπιτάγματα.
973 593 1025 653 ἦν
1052 600 1099 640 δὲ
1128 598 1244 650 ἀξία,
1273 591 1322 652 ἧς
1351 595 1374 638 ὅ
1403 599 1634 639 Κωνστανψ

191 668 328 716 τίολος
356 666 625 721 ἐπεμνήσθη,
655 665 891 719 στρατηγοῦ
912 662 1165 717 “Ρῳμαίων,
1201 659 1254 718 ἧς
1280 662 1408 718 χάριν
1437 661 1458 703 ὃ
1488 661 1633 717 ’An-ti·-

190 735 268 781 λας
294 730 411 788 παρὰ
439 731 645 786 βασιλέως
672 731 861 772 ἐδέδεκτο
887 732 962 772 τοῦ
987 735 1074 782 τοῖς
1103 735 1348 785 στρατηγοῖς
1373 729 1633 784 χορηγουμέψ

190 812 265 839 νου
302 796 380 846 τοὶς
416 795 629 847 συντάξεις
666 797 968 849 ἐκπέμπεσθαι.
1023 795 1161 850 ἔλεγεν
1201 791 1278 837 οὖν
1314 793 1419 847 μετὰ
1449 793 1633 848 Μήδους

141 864 264 904 tonat*
289 861 498 918 Πάρθους
524 865 598 905 καί
626 862 804 918 Πέρσας
844 864 968 903 τοῦτο
995 859 1044 903 τὸ
1073 856 1215 915 ὄνομα,
1245 857 1346 916 ὅπερ
1378 855 1507 902 αὐτὸν
1533 857 1632 914 βού-

188 931 329 970 λονται
350 926 559 981 Ῥωμαῖοι
585 932 750 982 καλεῖν,
780 929 855 969 καί
878 925 951 982 την
983 927 1104 978 οἷξίαν
1120 961 1133 981 ,
1163 922 1190 984 ᾗ
1219 924 1346 968 αὐτὸν
1372 927 1632 980 τετιμηκέναι

183 996 455 1047 νομίζουσιν,
485 994 816 1047 ἀποσεισάμενον
854 993 1105 1047 ἀναγκάσειν
1131 994 1245 1049 σφᾶς
1273 988 1369 1034 οἷντί
1394 990 1632 1047 στρατηγοῦ

186 1061 366 1113 βασιλέα
396 1058 737 1115 προσαγορεύειν.
765 1055 846 1115 ἤδη
863 1057 945 1115 γάρ
974 1060 1048 1101 καί
1069 1060 1377 1112 χαλεπαίνοντα
1404 1059 1547 1109 εἰπεῖν,
1576 1056 1634 1104 ὦς

188 1123 329 1182 ἐκείνῳ
356 1126 435 1178 μὲν
463 1123 504 1167 οἱ
532 1126 667 1167 affro&
695 1124 945 1182 θεράποντές
977 1126 1060 1167 εἶσι
1085 1126 1316 1181 στρατηγοί
1328 1157 1341 1176 ,
1368 1119 1483 1181 adu?
1511 1123 1558 1164 δὲ
1587 1119 1664 1166 οἱῦ

140 1188 278 1239 ιότοῖς
313 1191 587 1244 βασιλεύουσι
618 1189 847 1244 Ῥωμαίων
886 1189 1103 1245 ὁμότιμοι.
1160 1189 1335 1232 ἔσεσθαι
1375 1190 1421 1231 δὲ
1459 1187 1536 1228 οὐκ
1571 1188 1632 1235 εἰς

186 1255 356 1312 μακροὶν
391 1259 467 1312 τῆς
507 1254 726 1312 παρούσης
766 1258 880 1314 αὐτῷ
922 1254 1138 1309 δυνάμεως
1167 1250 1369 1310 αὔξησιν·
1415 1253 1632 1308 σημαίνειν

186 1321 260 1364 καί
285 1324 406 1364 τοῦτο
434 1321 508 1364 τὸν
534 1320 636 1365 θεὸν
657 1321 704 1364 τὸ
729 1324 804 1365 τοῦ
836 1317 987 1378 ’Ἄρεος
1025 1321 1299 1377 α’ναφήναντα
1339 1319 1486 1375 ξίφος,
1527 1314 1629 1373 ὅπερ

186 1384 235 1429 ὃν
263 1385 376 1442 ἱερὸν
404 1387 478 1432 καί
502 1387 620 1442 παρὰ
659 1390 741 1432 τῶν
770 1389 989 1431 Σκυθικῶν
1023 1386 1232 1440 βασιλέων
1269 1383 1522 1439 τιμώμενον,
1562 1378 1632 1429 οἷα

187 1452 240 1508 δη
271 1455 327 1511 τῷ
352 1454 496 1512 ἑφόρῳ
524 1457 609 1496 τῶν
628 1456 818 1508 πολέμων
847 1453 1116 1507 ἀνακείμενον
1133 1486 1146 1507 ,
1175 1454 1220 1495 ἐν
1246 1457 1332 1501 τοῖς
1358 1451 1491 1493 πάλαι
1515 1451 1634 1507 ἄφα-

135 1521 388 1576 ῼΟνισθῆναι
412 1519 607 1576 χρόνοις,
638 1517 729 1563 εἶτα
760 1518 832 1563 διὰ
859 1518 959 1573 βοός
984 1516 1226 1575 εὑρεθῆναι.

298 1585 394 1628 Καὶ
436 1583 609 1628 ἑκάστου
649 1589 782 1641 λέγειν
828 1602 870 1628 τι
912 1584 1011 1641 περὶ
1054 1586 1138 1628 τῶν
1173 1584 1448 1629 καθεστώτων
1482 1586 1635 1637 βουλοψ

280 1677 312 1700 2.
338 1664 463 1699 αὕτῶν
488 1666 551 1706 Ν.,
575 1664 676 1711 αὐτῷ
699 1666 794 1711 vulg.
891 1667 923 1700 8.
948 1664 1017 1700 τοῦ
1045 1665 1109 1705 Ν.,
1132 1662 1175 1699 τὸ
1200 1665 1270 1702 τοῦ
1293 1665 1386 1710 vulg.
1509 1674 1561 1697 ια.
1586 1661 1636 1695 ἄ-

279 1711 489 1757 ναγκάσειν
513 1713 576 1754 Ν.,
603 1712 822 1758 ἀναγκάσας
856 1713 950 1758 vulg.
1051 1712 1104 1756 ¹4·
1130 1712 1168 1745 οἱ
1191 1717 1270 1749 τοῖς
1291 1714 1373 1755 βασ.
1397 1711 1459 1751 Β.,
1484 1709 1532 1743 ου’
1554 1714 1635 1746 τοῖς

281 1761 360 1802 βασ.
391 1759 485 1804 vulg.
602 1761 655 1797 16,
679 1762 880 1806 σημαίνειν
911 1779 954 1785 -
981 1758 1230 1805 ἀναφήναντα
1255 1756 1314 1800 Β.,
1341 1758 1565 1803 συμβαίνειν
1587 1775 1635 1782 -

279 1804 545 1850 α’ναφήναντος
567 1806 661 1849 vulg.
760 1818 810 1852 ¹7·
837 1805 878 1840 δὲ
899 1817 966 1851 pro
991 1808 1055 1840 καὶ
1079 1806 1173 1839 coni.
1200 1805 1233 1839 N

187 1870 262 1910 ret,
287 1870 324 1909 et
348 1876 369 1907 a
393 1866 500 1908 nobis
526 1867 566 1906 in
591 1867 676 1908 illos
701 1866 792 1900 belli
817 1868 951 1901 molem
986 1872 1183 1901 averteret:
1212 1865 1442 1903 „Verendum
1470 1869 1548 1906 est,
1572 1866 1634 1898 in-

187 1913 271 1958 quit
300 1911 592 1956 ConstantioluS‚
616 1923 675 1958 ne²
699 1914 814 1946 Persis
839 1914 946 1955 facile
974 1913 1137 1953 devictis,
1163 1922 1239 1945 non
1262 1912 1334 1944 iam
1357 1913 1512 1957 amplius
1538 1912 1636 1944 ami-

187 1971 263 2000 cus,
290 1958 354 1992 sed
388 1959 555 1994 dominus
582 1960 621 1998 in
641 1970 707 1993 nos
740 1961 974 2002 revertatur.''
1020 1959 1126 1992 Nunc
1157 1958 1254 2000 enim
1280 1969 1367 1992 auro
1393 1964 1540 2003 accepto
1565 1968 1632 2002 pro

188 2006 365 2051 dignitate
391 2018 473 2040 eum
507 2011 719 2046 contentum
746 2017 833 2041 esse.
891 2005 1034 2051 Quodsi
1069 2004 1222 2043 Medos,
1257 2004 1406 2046 Parthos
1441 2010 1478 2038 et
1509 2006 1633 2038 Persas

188 2052 393 2094 domuerit,
417 2053 567 2095 minime
603 2063 685 2088 eum
709 2053 948 2086 Romanorum
973 2064 994 2086 a
1017 2063 1081 2085 suo
1107 2053 1309 2091 seiunctum
1333 2062 1483 2097 regnum
1505 2063 1634 2096 passu-

187 2111 289 2140 rum,
318 2100 382 2141 sed
416 2110 476 2134 eos
503 2100 695 2140 manifesto
735 2110 855 2134 servos
881 2109 964 2132 suos
990 2102 1243 2142 reputantem,
1268 2099 1388 2142 gravia
1412 2099 1486 2132 illis
1514 2102 1551 2134 et
1575 2098 1634 2130 in-

186 2146 398 2184 tolerabilia
436 2148 699 2190 imperaturum
737 2156 827 2182 esse.
880 2146 1046 2189 Dignitas
1082 2150 1226 2185 autem,
1267 2144 1370 2178 cuius
1407 2145 1634 2178 mentionem

187 2192 458 2234 Constantiolus
484 2193 593 2235 fecit,
631 2198 708 2226 erat
732 2192 972 2235 Romanorum
1005 2192 1224 2225 exercituum
1257 2191 1381 2233 ducis,
1405 2202 1512 2237 quam
1534 2190 1634 2224 Atti-

186 2239 240 2282 las
264 2240 310 2271 ab
345 2241 566 2284 Imperatore
598 2245 809 2284 acceperat,
847 2244 885 2273 et
925 2237 1108 2288 stipendia
1145 2238 1245 2279 eius,
1279 2239 1344 2283 qui
1368 2239 1546 2272 exercitus
1572 2247 1631 2270 re-

211 2285 314 2327 ebat‚
338 2286 445 2327 missa
470 2286 542 2320 sibi
575 2297 651 2320 non
683 2287 882 2322 recusabat.
930 2283 1112 2318 Innuebat
1140 2284 1262 2328 igitur,
1289 2284 1464 2325 Attilam,
1488 2284 1631 2324 Medis,

186 2298 330 2374 {arthis
364 2338 400 2367 et
431 2334 546 2374 Persis
587 2333 766 2374 subactis,
791 2333 860 2366 hoc
883 2342 1038 2374 nomen,
1074 2342 1146 2380 quo
1166 2331 1335 2373 Romanis
1366 2331 1471 2365 illum
1504 2342 1631 2365 vocare

184 2379 314 2423 lubet,
338 2385 375 2413 et
407 2379 645 2424 dignitatem,
680 2391 787 2425 quam
824 2379 894 2412 illi,
920 2379 1125 2415 ornamenti
1165 2377 1246 2411 loco
1290 2389 1367 2412 esse
1402 2378 1633 2419 existimant,

187 2425 462 2470 repudiaturum
479 2453 489 2468 ,
516 2432 552 2460 et
576 2438 640 2473 pro
670 2427 760 2460 duc'e
793 2431 999 2460 coacturum
1025 2435 1085 2458 eos
1109 2434 1146 2463 se
1170 2434 1288 2468 regem
1313 2425 1507 2469 appellare.
1556 2425 1634 2457 Iam

186 2478 265 2505 tum
292 2474 387 2506 enim
411 2473 619 2521 indignatus
645 2472 811 2514 dicebat,
835 2473 893 2504 illi
917 2481 1036 2505 servos
1062 2481 1138 2506 ¹esse
1167 2472 1390 2506 exercituum
1416 2470 1536 2511 duces,
1561 2471 1634 2503 sibi

156 2547 158 2550 ,
185 2529 271 2552 vero
295 2520 394 2552 viros
419 2519 703 2565 Imperatoribus
729 2520 895 2553 Romanis
921 2518 1097 2562 dignitate
1124 2528 1238 2562 pares.
1287 2519 1333 2552 Et
1356 2517 1458 2551 brevi
1485 2517 1635 2563 quidem

187 2565 260 2598 sibi
291 2566 479 2609 potentiae
513 2567 755 2606 accessionem
787 2566 886 2606 fore,
922 2564 1022 2610 quod
1046 2570 1084 2598 et
1107 2563 1216 2605 deus,
1248 2564 1376 2598 Martis
1403 2575 1488 2598 ense
1513 2566 1552 2597 in
1575 2565 1634 2597 lu—

188 2622 266 2652 cem
290 2617 493 2655 protracto‚
525 2614 762 2657 portenderit.
823 2613 890 2646 Hic
925 2617 1098 2657 tanquam
1127 2621 1236 2644 ‘sacer
1272 2616 1309 2644 et
1357 2610 1426 2644 deo
1453 2611 1634 2644 bellorum

186 2657 346 2708 praesidi
387 2658 596 2701 dedicatus,
630 2671 650 2692 a
676 2659 888 2703 Scytharum
925 2658 1067 2704 regibus
1099 2658 1186 2691 olim
1211 2657 1423 2698 colebatur,
1448 2663 1485 2690 et
1507 2657 1634 2691 multis

186 2704 339 2749 saeculis
372 2717 446 2738 non
479 2708 598 2750 visu5‚
636 2707 738 2741 bovis
771 2706 974 2739 ministerio
1007 2706 1126 2738 suerat
1169 2710 1256 2738 tunc
1290 2705 1464 2750 temporis
1498 2709 1631 2736 erutus.

277 2751 372 2794 Dum
391 2754 442 2794 ita
460 2752 505 2794 de
529 2754 711 2800 praesenti
730 2764 850 2794 rerum
867 2757 963 2787 statu
983 2751 1278 2793 confabulamur‚
1312 2751 1511 2796 Onegesius
1536 2751 1631 2788 foras
