1924 3164
212 165 230 170 ·
447 162 506 206 m
549 159 829 206 memrm
866 160 938 204 m:
975 158 1386 204 LEeAnomssns.
1527 139 1639 198 535

305 266 410 319 Pag.
441 265 508 306 61.
539 267 587 306 Β.
629 267 757 322 [ι93,
799 265 890 321 22.]
945 264 1210 311 ἀνατιθέντες
1256 257 1399 318 ἆὸικιζι
1439 262 1642 319 σφετέρᾳ.

197 320 336 361 Scribe
364 318 660 372 ἀνατιθέντων,
688 337 800 361 more
834 322 986 370 Attico,
1022 334 1099 374 pro.
1134 313 1462 359 ἇνατιθέταωαν.

305 377 412 429 Pag.
431 376 502 415 61.
520 377 568 415 C.
597 376 715 430 [194.
739 375 799 430 7.]
838 376 976 415 Scribe
1005 373 1078 414 καί
1097 371 1177 424 οὐχ
1207 369 1266 420 ὥς
1289 372 1340 428 τῇ
1368 370 1499 412 αὑτοῦ
1535 379 1612 412 etc.

306 432 412 484 Pag.
436 431 505 471 62.
525 431 570 469 B.
596 432 715 485 [¹95²
748 430 828 485 17.]
863 423 896 485 ᾧ
925 427 998 470 καί
1024 425 1117 468 πότε
1137 425 1334 478 βούλεται
1355 425 1646 478 διαλέγεσθαι.ι

198 485 339 529 Scribe
372 481 419 527 οἷ
446 482 520 524 καί
543 483 665 535 πότε,
719 486 829 539 quod
867 486 975 525 idem
1013 484 1120 525 valet
1148 498 1194 521 ac
1222 485 1306 521 ποῖ.
1325 483 1390 521 Sic
1409 496 1531 534 supra
1552 482 1653 548 pagi

199 539 268 594 59.
300 542 347 580 B.
385 541 548 580 Priscus
585 541 708 579 dixit:
753 535 867 586 ὅπως
888 540 1038 594 ,γνούμ
1066 532 1112 578 οἷ
1128 534 1328 589 βούλεται
1351 531 1482 592 αὐτῷ,
1503 535 1575 577 καὶ
1599 551 1644 577 ο·-

197 593 296 635 πότε
324 593 366 641 ἐς
394 593 540 646 λόγους
565 594 715 636 ἐλθεῖν.

308 651 414 703 Pag.
449 649 516 689 66.
549 650 595 688 B.
637 649 750 703 [203‚
804 651 889 702 πμ]
934 646 1127 700 καθάπερ
1171 642 1244 687 ἐπὶ
1282 645 1366 685 τῶν
1403 639 1646 697 γαμούντων

190 699 394 757 ’Ἕλληνες
438 711 513 743 etc.
573 705 672 743 Tori
700 704 873 758 geniales
914 711 1001 742 tum
1030 702 1136 755 apud
1172 703 1372 748 Graecos,
1419 708 1507 738 tum
1535 700 1648 753 apud

199 760 366 798 Latinos
396 758 494 798 velis
522 773 569 798 ac
596 761 784 812 preciosis
814 759 993 798 vestibus
1011 757 1276 797 ornabantur.
1333 756 1462 794 Erant
1483 769 1646 808 quoque

197 814 346 867 gradus
374 814 567 864 eburnei,
597 815 744 867 quibus
773 814 1061 853 ascendebatur
1088 814 1132 852 in
1159 819 1326 862 torum,
1352 811 1540 852 Lucanus
1569 809 1646 855 lib,

200 882 238 908 2.
266 869 316 908 dc
344 868 446 908 lecto
475 868 645 922 geniali:
1458 881 1460 883 ’

464 947 517 954 -—
549 924 810 980 gradibza'qzoe
839 924 1003 962 acclivis
1030 923 1187 961 eburnis

307 978 397 1018 Stat
422 987 550 1027 torus,
587 988 624 1018 et
645 981 752 1034 picco
778 988 900 1025 vestes
924 979 1172 1017 discriminat
1197 990 1313 1018 auro.

199 1032 444 1073 Claudianus
474 1048 637 1087 quoque
666 1036 707 1072 in
725 1033 754 1072 l.
777 1048 817 1072 2.
848 1034 899 1072 de
923 1040 1041 1086 raptu
1058 1047 1070 1071 ε

461 1112 515 1119 --
551 1090 631 1127 alii
653 1099 891 1143 praetexere
918 1089 1039 1126 ramis

308 1143 488 1192 Limina,
516 1152 554 1182 ec
577 1145 620 1182 in
649 1144 832 1182 thalamis
859 1144 982 1182 cultas
1006 1141 1197 1181 extollere
1227 1150 1365 1182 vestes.

200 1199 304 1237 Vide
332 1198 681 1252 Theophylactum
712 1200 755 1236 in
796 1198 869 1236 lib.
899 1212 950 1247 1.,
982 1197 1052 1236 ubi
1081 1197 1307 1236 thalamum
1335 1195 1522 1235 Mauricii
1554 1196 1649 1235 Au-

199 1255 306 1306 gusti
334 1253 538 1308 describit.
597 1255 741 1292 Graeci
769 1249 984 1299 παστάδας
1019 1259 1163 1292 vocant
1200 1250 1429 1291 huiusmodi
1474 1251 1651 1303 geniales

201 1306 353 1358 lectos3
410 1303 598 1358 θάλαμοι
628 1322 724 1347 vero
753 1307 860 1360 apud
889 1322 954 1346 eos
983 1314 1076 1345 sunt
1104 1306 1305 1356 cubicula,
1336 1308 1375 1345 in
1394 1304 1541 1357 quibus
1559 1305 1646 1344 col-

199 1361 319 1402 locati
346 1370 440 1402 sunt
467 1363 510 1402 hi
539 1362 646 1402 lecti.
720 1363 787 1401 Sic
826 1362 994 1401 Basilius
1032 1364 1075 1400 in
1103 1361 1132 1400 l.
1156 1376 1196 1402 2.
1232 1362 1282 1401 de
1309 1360 1461 1401 Thecla
1489 1375 1578 1414 cap.
1601 1359 1641 1399 5.

200 1420 308 1458 etin
341 1417 370 1456 l.
401 1431 436 1456 ι.
466 1432 554 1470 cap.
583 1431 647 1456 12.
1344 1458 1347 1459 ⁷

310 1473 415 1526 Pag.
433 1472 498 1512 66.
521 1474 570 1511 D.
604 1471 720 1526 [20ss
738 1469 794 1524 8.]
825 1472 933 1526 Lege
970 1486 1062 1511 mco
1098 1471 1277 1524 periculo
1324 1466 1429 1510 κατὰ
1457 1465 1531 1522 τὴν
1561 1468 1647 1509 τῶν

199 1527 344 1570 θακῶν
389 1526 528 1575 τάξιν,
565 1541 648 1565 non
681 1526 856 1581 Θρᾳκῶν
875 1556 890 1576 ,
912 1534 958 1565 ut
986 1535 1044 1566 est
1064 1528 1104 1565 in
1125 1527 1300 1565 editione
1324 1525 1511 1578 vulgata,
1540 1538 1653 1577 quae

201 1582 467 1635 Interpretem
507 1581 660 1621 fefellit.
728 1582 840 1620 Infra
875 1582 957 1621 τῶν
988 1577 1156 1634 θρόνων
1197 1582 1308 1619 dicit.
1382 1578 1513 1618 Paulo
1554 1586 1646 1631 post

198 1637 455 1676 scribendum
476 1637 638 1676 videtur
664 1636 748 1676 τῶν
775 1636 828 1690 τῇ
864 1636 1013 1688 μαγίδι
1045 1635 1131 1690 ἰδίᾳ
1173 1632 1486 1685 ἐπιτιθεμένων.
1527 1636 1646 1673 Men-

199 1706 267 1730 sae
306 1693 414 1730 enim
442 1694 567 1730 ternis
609 1699 680 1730 aut
719 1691 922 1743 quaternis
962 1690 1143 1744 singulae
1185 1698 1300 1729 crant
1339 1690 1556 1742 appositae,
1588 1690 1647 1727 ita

203 1753 250 1784 ut
281 1748 450 1800 quisque
477 1747 519 1784 in
559 1746 672 1785 sedili
711 1760 784 1784 suo
826 1746 1031 1799 residens,
1062 1745 1115 1784 de
1143 1746 1340 1799 impositis
1376 1757 1538 1784 mensae
1566 1743 1648 1783 fer-

202 1799 304 1840 culis
332 1801 542 1840 commode
568 1814 726 1839 sumere
751 1807 898 1852 posset.

312 1856 417 1909 Pag.
437 1855 504 1909 67.
526 1855 573 1894 C.
610 1854 724 1910 [205,
758 1852 841 1907 21.]
871 1853 1042 1905 Ζέρκων
1074 1849 1100 1891 ὅ
1128 1848 1424 1904 Μαυρούσιος.
1477 1851 1546 1894 De„
1567 1850 1652 1891 hoc

203 1910 381 1949 Zercone
409 1912 554 1949 Mauro
579 1910 674 1949 vide
701 1911 866 1947 omnino
899 1909 1088 1955 Suidam,
1120 1909 1188 1960 qui
1206 1914 1334 1946 totam
1356 1906 1478 1944 huius
1497 1907 1645 1946 Zerco-

200 1966 264 2004 nis
292 1968 418 2005 vitam
447 1965 570 2004 refert
601 1979 647 2003 ex
674 1965 803 2003 Prisci
830 1963 1018 2002 Rhetoris
1044 1963 1209 2002 historia
1228 1992 1240 2011 ‚
1269 1969 1315 2000 ut
1342 1962 1436 2000 satis
1464 1969 1636 2001 constat.

312 2022 419 2074 Pag.
440 2019 510 2059 68.
536 2020 587 2059 D.
617 2019 736 2074 [207‚
770 2017 845 2072 17.]
877 2015 990 2070 παρὰ
1022 2015 1271 2066 ἆδα,ιιειτῶν.
1327 2017 1440 2055 Leve
1455 2016 1649 2056 mendum

200 2084 327 2116 totam
353 2077 590 2115 sententiam
622 2075 802 2126 corrupit
818 2103 830 2124 ‚
858 2073 967 2126 quod
995 2071 1228 2111 facillimum
1252 2077 1337 2110 erat
1370 2068 1454 2110 sola
1491 2071 1647 2110 disiun-

202 2132 335 2170 ctione
374 2130 599 2170 lit'terarum
649 2129 876 2168 emendare.
932 2127 1072 2167 Scribe
1112 2128 1258 2180 igitur:
1314 2122 1432 2176 παρὰ
1469 2121 1647 2175 :waima

204 2186 288 2226 τῶν
322 2180 455 2238 αὐτῆς
482 2180 740 2236 πραγμάτων
774 2182 846 2236 τὴν
884 2178 1113 2235 ἐπιτροπὴν
1153 2177 1315 2231 ἔχοντι,
1361 2180 1403 2219 id
1431 2187 1518 2230 est,
1545 2181 1647 2218 inte-

204 2243 285 2281 rim
298 2242 467 2288 Elaeam,
499 2253 605 2290 uxor
626 2237 791 2286 Attilae,
826 2252 896 2277 nos
922 2238 981 2277 ad
1008 2250 1171 2277 coenam
1199 2236 1387 2276 invitavit
1411 2237 1454 2274 in
1484 2234 1649 2274 aedibus

205 2295 379 2345 Atlanti,
407 2291 676 2349 procuratoris
701 2294 836 2347 ipsius.

314 2351 419 2402 Pag.
431 2350 500 2402 69.
521 2347 691 2403 13.[208‚
714 2349 797 2401 17.]
818 2343 887 2386 τὸν
911 2346 957 2386 δὲ
976 2345 1228 2397 Σατορνίλον
1247 2340 1444 2399 ἀνῃρήκει
1458 2339 1644 2395 Ἀθηνᾶς
1655 2347 1697 2380 V.
1727 2348 1792 2392 137

206 2401 234 2456 ἦ
276 2402 349 2444 καί
380 2398 576 2444 Εὖὸοκία.
629 2402 769 2441 Scribe
792 2399 1008 2454 Ἀθηναῒς.
1071 2402 1136 2440 Sic
1164 2400 1270 2449 enim
1297 2406 1442 2438 vocata
1469 2405 1530 2437 est
1558 2397 1646 2437 Eu-

206 2459 338 2508 docia,
368 2458 584 2498 Theodosii
615 2458 788 2496 Iunioris
816 2470 933 2504 uxor,
963 2464 1062 2495 teste
1075 2454 1257 2495 Cedreno
1277 2461 1319 2493 et
1335 2455 1509 2492 Zonara.
1562 2453 1648 2491 Pro

208 2513 412 2553 Saturnilo
439 2526 600 2566 quoque
628 2512 890 2550 Saturninum
915 2511 1034 2550 scribi
1062 2509 1238 2549 mallem.
1300 2509 1399 2548 Fuit
1438 2509 1546 2546 enim
1572 2506 1647 2545 Sa-

209 2569 399 2608 turninus
433 2569 577 2607 Comes
616 2567 939 2606 Domesticorum
955 2596 967 2616 ‚
1010 2567 1082 2619 qui
1125 2566 1318 2605 Severum
1357 2562 1646 2616 Presbyterum

207 2631 248 2663 et
277 2625 467 2662 Ioannem
493 2623 742 2670 Diaconum,
774 2636 874 2675 quos
902 2621 1081 2660 Eudocia
1114 2619 1295 2674 Augusta
1324 2618 1426 2657 urbe
1449 2618 1647 2655 Constan-

208 2678 376 2731 tinopoli
405 2677 723 2731 Hierosolymam
749 2691 882 2716 secum
913 2676 1163 2724 abduxerat,
1202 2676 1342 2713 missus
1381 2672 1433 2711 ab
1470 2672 1646 2724 Impera-

209 2740 296 2774 tore
323 2733 548 2775 Theodosio
577 2731 735 2773 occidit.
794 2731 914 2783 Quod
941 2731 1103 2785 indigne
1134 2731 1263 2771 ferens
1291 2727 1471 2772 Eudocia
1499 2725 1646 2766 mulie·
