1924 3164
309 151 417 206 260
891 164 1179 207 EXCERPTA
1234 180 1237 183 ·

119 270 287 320 A.C.‘481
304 269 546 325 βιαζόμενοι
572 269 792 321 ἐπενόουν,
837 263 943 308 ἀλλὰ
973 264 1142 315 κοντοὺς
1169 265 1361 320 ὑψηλούς
1398 265 1746 328 προπαρασκευά-

130 321 463 403 Ζεὲἲῒξσαντες,
490 334 602 377 λίνον
628 336 690 376 ἐπ’
718 328 862 386 ἄκροις
892 333 1033 380 αΰτοῖς
1061 328 1371 387 προσδήσαντες
1393 334 1466 374 καί
1487 336 1615 385 θεῖον,
1646 337 1747 374 πολ-

252 393 259 400 ’
306 400 406 451 λοὺς
435 397 549 455 εἶχον
577 397 791 452 ἑτοίμους,
822 398 865 439 εἴ
889 412 984 439 ποτε
1010 400 1249 451 βιασθεῖεν,
1270 393 1438 439 ἅπασαν
1466 398 1643 454 ὑφάψαι
1669 395 1745 452 τῆν

151 503 155 519 ε
199 464 435 524 Ρ-87πόλιν.
491 467 565 507 καί
601 464 624 506 ὅ
666 465 743 518 μὲν
783 465 1039 519 Θευδέριχος
1079 460 1209 512 οὕτως
1252 460 1519 519 ἀπεχώρησε.
1571 461 1668 512 τούς
1697 465 1744 505 δὲ

258 553 260 555 ·
299 532 399 588 περὶ
427 530 670 586 Προκόπιον
708 531 782 572 καί
824 527 1071 583 Βούσαλβον
1111 525 1310 578 πολλάκις
1338 531 1603 572 α’ποστέλλων
1629 526 1772 586 παράὄ

303 597 563 652 Θευδερίχου
593 593 748 653 ἐξῄτει,
786 593 984 650 ἔνδειγμα
1011 597 1082 650 τῆς
1108 594 1271 644 εὐνοίας
1299 594 1373 636 καὶ
1398 590 1640 644 εὖπειθειάς
1668 597 1748 637 αὖ·

294 662 375 708 τὸν
400 664 521 704 τοῦτο
548 662 677 712 οἷξιῶν
703 661 1016 717 παρασχέσθαι.
1075 660 1098 702 ὅ
1127 661 1174 702 δὲ
1201 657 1337 702 πάντα
1360 662 1440 714 μὲν
1467 657 1579 714 ἔλεγε
1606 661 1748 702 πείθε-

299 732 407 772 σθαι
434 730 492 784 τῷ
518 730 707 781 βασιλεῖ’,
738 725 797 781 μὴ
826 729 968 779 μέντοι
998 722 1111 768 ὅσιον
1138 727 1178 767 Γ
1176 724 1343 774 ότθοις,
1373 722 1511 781 ὥσπερ
1542 725 1643 768 οὐδὲ
1672 719 1746 767 ἅλ-

299 797 388 842 λοις
416 791 681 848 ἀνθρώποις,
725 790 864 841 ἱκέτας
899 793 974 833 καί
1009 792 1215 847 σωτηρίας
1245 791 1466 844 δεομένους
1497 787 1747 846 ἀνθρώπους

296 863 385 907 τοῖς
422 861 566 912 λαβεῖν
599 859 869 911 βουλομένοις
905 854 1119 901 ἐκδιδόναι
1156 857 1405 912 προχείρως.
1459 857 1532 914 ἒᾷν
1561 851 1637 897 οὖν
1667 856 1799 906 ati-10

295 922 393 972 ’τούς
420 923 563 978 ἤξίου,
592 922 740 978 μηδενὶ
765 920 872 977 πλὴν
898 917 925 977 ῆ
956 918 1035 963 ὅσα
1065 923 1138 979 ζῇν
1165 920 1375 977 ὀχληροὺς
1399 923 1633 975 ἐσομένους.
1675 919 1750 963 καὶ

299 988 340 1031 οἱ
381 990 460 1042 μὲν
499 985 607 1032 οὕτω
646 986 787 1046 βραχύ
828 1005 869 1031 τι
907 985 1053 1043 γήδιον
1090 984 1315 1042 νεμόμενοι
1356 986 1471 1044 παρὰ
1504 988 1746 1046 Θευδερίχῳ

295 1056 458 1110 διῆγον.
1586 1053 1597 1059 ”

429 1118 437 1133 Ι

108 1128 291 1175 Δ.(Ξ.475’
404 1138 454 1176 y.
500 1117 588 1163 Ὅτι
634 1118 784 1176 Ζήνων
828 1119 933 1176 οἷνῆρ
965 1115 1025 1163 (ὃν
1070 1115 1276 1173 ἀπόλεμος
1314 1115 1446 1174 ἄγαν,
1486 1121 1567 1162 ’καί
1592 1120 1747 1173 πολλῆς

116 1176 563 1258 zgssglfifg‘ffffl‘wx‘fflw
602 1187 791 1243 ταραχῆς
836 1183 1076 1242 ἐφεστώσης
1088 1218 1100 1240 ,
1138 1185 1243 1240 ἔγνω
1285 1184 1390 1241 πρὸς
1427 1183 1503 1228 τὸν
1527 1185 1799 1241 Βάνδηλονιό

256 1253 358 1302 Βεῖς
394 1249 657 1307 Καρχηδόνα
697 1248 1054 1307 πρεσβεύσασθαι.
1111 1252 1184 1292 καί
1211 1253 1395 1305 Σευῆρον
1421 1252 1466 1292 ἐκ
1493 1253 1566 1306 τῆς
1593 1251 1747 1305 βουλῆς

293 1315 554 1372 πρεσβευτὴν
591 1316 798 1373 αἱρεῖται,
837 1312 974 1372 ἄνδρα
1012 1316 1085 1358 καὶ
1113 1317 1368 1373 σωφροσύνῃ
1419 1318 1635 1373 διαφέρειν
1677 1317 1749 1357 δο-

185 1391 227 1429 V.
242 1385 451 1440 59κοῦντα
481 1383 555 1423 καί
578 1384 634 1439 τῷ
666 1382 827 1423 ἐθέλειν
853 1380 905 1423 τὰ
935 1383 1098 1432 δίκαια,
1149 1384 1222 1424 καί
1249 1384 1468 1438 πατρίκιον
1496 1380 1627 1423 αὐτὸν
1653 1396 1748 1422 ποι-

295 1446 404 1503 η’σας
435 1448 685 1500 α’ποπέμπει,
716 1444 825 1496 ὅπως
852 1449 897 1488 ἐκ
924 1450 999 1501 τῆς
1027 1444 1149 1497 ἆξίας
1176 1451 1252 1502 τῆς
1278 1449 1499 1502 πρεσβείας
1525 1445 1572 1489 τὸ
1603 1450 1747 1501 σχῆμα

295 1512 603 1556 κατασκευάσοι
630 1511 886 1567 σεμνότερον.
940 1511 1015 1554 καί
1039 1512 1060 1553 ὅ
1089 1514 1168 1566 μὲν
1197 1514 1468 1566 ἐξέπλευσεν,
1500 1511 1523 1553 ὅ
1554 1514 1601 1555 δὲ
1628 1510 1797 1560 Βάν-αο

298 1580 421 1633 δηλος
449 1577 624 1632 μαθών,
654 1575 718 1619 ὅτι
744 1575 837 1632 ἥξοι
872 1577 1093 1635 πρεσβεία,
1135 1575 1307 1634 φθάσας
1335 1576 1512 1620 ἔκπλουν
1539 1583 1742 1629 ποιεῖται,

296 1645 372 1684 καί
400 1640 630 1686 Νικόπολιν
657 1639 779 1685 εἷλεν.
835 1641 857 1684 ὅ
899 1645 946 1685 δὲ
977 1641 1236 1698 πρεσβευτής
1264 1645 1448 1699 Σευῆρος
1478 1641 1628 1697 διαβὰς
1658 1641 1740 1684 ἀπὸ

388 1728 428 1779 6.ἱ
447 1725 565 1804 ἐξῄρει
588 1727 625 1759 Β.
642 1751 652 1768 ,
676 1726 794 1770 ἐζήτει
816 1727 911 1772 vulg.
990 1739 1040 1765 ιο.
1067 1727 1134 1772 ἐᾷν
1157 1727 1214 1769 N„
1240 1719 1310 1763 ἐὰν
1331 1727 1425 1771 vulg.
1526 1728 1577 1762 18.
1603 1729 1651 1772 τῷ
1677 1727 1743 1768 Η.,

388 1783 432 1807 το
465 1784 511 1809 vu
530 1784 560 1818 g.

286 1848 459 1881 -animum
483 1857 587 1880 suum
612 1846 727 1880 Isauri
754 1845 952 1887 habebant,
980 1847 1009 1880 si
1033 1847 1068 1881 vi
1096 1850 1329 1891 cogerentur,
1356 1844 1454 1878 haud
1482 1844 1623 1890 placide
1649 1844 1741 1879 urbe

295 1893 434 1927 cedere.
483 1894 610 1939 Itaque
646 1897 771 1926 contos
810 1893 1050 1939 praegrandes
1076 1897 1398 1938 praeparaverant,
1434 1903 1589 1937 quorum
1612 1892 1651 1925 in
1678 1902 1741 1926 ex-

293 1946 410 1974 trema
434 1945 538 1984 parte
580 1940 696 1972 linum
733 1950 815 1973 cum
839 1941 1012 1984 sulphure
1039 1940 1296 1986 alligaverant,
1336 1943 1373 1972 et
1397 1939 1427 1971 si
1454 1938 1525 1972 sibi
1550 1940 1602 1972 vis
1627 1937 1742 1972 infer-

296 1991 417 2027 retur,
443 1987 641 2019 multorum
665 1986 821 2028 auxilio,
848 1998 937 2032 quos
963 1987 1035 2020 sibi
1064 1986 1376 2026 consociaverant,
1415 1984 1540 2018 urbem
1568 1985 1740 2018 incendio

296 2044 455 2066 cremare
495 2034 772 2066 constituerant.
818 2034 865 2067 Et
903 2034 952 2066 ita
979 2031 1254 2067 Theuderichus
1291 2032 1466 2065 discessit.
1523 2030 1739 2075 Procopium

295 2090 379 2113 vero
406 2085 443 2113 et
467 2078 661 2116 Busalburn
694 2080 838 2124 saepius
864 2091 883 2111 a
909 2079 1165 2113 Theudericho
1192 2079 1264 2112 sibi
1297 2077 1392 2112 tradi
1429 2078 1590 2122 petebat,
1633 2083 1674 2110 ut
1699 2078 1740 2112 in

295 2125 365 2160 hoc
390 2136 491 2158 suam
517 2137 598 2170 erga
634 2137 671 2158 se
695 2125 990 2160 benevolentiam
1016 2132 1053 2160 et
1078 2127 1294 2170 obsequium
1320 2124 1528 2158 declararet.
1577 2123 1648 2157 Sed
1673 2124 1737 2157 ille

294 2172 503 2216 respondit,
545 2183 582 2205 se
608 2171 756 2218 quidem
789 2173 827 2204 in
860 2173 1028 2206 omnibus
1054 2173 1150 2206 dieto
1177 2171 1387 2205 audientem
1412 2171 1488 2203 fore
1511 2169 1738 2214 Imperatori,

294 2222 417 2251 tamen
453 2218 554 2251 nefas
590 2228 668 2251 esse
693 2218 845 2260 Gothis,
883 2219 977 2253 sicut
1003 2225 1040 2252 et
1066 2219 1194 2252 ceteris
1217 2216 1455 2256 mortalibus,
1489 2217 1672 2261 supplices
1701 2222 1739 2250 et

295 2275 370 2304 εοε,
396 2266 458 2309 qui
485 2265 636 2297 salutem
661 2270 864 2309 precentur,
890 2265 965 2306 his,
992 2267 1055 2311 qui
1082 2277 1142 2299 eos
1168 2263 1472 2309 comprehendere
1483 2263 1627 2304 velint,
1651 2274 1738 2307 pro-

295 2309 390 2342 dere.
439 2311 507 2343 Eos
535 2311 644 2355 igitur
671 2316 711 2344 ut
735 2313 941 2351 omitteret,
967 2312 1112 2353 orabat,
1137 2312 1348 2357 praesertim
1366 2320 1444 2342 cum
1465 2309 1566 2342 nulla
1587 2321 1637 2348 re,
1664 2310 1737 2343 nisi

294 2356 395 2401 quod
423 2358 605 2397 viverent,
643 2362 763 2390 essent
787 2358 939 2391 molesti
973 2358 1106 2399 futuri,
1142 2358 1266 2391 et-illi
1305 2356 1451 2403 quidem
1489 2355 1586 2400 apud
1611 2355 1736 2389 Theu-

296 2401 506 2442 derichum,
532 2402 630 2448 quod
650 2404 832 2450 reliquum
850 2406 945 2438 vitae
961 2404 1045 2447 fuit,
1067 2405 1248 2439 modicum
1273 2413 1395 2448 agrum
1420 2401 1592 2444 colentes,
1617 2408 1737 2437 trana-

297 2460 317 2482 e
343 2453 457 2482 erunt.
681 2470 688 2476 -

320 2460 340 2492 g
388 2496 420 2529 3.
471 2492 560 2527 Cum
580 2496 687 2529 multi
708 2496 872 2542 undique
898 2498 1074 2531 tumultus
1101 2497 1216 2531 exorti
1241 2500 1379 2536 essent,
1404 2494 1560 2535 Zenoni,
1593 2493 1735 2528 homini

296 2540 490 2575 admodum
516 2541 683 2583 imbelli,
722 2544 822 2576 venit
854 2543 894 2575 in
917 2549 1074 2577 mentem
1098 2544 1144 2576 ad
1165 2542 1365 2576 Vandalum
1401 2541 1619 2586 legationem
1644 2541 1734 2575 Car-

294 2587 477 2634 thaginem
503 2587 663 2627 mittere,
691 2593 727 2620 et
738 2589 907 2623 Severum
932 2602 976 2623 ex
1007 2595 1133 2624 senatu
1158 2590 1313 2634 legatum
1340 2587 1479 2632 deligit,
1513 2587 1640 2626 virum,
1666 2588 1731 2632 qui

293 2634 536 2678 temperantia
555 2639 592 2666 et
615 2633 755 2667 iustitia
777 2641 959 2679 praestare
986 2636 1275 2670 existimabatur:
1300 2635 1444 2679 itaque,
1471 2638 1511 2666 ut
1537 2633 1750 2679 legationis·

294 2680 464 2725 dignitati
488 2680 604 2712 maius
631 2679 740 2713 decus
764 2680 934 2723 adderet,
971 2684 1160 2727 patricium
1187 2692 1266 2715 eum
1304 2681 1446 2713 creavit.
1492 2680 1536 2713 Et
1559 2679 1622 2713 ille
1647 2680 1733 2724 qui-

272 2726 374 2761 'dem
399 2726 586 2772 navigavit.
638 2724 709 2759 Sed
733 2726 937 2769 Vandalus,
963 2728 1027 2764 ubi
1059 2728 1187 2762 didicit
1211 2728 1430 2773 legationem
1455 2725 1500 2760 ad
1534 2736 1571 2758 se
1594 2727 1734 2768 venire,
