1924 3164
339 139 452 224 576
722 167 948 208 anrpi
987 160 1172 206 mnam
1212 165 1395 207 NOTAE
1411 132 1414 162 ³

335 271 399 310 De
428 270 556 311 Philis
590 270 693 311 nihil
732 270 877 309 addam
910 270 961 309 ad
990 284 1060 318 ea,
1106 284 1208 323 quae
1237 268 1483 324 collegerunt
1510 271 1590 311 duo
1623 271 1788 311 subacti>

334 341 427 366 cum
458 327 598 380 primis
624 325 760 364 iudicii
789 327 1012 379 scriptores,
1048 325 1319 378 Hieronymus
1357 325 1491 364 Surita
1521 327 1563 364 in
1593 328 1697 366 notis
1727 326 1799 366 ad-

335 382 590 420 Itinerarium
618 380 842 429 Antonini,
871 388 910 419 et
939 381 1136 419 Henricus
1159 379 1341 419 Valesius
1367 381 1409 419 in
1437 381 1703 421 animadvers.
1725 381 1778 421 ad

332 436 531 488 Excerpta
549 437 677 474 Prisci
697 435 816 474 Rhet.
845 449 888 488 p.
904 434 997 473 208.
1023 435 1207 474 editionis
1229 436 1374 488 regiae.

436 492 538 542 Pag.
562 491 622 529 13.
647 491 696 528 C.
715 489 830 544 [466⁹
846 489 932 543 23.]
948 491 1136 528 Liham'us
1156 491 1435 544 praestigiator
1460 498 1574 545 atque
1596 489 1779 545 &fideli-⁹.

335 545 446 584 Haec
481 546 533 583 ad
561 559 712 583 annum
746 543 843 596 421.
875 546 1039 583 omnino
1066 546 1291 598 pertinent,
1331 558 1412 597 quo
1444 544 1698 584 Constantius
1724 543 1777 584 ab

337 600 520 639 Honorio
547 599 730 653 Augusto
754 602 796 638 in
823 602 1150 641 communionem
1181 599 1346 638 honoris
1374 607 1495 653 atque
1521 599 1676 653 imperii
1699 599 1778 639 die

333 654 375 694 8.
402 655 613 694 Februarii
648 662 834 704 evectus,
874 655 1055 694 nondum
1083 655 1224 706 elapsis
1259 662 1409 706 septem
1438 655 1640 693 mensibus
1671 656 1776 694 inte·

332 710 413 762 gris
429 740 439 755 ,
469 710 534 748 die
554 710 728 748 secunda
748 710 990 762 Septembris
1013 710 1224 748 deffinctus
1249 716 1329 760 est,
1365 716 1411 748 ut
1441 723 1487 748 ex
1517 709 1777 763 Theophanis

333 764 538 803 Chronico
560 763 681 818 paulo
699 772 791 803 ante
811 764 1067 804 docebamus.
1760 776 1764 785 ³

443 821 546 872 Pag.
576 820 637 858 13.
659 820 708 858 C.
732 818 845 884 11467,
870 818 923 872 1.]
946 813 1238 865 Κωνστάντιος
1256 812 1463 869 Ἰλλυριὸς
1489 809 1543 869 ἦν
1575 814 1621 857 τὸ
1657 818 1775 870 γένος

331 871 413 913 ἀπὸ
435 873 660 914 Παναίσου
693 876 850 920 πολεως
879 874 948 926 τῆς
983 873 1167 920 Καὸίας.
1226 875 1332 926 Lege
1353 886 1443 911 meo
1472 872 1651 926 periculo
1693 867 1774 912 ἀπὸ

332 928 514 980 Ναίσου,
545 930 646 981 sive,
673 929 775 968 facta
805 929 1044 982 diphthongi
1070 928 1282 979 solutione,
1326 926 1492 967 Ναΐσου
1523 923 1681 980 πόλεως
1704 927 1778 981 τῆς

329 983 504 1029 Λακιάς.
560 985 714 1023 Naesus
734 1014 745 1034 ‚
774 985 856 1024 sive
878 984 1016 1022 Na’isus
1033 1014 1043 1034 ‚
1070 984 1234 1024 Na'i'ssus
1254 1013 1264 1034 ‚
1291 990 1361 1021 aut
1385 983 1554 1021 Nainsus
1574 982 1776 1036 plerisque

330 1046 514 1077 veterum
531 1047 627 1078 nota
651 1040 814 1078 civitas:
843 1039 1058 1078 Ammiano
1079 1039 1314 1078 Marcellino
1347 1045 1435 1076 tum
1472 1037 1544 1075 lib.
1574 1036 1658 1087 26„
1686 1044 1775 1077 tum

330 1095 501 1132 maxime
533 1109 601 1132 21.
623 1125 634 1143 ‚
661 1094 732 1132 ubi
757 1095 902 1132 dicitur
947 1094 1143 1148 copiosum
1166 1094 1354 1149 oppidum
1375 1101 1414 1131 et
1439 1093 1579 1131 civitas
1609 1093 1775 1131 circum-

327 1163 434 1187 sessa
477 1150 633 1204 quidem
666 1150 870 1205 aliquoties
883 1180 892 1195 ‚
930 1163 1126 1203 nunquam
1182 1159 1312 1188 tamen
1348 1147 1483 1186 excisa
1519 1156 1587 1185 aut
1615 1147 1775 1198 dedica,-

328 1205 490 1243 Zosimo
515 1204 660 1243 Comiti
687 1211 726 1242 et
754 1204 989 1243 Marcellino
1023 1202 1276 1256 Illyriciano,
1315 1209 1362 1241 ut
1390 1209 1540 1240 ceteros
1573 1204 1771 1241 omittam.

324 1257 532 1298 'Panaesus
551 1274 649 1298 vero
675 1260 815 1298 civitas
832 1288 841 1306 ‚
865 1267 911 1297 ut
931 1267 971 1297 et
1000 1258 1123 1297 Cadia
1147 1259 1355 1312 provincia
1374 1258 1414 1295 in
1438 1256 1615 1310 Illyrico,
1642 1258 1775 1296 omni-

327 1313 405 1353 bus
435 1315 673 1367 incognitae.
732 1315 915 1353 Naissum
951 1315 1054 1352 inter
1081 1314 1289 1368 Pompeios
1317 1319 1355 1351 et
1374 1313 1662 1350 Remessianam
1691 1311 1775 1351 col—

325 1364 434 1408 locat
461 1370 658 1408 Antonini
685 1369 941 1407 Itium-arium
961 1399 973 1419 ‚
1025 1369 1278 1422 Moesiaeque
1322 1366 1484 1405 videtur
1522 1367 1772 1418 adscribere,

329 1424 362 1461 si
395 1438 498 1476 quae
542 1425 639 1463 fides
687 1424 832 1462 additis
871 1425 922 1462 ad
958 1437 1071 1461 oram
1114 1423 1206 1461 libri
1246 1424 1288 1461 in
1327 1422 1500 1460 editione
1535 1421 1772 1470 Simleriana

327 1479 627 1530 provinciarum
669 1479 913 1517 nominibus.
978 1477 1202 1530 Stephanus
1246 1478 1460 1529 Byzantius
1478 1506 1489 1523 ‚
1529 1490 1598 1515 seu
1638 1472 1772 1529 potius

329 1534 412 1572 eius
431 1534 635 1584 breviator
665 1532 933 1582 Hermolaus,
965 1532 1162 1570 Thraciae
1191 1532 1398 1571 vindicat:
1439 1529 1627 1576 Ναίσσος
1651 1527 1773 1577 πόλις

331 1585 516 1642 Θρᾴκης,
551 1584 705 1637 κτίσμα
749 1585 823 1626 καί
858 1587 1010 1638 πατρίς
1047 1586 1374 1625 Κωνσταντίνου
1419 1584 1495 1624 τοῦ
1539 1585 1769 1634 βασιλέωςε

327 1643 436 1695 quod
463 1643 650 1681 ultimum
684 1642 733 1680 de
762 1642 887 1681 natali
911 1642 1013 1680 urbe
1041 1643 1180 1694 Magni
1214 1639 1464 1679 Constantini
1494 1638 1677 1692 pluribus
1705 1654 1773 1678 ar·—

327 1699 526 1750 gumentis
556 1697 792 1736 corroborat
813 1697 867 1735 V.
889 1696 936 1735 C.
968 1697 1166 1734 Henricus
1194 1695 1378 1733 Valesius
1402 1696 1443 1732 in
1467 1696 1573 1733 notis
1597 1694 1648 1733 ad
1668 1693 1773 1733 Am..

327 1753 522 1791 mianum.
581 1752 670 1805 Ego
703 1765 801 1790 vero
828 1753 974 1790 ceteris
1014 1750 1317 1803 praeferendam
1358 1750 1532 1788 arbitror
1557 1749 1771 1803 Olympio-

327 1806 417 1845 dori
431 1807 557 1846 nostri
582 1807 845 1853 sententiam,
890 1808 959 1858 qui
986 1807 1172 1845 Naissum
1199 1806 1239 1843 in
1276 1805 1401 1842 Dacia
1433 1804 1624 1854 collocat3
1660 1818 1771 1855 nam,

327 1869 373 1900 ut
400 1861 501 1900 nihil
525 1863 655 1900 dicam
677 1862 727 1899 de
746 1862 957 1900 Itinerario
980 1860 1262 1914 Burdegalensi
1287 1874 1310 1898 a
1331 1860 1453 1898 Petro
1484 1859 1656 1898 Pithoeo
1685 1859 1771 1911 pri-

327 1931 439 1955 mum
472 1917 578 1955 edito
601 1945 612 1967 ,
646 1917 716 1955 ubi
747 1917 787 1954 in
818 1917 965 1954 finibus
991 1917 1139 1954 Daciae
1165 1915 1337 1968 Mysiam
1359 1916 1525 1952 interae
1557 1913 1772 1952 Thraciam

326 1973 507 2024 ponitur,
539 1973 854 2011 controversiam
881 1985 1042 2009 omnem
1074 1970 1222 2008 decidit
1245 1968 1450 2008 Hierocles
1476 1970 1771 2008 Grammaticus

327 2028 370 2066 in
401 2027 526 2066 veteri
545 2028 847 2080 provinciarum
870 2026 1157 2077 civitatumque
1175 2025 1341 2063 Notitia.

433 2100 637 2156 Ἐπαρχία
670 2100 832 2150 Δακίας
865 2100 1085 2153 μεσογείου
1110 2096 1193 2139 ὑπὸ
1222 2095 1517 2152 κονσουλάριον
1534 2095 1675 2148 πόλεις
1699 2095 1746 2141 ε’.

674 2165 862 2221 Eandem}
899 2163 1165 2221 μητρόπολις.

671 2223 917 2263 Παυταλία.

664 2278 706 2318 Γ
703 2274 849 2332 ερμάη.

665 2333 868 2379 Ναίνσος.

659 2384 923 2438 Ῥεμεσιάνα.

175 2454 310 2497 „17005
323 2462 459 2516 Neque
486 2464 660 2501 otiosum
695 2463 872 2502 fortassis
902 2462 1021 2501 suerit
1045 2461 1215 2510 addere,
1252 2456 1360 2514 quod
1388 2459 1595 2501 annotavit
1622 2459 1767 2501 Hiero-

323 2532 469 2572 nymus
497 2518 632 2556 Surita
661 2518 712 2556 ad
739 2518 935 2556 Antonini
961 2518 1245 2556 ltincrarium:
1278 2515 1470 2554 Cedrenus
1492 2517 1542 2555 de
1558 2517 1767 2556 rebellione

323 2575 366 2612 in
389 2573 600 2612 Pannonia
629 2586 655 2610 α
675 2573 989 2625 Bzelgarissacta
1002 2581 1111 2627 pag.·
1133 2570 1230 2611 625.
1259 2574 1375 2623 (quae
1408 2577 1466 2608 est
1499 2570 1591 2625 745.
1621 2572 1763 2611 editio-

322 2629 386 2667 nis
405 2629 549 2681 regiae)
575 2625 766 2666 Ναΐσσου
799 2627 987 2666 meminit.
1045 2627 1104 2665 Et
1131 2625 1353 2666 Ptolemaeo
1391 2626 1493 2663 inter·
1525 2625 1763 2665 Dardaniae

323 2683 432 2722 urbes
459 2677 593 2728 Νεσὸς
634 2690 871 2728 recensetur,
900 2684 1017 2732 jot-te
1042 2695 1120 2736 pro
1152 2681 1198 2720 N
1197 2676 1362 2724 αι’σσος.·
1408 2682 1472 2718 cui
1498 2680 1765 2733 aditmguntur

329 2736 543 2792 Ulpianum
558 2745 597 2776 et
614 2735 737 2790 Scupi
750 2751 763 2789 ,-
794 2746 834 2775 et
852 2737 1046 2776 Cedrenm
1065 2736 1208 2775 Naisso
1231 2734 1411 2786 adiungit*
1432 2734 1597 2789 θεαρίας
1612 2765 1622 2784 ,
1640 2748 1759 2790 quam
