1924 3164
295 169 403 226 232
876 183 1158 231 EXCERPTA
1208 222 1211 223 ι

102 291 275 337 Δ.Ο.473
295 286 524 344 ρακηνούς,
562 282 702 343 ἱερεύς
735 284 819 326 ταῖν
854 287 957 340 παρ’
997 285 1168 332 ἐκείνοις
1197 285 1469 338 Χριστιαναῖν
1490 316 1504 340 ,
1531 287 1578 338 ἐξ
1608 283 1747 338 αἶτίας

107 338 220 420 Lgffi‘
237 352 270 420 ¹¹¹
291 351 497 408 τοιαύτης.
554 352 728 411 Πέρσαι
767 351 841 392 καί
861 349 1065 403 Ῥωμαῖοι
1105 348 1291 399 σπονδὰς
1317 347 1592 405 ἐποιήσαντο,
1621 348 1688 394 ὅτε
1716 351 1745 393 ὅ

214 410 221 418 ’
262 398 278 432 7
289 420 484 473 μέγιστος
510 415 614 472 πρὸς
641 412 799 465 αύτούς
826 414 898 456 ἐπὶ
926 416 1154 458 Θεοδοσίου
1185 414 1428 471 συνερ’ῥοίγη
1460 414 1651 470 πόλεμος,
1680 416 1740 473 μὴ

289 485 604 540 προσδέχεσθαι
629 480 728 529 τοὺς
765 480 1059 534 ὑποσπόνδους
1094 479 1381 536 Σαρακηνούς,
1411 479 1533 539 Ιεἴτις
1562 484 1605 531 ἐς
1633 480 1742 524 α’πό-

290 564 440 591 στασιν
468 547 714 600 νεωτερίσαι
750 547 992 601 προέλοιτο.
1059 548 1105 589 ἓν
1132 548 1179 588 δὲ
1209 551 1296 596 τοῖς
1324 549 1518 603 Πέρσαις
1545 541 1596 602 ἦν
1623 544 1644 588 ὃ
1669 548 1768 592 ’A-5

286 615 493 669 μόρκεσος
517 614 607 654 -τοῧ
645 612 859 653 Νοκαλίου
897 613 1042 667 γένους
1061 628 1072 640 ·
1137 611 1211 654 καὶ
1246 610 1326 655 εἴτε
1354 614 1478 668 τιμῆς
1507 612 1557 654 οὖ
1583 609 1741 667 τυγχά-

286 695 372 721 νων
401 678 446 719 ἐν
473 678 526 734 τῇ
541 678 729 732 Περσίδι
755 680 809 735 γῇ
821 711 834 731 ,
863 672 891 732 ἢ
921 673 1057 726 ἄλλως
1075 675 1149 733 τήν
1171 677 1394 731 Ῥωμαίων
1421 677 1568 734 χώραν
1591 676 1744 732 βελτίω

286 741 538 797 νενομικώς,
580 740 759 785 ἐκλιπών
796 741 874 798 τήν
916 743 1116 799 Περσίδα
1154 743 1212 792 εἷς
1250 741 1328 798 τήν
1354 744 1517 798 γείτονα
1545 745 1742 800 Πέρσαις

285 810 512 864 ῗΑραρἰίκνΑ
530 808 723 859 ἐλαύνει.
779 809 1009 852 κάντεῦθεν
1050 806 1293 865 ὁρμώμενος
1320 807 1536 866 προνομὰς
1563 810 1743 858 ἐποιεῖτο

184 886 274 931 292
288 874 361 916 καὶ
386 875 593 927 πολέμους
615 874 838 928 Ῥωμαίων
863 876 942 929 μὲν
969 873 1111 917 ου’δενί
1123 907 1135 928 ,
1163 880 1248 925 τοῖς
1277 877 1324 917 δὲ
1353 875 1422 918 det
1448 876 1492 918 ἒν
1519 873 1642 918 ποσίν
1669 872 1796 919 eni-m

289 943 552 995 ρισκομένοις
573 943 850 996 Σαρακηνοῖς.
891 940 966 997 ἀφ’
986 935 1045 983 ὧν
1074 941 1148 983 καί
1174 940 1247 996 τὴν
1271 942 1453 995 ’δύναμιν
1468 937 1618 992 αὔξων
1634 957 1741 998 προ-

286 1005 354 1064 ῄει
382 1004 485 1048 κατὰ
524 1006 699 1062 μικρόν.
729 1009 834 1059 μιάν
859 1007 906 1047 δὲ
926 1002 1010 1048 τῶν
1044 1006 1268 1059 Ῥωμαίων
1292 1004 1591 1060 παρεσπάσατο
1616 1009 1741 1061 νῆσον

279 1068 480 1127 Ἲωτάβην
502 1066 650 1125 ὄνομα·
680 1074 756 1113 καί
772 1069 869 1120 τούς
893 1070 1195 1127 δεκατηλόγους
1215 1069 1405 1123 ἐκβαλών
1422 1073 1505 1113 τῶν
1521 1071 1742 1126 Ῥωμαίων

289 1134 419 1186 αὐτὸς
447 1135 545 1190 ἔσχε
563 1135 640 1192 τήν
668 1139 807 1192 νῆσον,
830 1137 905 1178 καί
928 1135 980 1179 τά
1010 1138 1107 1193 τέλη
1136 1135 1291 1192 ταύτης
1315 1137 1547 1194 ιλαμβάνων
1570 1133 1743 1192 χρημά-

285 1219 372 1244 των
397 1198 631 1258 εῧπόρησεν
658 1200 735 1243 οὐκ
762 1203 909 1257 ὀλίγων
934 1200 1158 1246 ἐντεῦθεν.
1215 1203 1288 1244 καί
1314 1198 1445 1252 ἄλλας
1473 1203 1520 1244 δὲ
1549 1201 1572 1243 ὅ
1607 1198 1794 1252 αὗτὸςιό

279 1266 547 1323 Ἀμόρκεσος
575 1271 659 1310 τῶν
701 1271 876 1326 πλησίον
917 1268 1177 1325 ἀφελόμενος
1204 1271 1376 1321 κωμῶν,
1405 1265 1611 1321 ἐπεθύμει
1635 1268 1740 1310 Ῥω-

284 1335 426 1387 μαίοις
454 1330 717 1383 ὑπόσπονδος
742 1336 938 1389 γενέσθαι
965 1334 1039 1376 καί
1064 1334 1284 1391 φύλαρχος
1311 1335 1396 1375 τῶν
1423 1332 1529 1376 κατὰ
1550 1335 1738 1390 Πετραί·

244 1407 272 1441 Β
291 1416 341 1442 αν
369 1397 451 1441 ὑπὸ
476 1400 709 1452 “Ρωμαιόις
738 1395 866 1442 ὄντων
894 1402 1175 1455 Σαρακηναῗν.
1230 1401 1384 1452 πέμπει
1411 1395 1487 1442 οὖν
1513 1398 1619 1455 πρὸς
1645 1400 1738 1443 Λέ-

282 1480 384 1507 οντα
423 1463 496 1507 τὸν
535 1467 715 1519 βασιλέα
752 1466 981 1518 ιΡω,ιιοιιίον
1019 1467 1191 1521 Πέτρον
1227 1467 1450 1507 ἐπίσκοπον
1486 1467 1560 1519 τῆς
1599 1465 1737 1520 φυλῆς

281 1533 357 1585 τῆς
384 1527 542 1572 ἑαυτοῦ
550 1564 563 1584 ,
592 1529 727 1580 εἴπως
741 1529 908 1573 δύναιτο
933 1534 1067 1572 ταῦτα
1095 1531 1242 1580 πείσας
1268 1531 1366 1572 ποτὲ
1394 1527 1794 1586 διαπράξασθαι.20

281 1595 340 1644 αἷς
369 1597 405 1637 δ’
437 1592 613 1652 ἄφίκετο
640 1598 716 1638 καί
746 1597 946 1651 διελέχθη
967 1599 1026 1654 τῷ
1053 1600 1233 1650 βασιλεῖ’,
1264 1597 1431 1649 δέχεται
1459 1593 1556 1646 τούς
1583 1592 1734 1650 λόγους

281 1660 304 1702 ὅ
331 1661 555 1716 βασιλεύς,
598 1662 671 1704 καὶ
697 1660 990 1719 μετάπεμπτον
1017 1658 1149 1713 εὖθύς
1176 1667 1359 1704 ποιεῖται
1385 1659 1454 1704 τὸν
1479 1659 1736 1718 Ἀμόρκεσον

376 1780 429 1802 η.
454 1766 522 1814 ἀφ’
549 1769 586 1801 Β.
602 1792 612 1809 ,
636 1767 698 1814 ἐφ’
722 1769 815 1814 vulg.
930 1780 982 1814 ¹7·
1007 1759 1102 1802 κατὰ
1125 1769 1187 1809 Β.,
1220 1766 1285 1802 ἐπὶ
1308 1766 1388 1802 val.
1405 1791 1416 1808 ,
1437 1763 1516 1800 ὑπὸ
1542 1767 1639 1814 vulg.

281 1862 343 1885 eos
371 1851 588 1896 Christiani3
617 1853 694 1885 eius
721 1851 896 1886 adventus
920 1851 1010 1885 haec
1036 1852 1108 1886 fuit
1130 1863 1245 1886 causa.
1296 1851 1387 1886 Cum
1411 1857 1575 1896 tempore
1602 1851 1728 1886 Theo-

281 1898 376 1932 dosii
402 1905 567 1931 exortum
594 1904 689 1931 esset
712 1899 809 1932 inter
834 1899 956 1932 Persas
982 1904 1019 1932 et
1042 1901 1218 1933 Romanos
1244 1900 1442 1932 maximum
1468 1898 1624 1939 bellum,
1649 1898 1729 1932 foe-

284 1944 369 1978 dere
396 1955 471 1977 rem
496 1950 758 1989 transegerunt.
806 1946 857 1978 Eo
883 1944 1029 1980 foedere
1055 1945 1269 1986 cavebatur,
1293 1956 1339 1978 ne
1364 1945 1528 1979 alterutri
1553 1944 1730 1979 admitte-

284 1996 367 2024 rent
392 1992 600 2032 Saracenos,
638 1992 702 2037 qui
732 1992 771 2025 in
806 2002 929 2025 eorum
954 1991 1024 2025 fide
1068 1998 1105 2025 et
1129 1993 1271 2026 ditione
1296 1997 1437 2032 essent,
1475 1991 1507 2024 si
1529 1991 1622 2026 forte
1646 1991 1728 2037 quis

281 2038 452 2071 deficiens
498 2049 552 2070 res
591 2049 700 2071 novas
731 2039 851 2072 moliri
899 2043 1068 2072 tentaret.
1117 2039 1225 2083 Apud
1258 2039 1378 2072 Persas
1416 2042 1494 2083 eret
1516 2038 1728 2072 Amorcesus

281 2095 411 2127 genere
425 2084 613 2119 Nocalius:
640 2085 683 2123 is,
709 2085 781 2120 sive
805 2084 905 2130 quod
928 2086 1030 2119 nullo
1054 2086 1192 2119 honore
1210 2085 1306 2130 apud
1330 2095 1390 2118 eos
1418 2084 1625 2124 haberetur,
1651 2086 1728 2118 sive

279 2130 519 2164 Romanorum
546 2131 730 2174 regionem
763 2133 922 2165 incolere
947 2133 1070 2176 potius
1100 2132 1260 2173 duceret,
1285 2131 1467 2164 Persidem
1495 2130 1728 2176 relinquens,

278 2176 318 2208 in
343 2179 493 2210 vicinam
522 2178 813 2211 PersisArabiam
838 2179 1014 2222 migravit.
1061 2178 1154 2211 Hinc
1179 2179 1388 2217 excurrens,
1423 2178 1566 2221 rapinas
1600 2183 1636 2210 et
1668 2188 1727 2211 ce-

277 2227 355 2255 tera
380 2224 526 2257 hostilia
552 2225 742 2258 exercebat
776 2225 815 2257 in
854 2225 1093 2258 Romanorum
1117 2224 1267 2270 quidem
1289 2224 1491 2263 neminem,
1516 2223 1578 2256 sed
1603 2225 1642 2257 in
1662 2224 1726 2256 Sa-

276 2280 445 2309 racenos,
484 2282 573 2314 quos
610 2272 743 2313 passim
779 2276 863 2304 ante
901 2271 1011 2316 pedes
1051 2282 1134 2305 suos
1171 2270 1388 2304 offendebat.
1438 2269 1497 2302 Sic
1521 2272 1726 2314 potentiam

283 2327 382 2349 suam
408 2328 562 2361 origem,
594 2318 769 2363 paulatim
794 2318 923 2358 crevit,
959 2323 995 2350 et
1027 2329 1136 2351 unam
1175 2329 1219 2352 ex
1247 2317 1397 2357 insulis,
1435 2327 1528 2370 quae
1554 2317 1724 2351 Romanis

274 2362 470 2407 parebant,
510 2363 581 2395 s3bi
615 2364 771 2397 subiecit
794 2364 957 2397 Iotabem
982 2365 1153 2405 nomine,
1192 2376 1282 2410 qua,
1321 2362 1478 2408 expulsls
1505 2363 1724 2397 decimarum

276 2408 528 2447 exactoribus,
562 2411 699 2452 potitus
736 2417 800 2444 est.
850 2411 978 2456 Itaque
1013 2410 1152 2444 tributa
1188 2411 1381 2454 colligens,
1427 2421 1507 2442 cum
1543 2410 1652 2444 etiam
1677 2420 1723 2447 ex

273 2455 450 2501 proximis
474 2456 562 2489 vicis
589 2456 717 2489 multas
743 2457 891 2500 praedas
917 2459 1070 2501 egisset,
1094 2467 1169 2490 non
1193 2467 1338 2501 parvam
1362 2456 1597 2500 pecuniarum
1622 2467 1723 2490 sum-

276 2512 372 2535 mam
398 2501 469 2534 sibi
493 2502 640 2544 paravit.
690 2503 831 2536 Deinde
857 2505 1098 2537 Romanorum
1126 2503 1401 2536 confoederatus
1449 2507 1486 2534 et
1521 2502 1720 2537 Saraceno-

277 2560 377 2588 rum,
402 2547 466 2592 qui
491 2548 529 2578 in
554 2547 687 2581 Arabia
715 2549 863 2583 Petraea
888 2551 955 2583 sub
976 2550 1145 2584 Romanis
1170 2549 1323 2595 degunt,
1347 2549 1515 2594 princeps
1541 2560 1619 2583 esse
1642 2560 1723 2582 ma-

273 2605 432 2639 gnopere
458 2592 637 2637 cupiebat.
691 2594 935 2639 Quamobrem
966 2597 1013 2631 ad
1036 2597 1195 2630 Leonem
1227 2597 1484 2641 Imperatorem
1515 2596 1631 2631 mittit
1649 2596 1719 2629 Pe-

273 2646 383 2680 trum,
409 2641 487 2673 eius
512 2640 628 2684 gentis
654 2642 875 2685 episcopum,
900 2645 977 2688 qui,
1009 2643 1040 2676 si
1064 2654 1137 2687 qua
1160 2643 1301 2676 ratione
1325 2647 1461 2686 posset,
1485 2641 1531 2675 ab
1559 2643 1717 2686 Impera-

273 2693 354 2721 tore
380 2686 471 2719 haec
494 2687 711 2729 impetraret.
761 2689 806 2721 Ut
830 2691 954 2731 venit,
979 2695 1017 2723 ct
1040 2700 1121 2722 cum
1135 2689 1356 2733 Imperatore
1378 2688 1488 2722 verba
1508 2688 1614 2730 fecit,
1641 2698 1717 2722 ser-

274 2745 398 2771 mones
434 2733 512 2768 eius
548 2733 747 2779 Imperator
782 2736 935 2781 excipit,
974 2740 1011 2771 et
1033 2736 1263 2771 Amor-cesum
1297 2734 1420 2769 statim
1455 2734 1501 2771 ad
1531 2746 1569 2771 se
1600 2739 1716 2773 vocat.
