1924 3164
333 158 409 224 44
739 207 744 213 ,
944 176 1218 218 EXCERPTA

150 288 327 324 A.c.358
340 278 544 330 τώμενον,
584 277 657 321 καί
683 279 962 332 διαλεχθῆναι
989 279 1046 335 τῷ
1072 280 1205 333 πατρί
1229 277 1428 327 κελεύσας
1468 275 1548 322 ὅσα
1574 281 1782 335 ἐβούλετο,

141 333 323 416 conniti-22¹
340 342 603 398 περιεσκόπει
631 343 677 385 τὸ
704 341 1058 398 πραχθησόμενον
1075 373 1088 385 .
1140 341 1191 385 τοὶ
1230 345 1277 385 δὲ
1308 342 1381 385 ἐπὶ
1415 342 1578 395 τούτοις
1594 342 1658 402 ἦν
1684 342 1783 398 ἄξια

172 406 240 460 1u1'.
253 406 505 472 {24t0v'vcuv-
560 409 634 450 οὐκ
661 407 796 450 ἔτεκεν
824 407 847 447 ὁ
877 403 992 462 ἥλιος
1016 406 1213 464 τοιαύτην
1241 406 1415 465 ἡμέραν,
1445 412 1539 453 οἵαν
1565 410 1658 454 τότε
1685 406 1782 467 ἐξῆν

333 479 420 523 τοῖς
456 477 662 530 παροῦσιν
693 472 797 530 ὄρᾷν
836 472 910 515 καί
935 471 1143 530 ἱστορεῖν.
1199 473 1238 516 οἱ
1263 476 1342 527 μὲν
1367 473 1448 531 γὰρ
1468 475 1563 518 ὀἷπό
1589 476 1779 533 θορύβου

332 539 406 582 καί
427 538 596 595 θρήνων
622 538 813 594 ἐκπλήξει
841 537 915 581 καὶ
939 536 1105 594 θάμβει
1127 542 1393 589 συνδεθέντες
1430 542 1474 589 ἐς
1505 539 1553 582 τὸ
1584 541 1803 598 ἅκίνητονό

332 604 563 661 ἒπάγησαν,
609 601 746 656 ὥσπερ
772 599 1000 647 Ἰουλιανοῢ
1029 606 1238 655 δείξαντος
1269 605 1413 655 αὐτοῖς
1441 606 1492 647 οὕ
1532 605 1622 649 τὸν
1643 609 1781 650 νεανί-

330 686 452 724 σκον,
483 671 571 711 ἄλλ’
603 670 799 712 εἴδωλον.
840 667 876 711 ὃ
906 671 953 711 δὲ
979 669 1202 725 βασιλευς.
1223 673 1316 714 ἐπεὶ
1351 669 1512 727 ἡσυχία
1537 672 1779 729 μυστηρίων

333 735 524 777 ἁπάντων
552 736 707 789 ἐγένετο
735 738 1049 793 σταθερωτέρα,
1077 735 1191 792 βαρῦ
1225 736 1511 792 φθεγξάμενος
1537 739 1597 787 εἷς
1635 741 1777 792 μέσον,

229 815 264 848 Ρ,
283 803 523 860 ,7,,τοῦτον”
552 797 663 843 εἶπεν
690 799 745 854 ,,ὅ
771 802 849 855 μὲν
871 802 1083 858 ὑμέτερος,
1113 799 1169 851 ὥς
1196 802 1317 855 ὑμεῖς
1343 801 1670 856 ὑπολαμβάνετε,
1701 801 1779 846 πό-

329 871 455 919 λεμος
486 862 734 920 ἆπολιόλεκε,
766 866 874 916 Θεὸς
901 868 948 909 δὲ
974 867 1076 917 ἴσως
1103 866 1178 910 καὶ
1199 866 1244 910 τὸ
1271 868 1490 921 Ῥωμαίων
1518 870 1676 911 σέσωκε
1704 872 1830 925 ‹pt-to

328 929 591 988 λάνθρωπον.
646 934 724 983 ἔξω
754 934 799 975 δὲ
830 930 957 976 αὐτὸν
985 930 1166 990 ὅμηρον,
1196 929 1246 974 οὔ
1275 936 1376 989 παρ’
1399 931 1527 987 Ἴ’ὖμοιῗν
1553 937 1648 976 καθ’
1668 933 1780 988 ὁμο-

328 999 499 1051 λογίαν,
529 994 636 1040 ἀλλὰ
666 997 784 1055 παρὰ
813 1000 891 1041 τοῦ
917 1001 1100 1052 πολέμου
1131 997 1273 1053 λαβών
1320 1001 1394 1041 καί
1418 1001 1477 1058 τῷ
1501 1005 1671 1056 κρατεῖν
1700 999 1780 1055 ἄρ’·-

327 1063 555 1116 κούμενος.
613 1063 686 1106 καὶ
723 1060 846 1114 οὗτος
872 1066 949 1118 μὲν
979 1064 1150 1116 οὐδενὸς
1192 1062 1398 1120 ἀτυχήσει
1432 1067 1517 1107 τῶν
1546 1065 1778 1108 καλλίστων

327 1129 424 1182 ἐμοὶ
450 1128 605 1180 ξυνών·
662 1130 784 1184 ὑμεῖς
823 1132 870 1173 δὲ
910 1130 1161 1188 πειρώμενοι
1199 1133 1476 1186 παραβαίνειν
1514 1128 1590 1180 τοὶς
1618 1129 1778 1186 συνθὴ·

327 1211 404 1244 κας
432 1193 711 1247 οἷποτεύξεσθε
738 1196 902 1239 πάντων
920 1227 932 1238 .
967 1190 1100 1253 ’φημί
1137 1197 1182 1238 δὲ
1224 1196 1303 1250 οὐχ
1345 1192 1408 1238 ὅτι
1449 1193 1683 1253 κολάσομαι-
1703 1193 1828 1240 τ’·ὁνιό

327 1257 506 1316 ὅμηρον,
556 1258 603 1304 ὃν
640 1258 737 1303 οὔτε
780 1260 980 1318 ἐνέχυρον
1019 1265 1120 1316 παρ’
1155 1258 1280 1315 ὑμῶν
1317 1258 1471 1317 εἴληφα
1496 1263 1572 1316 τῆς
1599 1257 1776 1317 εἰρήνης,

327 1326 420 1367 ἀλλ’
447 1322 645 1382 ἀνδρείας
672 1323 885 1378 ἀπόδειξιν
911 1329 1004 1368 καθ’
1034 1326 1156 1380 ὑμῶν
1195 1325 1279 1381 ἔχω
1296 1343 1308 1354 ·
1364 1324 1386 1368 ὃ
1411 1328 1486 1368 καί
1526 1321 1776 1375 &atrocen-

291 1401 406 1434 Βσον
431 1393 504 1433 καί
528 1394 753 1446 θεομισὲς,
779 1391 878 1442 τούς
906 1392 1030 1435 οὐδὲν
1058 1392 1309 1441 ἀδικοῦντας
1335 1391 1442 1447 ὑπὲρ
1470 1394 1554 1433 τῶν
1582 1389 1775 1433 ἀδικούν-

323 1473 408 1499 των
436 1455 603 1500 δάκνειν
631 1459 706 1500 καί
732 1457 995 1514 σπαράττειν,
1025 1455 1164 1514 ὥσπερ
1193 1457 1245 1500 τὰ
1275 1456 1408 1514 θηρία
1431 1456 1530 1506 τούς
1559 1453 1775 1499 ἀπαντῶν-

321 1538 418 1576 τας,
449 1518 550 1566 ὅταν
577 1524 656 1580 ὑφ’
683 1522 836 1581 ἑτέρων
866 1521 1065 1579 διώκηται
1081 1558 1092 1570 .
1149 1519 1236 1565 ἀλλ’
1267 1519 1330 1565 ὅτι
1357 1524 1519 1578 πρῶτον
1544 1524 1623 1576 μὲν
1651 1516 1828 1578 ἔρξε-ιο

319 1603 366 1629 τε
389 1589 546 1645 χειρῶν
574 1589 747 1643 ἀδίκων,
794 1583 844 1631 οὗ
870 1590 1025 1643 μείζων
1055 1584 1229 1645 ὄλεθρος
1271 1586 1345 1630 οῦκ
1373 1587 1487 1631 ἔστιν
1515 1585 1771 1644 ἀνθρώποις,

412 1669 447 1701 6.
483 1665 674 1706 δείξαντος
710 1667 982 1713 Commelinus,
1018 1668 1216 1708 πείξαντος
1263 1666 1366 1706 cod.,
1421 1667 1644 1712 πορίζοντος
1674 1665 1772 1711 vulg.

417 1725 470 1747 10.
498 1715 639 1747 σέσωκε
663 1715 713 1754 B„
748 1712 885 1747 δέδωκε
907 1714 999 1758 vulg.
1098 1725 1147 1757 ¹7·
1174 1712 1207 1760 δ]
1233 1710 1279 1747 ὃν
1301 1713 1552 1748 Boissonadus.
1622 1723 1678 1747 20.
1703 1711 1771 1759 ἄρ-

413 1761 492 1799 ξετε
520 1759 762 1794 Boissonadus
774 1785 787 1801 ‚
821 1759 952 1807 ἤρξατε
978 1760 1084 1805 vulg„
1110 1759 1266 1806 ἄρξηται
1300 1757 1404 1794 codd.

325 1851 373 1884 ad
396 1862 450 1891 ea,
476 1862 569 1896 quae
593 1851 764 1896 deinceps
788 1850 927 1896 agenda
951 1855 1063 1892 erant,
1098 1849 1264 1884 advertit.
1313 1849 1418 1895 Quae
1443 1854 1528 1884 sunt
1559 1852 1773 1891 consecuta,

324 1898 382 1931 his
416 1903 659 1931 consentanea
696 1898 851 1931 fuerunt.
899 1897 981 1931 Non
1017 1896 1171 1940 protulit
1210 1897 1265 1929 sol
1294 1896 1391 1930 diem
1435 1896 1553 1942 qualis
1584 1896 1650 1929 ina
1675 1895 1769 1937 fuit,

325 1954 434 1991 quam
458 1950 546 1977 tunc
568 1944 690 1978 videre
716 1949 753 1977 et
776 1944 911 1977 intueri
939 1943 1020 1984 his,
1055 1943 1118 1988 qui
1151 1942 1312 1984 aderant,
1335 1942 1455 1981 licuit,
1498 1941 1647 1976 Barbari
1671 1942 1769 1975 enim

324 2003 346 2024 a
369 2001 533 2024 moerore
569 1996 605 2023 et
636 1991 804 2024 lamentis
841 1994 986 2035 stupore
1019 1994 1056 2023 et
1091 1989 1330 2023 admiratione
1374 1989 1532 2034 correpti
1561 1986 1770 2021 immobiles
1803 2004 1807 2009 -

326 2043 364 2070 et
388 2037 449 2070 fixi
475 2041 672 2077 steterunt,
704 2042 879 2083 tanquam
904 2036 1066 2070 Iulianus
1093 2036 1168 2069 illis
1200 2035 1424 2070 exhibuisset
1449 2045 1524 2069 non
1556 2035 1769 2068 adolescen-

324 2089 418 2124 tem,
456 2083 521 2116 sed
553 2084 683 2116 falsam
718 2083 911 2128 imaginem
951 2082 1202 2117 adolescentis.
1249 2083 1296 2116 At
1327 2083 1537 2127 Imperator,
1566 2081 1631 2115 ubi
1650 2080 1768 2114 silen—

320 2131 411 2162 tium
439 2130 547 2164 altius
562 2155 571 2171 ,
597 2141 707 2177 quam
733 2130 773 2163 in
789 2129 969 2176 mysteriis
993 2129 1150 2171 solitum,
1175 2129 1309 2162 factum
1329 2134 1424 2169 erat,
1452 2127 1606 2173 graviter
1630 2127 1670 2162 in
1688 2136 1767 2161 me-

323 2175 385 2209 dio
416 2176 591 2222 loquens:
618 2177 749 2217 „Hunc
812 2175 957 2217 uidem,
990 2176 1113 2221 inquit
1129 2201 1139 2218 ,
1173 2179 1214 2209 ut
1239 2186 1301 2208 vos
1338 2175 1579 2215 existimatis,
1605 2178 1767 2209 vestrum

321 2221 461 2255 bellum
486 2221 714 2266 perdiderat:
747 2188 922 2256 seiideus
956 2223 1108 2256 fortasse
1134 2227 1171 2256 et
1198 2222 1439 2255 Romanorum
1473 2221 1678 2266 benignitas
1704 2230 1766 2254 re-

322 2268 451 2301 stituit.
501 2269 653 2302 Habebo
695 2279 760 2314 ego
789 2269 909 2313 ipsum
938 2268 1121 2308 obsidem,
1154 2277 1272 2314 neque
1300 2279 1383 2301 eum
1411 2279 1432 2300 a
1459 2267 1564 2301 vobis
1597 2277 1643 2300 ex
1678 2275 1770 2300 eon-

321 2315 517 2354 ventione,
543 2315 608 2348 sed
634 2326 654 2347 a
676 2315 774 2349 bello
807 2316 905 2361 ipso,
930 2319 1120 2350 contentus
1142 2314 1291 2356 vicisse,
1316 2319 1354 2348 et
1379 2314 1484 2347 illum
1513 2312 1661 2359 quidem
1686 2324 1765 2346 am-

320 2360 484 2406 plissima
521 2372 688 2408 quaeque
725 2373 799 2396 non
835 2362 1029 2402 deficient,
1069 2361 1153 2395 dum
1185 2371 1266 2394 mea
1311 2359 1572 2395 consuetudine
1611 2360 1765 2393 fruetur.

322 2406 465 2452 Quodsi
496 2408 719 2442 conabimini
754 2420 774 2442 a
802 2408 949 2442 foedere
987 2407 1191 2449 discedere,
1240 2408 1401 2441 omnium
1441 2407 1613 2441 iacturam
1650 2405 1766 2440 facie-

322 2454 380 2487 tis.
428 2453 506 2486 Hoc
531 2453 614 2488 dico
630 2480 640 2494 ‚
663 2465 738 2487 non
762 2455 862 2501 quod
892 2455 1046 2490 saeviam
1074 2455 1114 2488 iu
1140 2453 1324 2494 obsidem,
1350 2464 1459 2500 quem
1484 2452 1582 2496 apud
1611 2463 1668 2486 me
1692 2451 1763 2485 ka·-

322 2499 415 2541 heo,
448 2510 522 2533 non
551 2505 725 2546 tanquam
755 2503 884 2546 pignus
906 2502 1027 2547 pacis,
1060 2501 1124 2535 sed
1149 2512 1250 2535 meae
1277 2512 1359 2546 erga
1382 2510 1444 2535 vos
1474 2497 1762 2533 virtutis-docu—

323 2550 495 2587 mentum.
544 2547 605 2579 Est
638 2547 735 2580 enim
759 2548 911 2592 impium
937 2552 974 2582 et
1002 2548 1150 2582 minime
1183 2548 1251 2581 deo
1279 2553 1435 2591 gratum,
1461 2556 1544 2586 eos,
1568 2545 1633 2590 qui
1663 2544 1760 2579 nihi}

325 2599 612 2635 commeruerunt
627 2618 636 2632 ‚
663 2604 727 2637 pro
751 2593 821 2634 his,
882 2593 919 2627 ui
939 2594 1184 2639 deliquerunt,
1214 2604 1332 2626 morsu
1355 2596 1525 2637 appetere
1549 2597 1586 2625 et
1609 2591 1764 2632 laniare,

325 2644 367 2672 ut
395 2639 494 2673 ferae
520 2639 660 2673 bestiae
676 2664 685 2682 ,
712 2605 888 2685 quicqu&
918 2642 1073 2674 occurrit
1094 2647 1131 2674 et
1155 2639 1301 2673 obvium
1329 2644 1398 2678 est,
1423 2638 1451 2672 si
1483 2637 1565 2683 quis
1597 2647 1658 2672 eos
1678 2647 1762 2682 per-

326 2686 501 2730 sequitur.
550 2685 621 2719 Sed
651 2686 805 2729 primum
829 2686 916 2732 quia
941 2698 962 2719 a
988 2687 1089 2720 vobis
1117 2688 1265 2720 initium
1285 2684 1441 2718 iniuriae
1459 2683 1647 2718 faciendae
1663 2684 1760 2717 orie-

325 2738 405 2773 tur,
432 2743 503 2777 qua
530 2742 566 2765 re
586 2733 686 2766 nulla
710 2737 763 2767 est
792 2733 981 2778 capitalior
997 2733 1109 2778 postis
1127 2733 1378 2779 perniciesque
1402 2729 1761 2773 hominibuzetiam
