1924 3164
335 175 465 231 ·2270
616 174 617 177 ¹
898 169 1229 212 FRAGMENTA

353 272 454 319 ὄντα
482 275 719 325 ὃιασυλῶν,
758 273 830 314 καί
855 270 1137 326 μισθούμενος
1166 272 1237 314 αἐἰ
1263 269 1525 329 συκοφάντας
1551 274 1610 323 εἰς
1636 275 1784 328 τοῦτο,

351 344 426 384 καί
463 341 703 395 κατηγορῶν
745 334 899 391 αὐτὸς,
947 335 1013 380 ὅτε
1053 336 1112 392 μὴ
1154 332 1280 379 ἄλλον
1319 331 1563 393 ἇνηύρισκε,
1608 340 1682 382 καὶ
1715 339 1787 383 τὸν

347 405 512 463 χρυσὸν
540 407 582 455 ἐξ
612 404 774 459 ἁπάσης
801 405 876 458 τῆς
901 403 976 458 γῆς
1004 400 1325 456 συλλεξάμενος,
1357 398 1492 460 ἑαυτῷ
1515 403 1629 462 μόνῳ
1658 403 1787 447 κατά-

349 476 490 524 θοιτο,
522 467 703 524 ἐρήμους
728 470 808 522 μὲν
834 467 909 517 τὰς
935 467 1075 518 πόλεις
1101 463 1233 524 ἧσπερ
1262 466 1501 523 ἔμπροσθεν
1524 466 1636 524 εἶχον
1662 472 1789 511 εὔπο-

351 538 447 594 ρίας
473 533 674 589 ποιήσας,
716 532 774 584 αἷς
812 536 961 590 μηκέτι
987 533 1086 584 τούς
1125 532 1309 591 φόρους,
1338 531 1413 582 οὕς
1441 532 1628 587 ἐτέλουν,
1658 532 1811 582 &ivae-5

350 606 454 646 σθαι
487 604 579 654 μετ’
617 600 834 656 εὐχερείας
875 600 1134 654 ἀπενεγκεῖν,
1199 602 1271 641 καὶ
1308 599 1450 648 ἅπλῶς
1479 601 1616 655 πάσης
1642 602 1790 651 κακίας

351 668 651 722 ἄπισχυρίζετο
679 666 700 708 ὃ
729 665 913 720 Μάλχος
951 667 1152 720 γενέσθαι
1181 663 1309 707 αὐτὸν
1336 662 1613 720 καταγώγιον.
1650 662 1718 716 ,ὅς
1743 680 1790 720 γε

350 732 423 775 καί
454 733 699 789 ’Υπερέχιον
738 731 806 774 τὸν
833 729 1124 788 γραμματικὸν
1162 729 1452 787 ἐφυγάδευσε.
1506 731 1584 772 καί
1607 746 1708 773 ποτε
1733 732 1792 790 τῷ

350 797 539 856 Εὕλογίῳ
579 799 637 856 τῷ
674 796 892 855 φιλοσόφῳ
930 796 1165 852 σιτηρέσιον
1192 793 1319 837 εἰπών
1344 797 1540 851 δοθῆναι,
1570 795 1681 846 τινὸς
1707 798 1792 839 τῶν

350 864 565 918 εὐνούχων
607 865 814 918 λέγοντος,
858 860 927 904 ὅτι
952 863 1089 904 ταῦτα
1119 862 1177 911 εἰς
1205 859 1459 916 στρατιώτας
1486 861 1687 918 προσήκει
1714 863 1845 904 dot-10

352 932 592 983 πἀνᾶσθαι,
631 926 764 972 εἶπεν·
819 926 938 983 ,,εἴθε
966 930 1124 982 γένοιτο
1152 925 1224 969 ἐπὶ
1248 928 1324 968 τοῦ
1352 928 1460 980 ἐμοῦ
1485 925 1667 986 χρόνου,
1708 923 1791 970 εὸσ-

350 1013 396 1040 εε
438 994 493 1040 τὰ
533 997 615 1039 τῶν
642 996 903 1053 στρατιωτῶν
932 994 991 1043 εἷς
1019 989 1298 1042 διδασκάλους
1323 993 1626 1050 παρέχεσθαι.”
1677 996 1792 1036 Idem

351 1080 385 1105 s.
417 1081 459 1114 υ.
799 1107 803 1111 Α
1524 1089 1526 1092 -

462 1129 511 1171 δ’.
567 1130 874 1184 Παμπρέτὴος.
904 1121 1023 1176 οὗτος
1060 1129 1169 1182 μέγα
1217 1124 1334 1183 παρὰ
1372 1121 1540 1180 Ζήνωνι
1585 1124 1794 1182 ἐδυνήθη.

350 1197 468 1251 γένος
501 1196 579 1248 μὲν
619 1191 676 1236 ὢν
721 1196 907 1249 Θηβαῖος
955 1194 1040 1235 τῶν
1067 1192 1176 1235 κατὰ
1203 1191 1278 1247 τὴν
1305 1190 1552 1246 Αἴγυπτον,
1583 1188 1708 1248 φύσει
1747 1194 1848 1238 δὲιὸ

352 1261 460 1319 πρὸς
498 1257 687 1310 ἅπαντας
713 1261 827 1318 δεξιᾷ
864 1256 1152 1314 χρησάμενος,
1191 1257 1362 1314 ἔρχεται
1390 1258 1450 1307 εἰς
1481 1257 1661 1312 Ἀθήνας
1680 1288 1693 1310 ,
1722 1258 1797 1304 καί

353 1327 468 1382 παρὰ
512 1329 588 1381 ’τῆς
627 1325 783 1375 πόλεως
823 1323 1110 1381 γραμματικὸς
1154 1323 1366 1381 αἱρεθείς,
1411 1321 1548 1378 συχνά
1589 1339 1635 1368 τε
1674 1324 1795 1366 ἐπαί-

355 1384 516 1442 δευσενῖ
543 1391 614 1448 ἔτη
628 1425 646 1445 ,,
698 1390 771 1434 καί
797 1388 1030 1445 ἐπαιδεύθη
1066 1388 1173 1444 ὁμοῦ
1229 1386 1307 1432 ὅσα
1345 1385 1397 1446 ἦν
1441 1386 1662 1445 σοφώτερα
1710 1387 1792 1432 ὑπὸ

355 1464 412 1518 τῷ
461 1455 623 1517 μεγάλῳ
667 1457 878 1515 Πρόκλῳ.
959 1458 1156 1510 διαβολῆς
1199 1457 1245 1498 δὲ
1292 1451 1406 1512 αὖτῷ
1441 1452 1547 1509 πρὸς
1587 1456 1795 1511 Θεαγένην

356 1523 451 1570 τινὰ
479 1526 562 1566 τῶν
603 1524 693 1567 ἐκεῖ
722 1524 950 1577 γενομένων
979 1521 1207 1576 ’συστάσης
1216 1554 1229 1573 ,
1268 1519 1486 1576 ὑβρισθεὶς
1526 1520 1597 1560 ὑπ’
1635 1520 1851 1567 ἑκεήιουαο

358 1593 433 1632 καί
484 1590 688 1646 μείζονος,
727 1582 755 1643 ἢ
799 1588 930 1643 ἐχρῆν
969 1586 1247 1638 διδάσκαλον,
1284 1585 1358 1627 ὑπ’
1406 1582 1539 1628 azima
1578 1584 1796 1641 πειραθεὶς

358 1653 612 1711 σκευωρίας,
654 1648 784 1710 ἦλθεν
811 1654 870 1702 εἰς
896 1650 1151 1706 Βυζάντιον,
1219 1650 1270 1695 τὰ
1297 1652 1376 1705 μὲν
1403 1645 1511 1694 ἄλλα
1538 1648 1700 1705 α’γαθὸς
1725 1649 1799 1694 καὶ

451 1758 502 1792 ι6.
529 1753 679 1791 ἅπαντα
704 1754 797 1787 coni.
822 1752 958 1786 Portus.

360 1848 442 1893 quis
469 1846 687 1892 populorum
711 1842 866 1888 imperio
901 1853 965 1876 suo
1001 1841 1209 1886 parentium
1244 1841 1408 1874 fortunas
1446 1840 1645 1887 diripiens,
1684 1847 1722 1877 et
1751 1841 1798 1877 ad

359 1894 430 1927 hoc
454 1894 690 1937 sycophantas
717 1901 858 1934 semper
882 1889 1047 1921 mercede
1072 1887 1294 1928 conducens,
1319 1893 1356 1920 et
1379 1889 1459 1932 ipse
1479 1898 1659 1928 accusans,
1684 1901 1796 1936 quum

360 1941 452 1974 alios
476 1951 550 1973 non
574 1938 736 1979 invenit,
768 1937 832 1982 qui
856 1935 925 1969 hoc
949 1935 1110 1976 faciant,
1145 1941 1182 1969 et
1207 1946 1334 1967 aurum
1358 1945 1403 1968 ex
1429 1935 1595 1968 universo
1620 1940 1797 1969 terrarum

361 1987 449 2021 orbe
473 1987 669 2031 colligens,
694 1983 765 2017 sibi
789 1983 858 2017 soli
883 1982 1046 2026 reponit;
1072 1986 1108 2014 et
1130 1981 1236 2014 urbes
1261 1992 1379 2014 rerum
1399 1982 1532 2028 copia,
1564 1992 1671 2026 quam
1695 1983 1796 2026 prius

359 2034 568 2074 habebant,
599 2030 777 2076 spolians,
810 2035 852 2062 ut
877 2040 951 2062 non
976 2028 1115 2072 possint
1141 2028 1294 2072 amplius
1321 2026 1428 2062 facile
1452 2026 1608 2072 pendere
1632 2027 1797 2071 tributa,

362 2091 455 2127 quae
478 2078 699 2124 pendebant.
749 2075 914 2120 Denique
937 2074 1102 2107 Malchus
1127 2073 1351 2114 affirmabat,
1378 2075 1495 2119 ipsum
1518 2074 1634 2107 omnis
1659 2076 1798 2120 impro-

361 2127 487 2160 bitatis
523 2124 760 2160 diversorium
796 2123 920 2162 fuisse,
956 2121 1019 2167 qui
1067 2126 1104 2154 et
1138 2121 1406 2165 Hyporechium
1442 2122 1711 2166 grammaticum
1755 2122 1797 2157 in

364 2174 515 2207 exilium
540 2172 665 2217 egerit,
712 2170 802 2203 Cum
828 2173 949 2202 autem
975 2166 1155 2214 quondam
1182 2167 1333 2212 Eulogio
1365 2166 1582 2211 philosopho
1615 2168 1798 2213 stipendi-

363 2232 426 2253 um
454 2219 531 2252 dari
555 2218 738 2256 iussisset,
772 2221 810 2249 et
833 2214 983 2261 quidam
1010 2225 1054 2248 ex
1079 2213 1256 2248 eunuchis
1283 2213 1453 2254 dixisset,
1483 2213 1578 2246 hanc
1603 2215 1798 2259 pecuniam

365 2267 405 2299 in
430 2266 565 2298 milites
590 2262 871 2309 impendendam
896 2271 995 2302 esse,
1021 2260 1132 2294 dixit:
1172 2262 1340 2302 „Utinam
1363 2270 1450 2294 aevo
1475 2270 1556 2294 meo
1589 2262 1797 2307 contingat,

365 2317 407 2346 ut
430 2311 612 2357 stipendia
635 2311 792 2344 militum
816 2310 855 2341 in
881 2307 1045 2341 doctores
1071 2307 1334 2344 conferanturl3

460 2359 491 2401 4.
540 2356 786 2403 Pamprepius.
846 2354 917 2389 Hic
941 2354 1037 2399 apud
1069 2355 1245 2388 Zenonem
1275 2354 1428 2387 multum
1463 2354 1595 2398 potuit.
1650 2353 1796 2389 Genera

367 2405 515 2452 quidem
543 2403 753 2443 Thebaeus,
781 2402 989 2447 Aegyptius.
1040 2400 1110 2434 Sed
1135 2400 1279 2445 ingenio
1301 2399 1484 2444 praeditus
1513 2400 1559 2434 ad
1587 2403 1709 2435 omnia
1732 2402 1799 2434 a*-

366 2459 416 2487 to.
463 2451 575 2483 Venit
608 2450 788 2489 Athenas,
821 2453 858 2480 et
881 2459 901 2481 a
926 2448 1070 2480 civitate
1096 2446 1257 2481 delectus
1281 2447 1547 2490 grammaticus,
1581 2448 1714 2481 multos
1743 2414 1799 2482 igi

369 2497 495 2532 docuit
522 2507 658 2530 annos:
685 2497 793 2530 simul
820 2499 940 2527 autem
967 2493 1034 2526 sub
1060 2505 1187 2539 magno
1213 2494 1333 2526 Proclo
1359 2492 1522 2526 eruditus
1548 2498 1603 2528 est
1627 2494 1667 2527 in
1684 2495 1800 2529 omni-

367 2545 437 2580 bus
461 2542 669 2576 reconditae
703 2542 904 2587 sapientiae
929 2540 1102 2585 partibus.
1153 2539 1242 2572 Cum
1266 2543 1385 2572 autem
1419 2540 1600 2573 calumnia
1631 2539 1798 2580 adversus

370 2593 488 2637 ipsum
519 2588 615 2634 apud
639 2588 819 2634 quendam
843 2586 1202 2631 Theagenem,illius
1229 2585 1301 2619 loci
1332 2586 1457 2626 civem,
1481 2587 1635 2620 conflata
1659 2586 1800 2628 fuisset,

374 2643 412 2672 et
434 2635 531 2681 apud
553 2635 658 2669 illum
680 2635 743 2667 ille
776 2635 905 2667 suisset
938 2634 1101 2673 delatus,
1140 2632 1185 2666 ab
1222 2632 1287 2665 iilo
1324 2634 1542 2666 contumelia
1576 2634 1723 2668 affectus
1761 2638 1799 2668 et

372 2683 589 2723 maioribus,
614 2692 722 2726 quam
748 2680 900 2714 decebat
933 2680 1161 2725 magistrum,
1195 2678 1422 2712 contumeliis
1454 2679 1498 2713 ab
1524 2680 1589 2713 illo
1626 2685 1797 2721 vexatos,

373 2729 586 2776 Byzantium
616 2728 695 2765 ivit.
741 2727 791 2761 Ac
826 2728 864 2760 iu
890 2728 1017 2760 ceteris
1051 2724 1199 2772 quidem
1221 2724 1327 2759 rebus
1353 2725 1470 2759 bonus
1492 2732 1530 2760 et
1548 2726 1684 2773 probus
1697 2725 1798 2765 vide-
