1924 3164
557 138 590 177 E
624 137 906 180 MENANDRI
949 138 1220 181 HISTORlA.
1490 124 1602 181 383

161 238 291 290 μέσον
315 238 391 278 τοῦ
420 237 743 294 ἐνδιαιτήματος
764 241 934 290 κάλπεις
961 258 1006 282 τε
1025 249 1194 298 χρυσαῖ
1203 244 1278 286 καί
1295 244 1607 300 περιραντὴρια,
1627 252 1714 289 A.c.
1729 257 1796 291 568

161 300 226 344 ἔτι
249 318 294 344 τε
322 304 443 345 πίθοι
465 310 634 360 χρυσοῖ.
673 303 974 362 θοινησάμενοι
1004 310 1043 350 δ’
1074 304 1147 352 οὖν
1173 311 1247 354 καί
1271 305 1428 363 αὖθις,
1457 312 1530 352 καί
1554 309 1605 352 τὰ
1619 301 1746 365 huin?

161 363 242 410 ὅσα
269 370 400 423 ἐχρῆν
429 370 475 411 ἐν
500 366 611 429 πότῳ
638 371 818 420 εἰπόντες
844 387 890 412 τε
929 373 1004 415 καί
1036 375 1281 430 α’κηκοότες,
1317 373 1605 432 ἀνεχώρησαν.
1618 349 1791 398 ¹⁰⁵⁰m4'

157 433 209 491 τῇ
248 431 345 488 ἑξῆς
373 435 417 476 ἐν
444 431 563 495 ἑτέρᾳ
591 437 779 491 ἐγένοντο
809 438 974 496 διαίτῃ,
1015 438 1120 483 ἔνθα
1149 439 1309 493 ξύλινοι
1336 441 1467 492 κίονες
1497 437 1606 498 ἦσάν

132 497 292 552 ὅτινες,
321 501 586 555 ἐνδεδυμένοι
610 503 785 560 χρυσῷ,
811 504 1080 561 χρυσήλατός
1106 523 1151 549 τε
1187 503 1303 564 κλίνη
1336 507 1503 562 ὅμοίως,
1530 505 1605 564 ἥν-
1660 553 1663 555 Α

156 564 252 608 τινά
286 581 333 620 γε
373 567 506 622 δήπου
557 566 631 609 καί
667 565 822 618 τάωνες
851 577 1015 626 χρυσοῖ
1046 574 1239 630 τέτταρες
1265 573 1444 632 ᾐώρουν.
1497 574 1603 618 κατά

155 633 206 673 δὲ
234 630 283 688 δὴ
312 631 359 674 τὸ
389 631 647 689 ἐμπρόσθιον
673 635 747 690 τῆς
776 637 937 692 διαίτης
963 639 1036 680 ἐπὶ
1060 637 1165 681 πολι)
1196 642 1471 697 παρετέταντο
1490 637 1605 694 ἅμα·

156 701 242 752 ξαι,
269 699 314 741 ἐν
333 695 401 749 αἶς
419 697 526 741 πολύ
549 716 590 742 τι
609 702 757 757 χρῆμα
784 699 971 759 α’ργύρου
991 706 1107 759 ἐπῆν,
1137 706 1270 748 δίσκοι
1297 722 1343 748 τε
1367 706 1442 748 καί
1466 709 1632 751 :cami-C

155 765 212 804 ου’
233 762 320 819 μὴν
346 763 453 807 α’λλά
483 764 558 808 καί
581 764 850 822 τετραπόδων
877 768 1110 824 ἶνδάλματα
1148 776 1346 826 πλεῖστα,
1382 771 1457 815 καὶ
1492 770 1603 815 αὖτά

103 845 198 884 τογε
243 828 453 886 δήπουθεν
491 831 825 890 ἄργυροποίητα,
866 836 991 878 οὐδέν
1025 853 1066 879 τι
1107 832 1338 880 α’ποδέοντα
1381 841 1463 880 τῶν
1501 841 1601 894 παρ’

150 895 265 951 ἡμῖν.
293 899 415 938 τοῦτο
442 899 520 950 μὲν
550 894 627 941 οὖν
653 900 711 957 τῷ
736 902 817 942 τῶν
849 898 1048 958 Τούρκων
1073 901 1245 958 ἡγεμόνι
1271 902 1408 946 ἔνεστι
1432 905 1601 960 χλιδῆς.

148 963 233 1004 τῶν
261 964 308 1005 δὲ
336 966 437 1019 περὶ
462 963 697 1021 Ζήμαρχον
726 964 790 1009 ἔτι
817 969 950 1010 ἐκεῖσε
978 966 1353 1025 ἐνδιατριβόντων,
1399 968 1514 1022 ἔδοξε
1541 971 1602 1028 τῷ

147 1026 413 1088 Διζαβούλῳ,
442 1027 550 1072 ὥστε
580 1030 712 1075 αὖτὸν
739 1035 818 1086 μὲν
846 1032 1080 1090 Ζήμαρχον
1108 1031 1199 1088 ἅμα
1226 1034 1358 1079 εἴκοσι
1384 1039 1599 1091 θεραπευ-

146 1100 242 1144 ταῖς
276 1111 323 1138 τε
360 1097 435 1137 καί
461 1096 633 1148 ὀπαδοῖς
660 1099 846 1142 ἕπεσθαί
886 1100 924 1142 οῖ
951 1102 1312 1160 ἐκστρατευομένῳ
1341 1099 1445 1143 κατὰ
1475 1106 1598 1158 Περ-

98 1162 255 1214 ιόσῶν,
297 1160 396 1211 τοὺς
433 1164 481 1204 δὲ
521 1158 675 1214 ἄλλους
706 1165 949 1220 “Ρωμαιόυς
988 1168 1378 1224 ἐπαναστρέφοντας
1404 1166 1511 1209 κατὰ
1542 1167 1595 1224 δη

143 1225 223 1281 τήν
246 1227 395 1283 χώραν
433 1231 518 1271 τῶν
555 1233 778 1274 Χολιατῶν
817 1233 1039 1286 ἀναμένειν
1074 1232 1152 1289 τήν
1179 1233 1413 1289 Ζημάρχου
1443 1232 1596 1276 ἐπάνο-

143 1293 227 1334 δον.
283 1292 357 1335 nac*
382 1292 432 1350 δη
465 1292 511 1344 ὃς
550 1297 639 1354 [τῴ’]
669 1292 856 1353 προῦβη,
903 1299 1056 1354 δώροις
1093 1314 1139 1341 τε
1178 1295 1595 1356 φιλοφρονησάμενος

141 1356 296 1408 αὐτοὺς
324 1359 487 1416 ἀφῆκε·
530 1359 599 1404 τὸν
625 1363 671 1405 δὲ
698 1360 928 1420 Ζήμαρχον
953 1365 1029 1406 καί
1054 1365 1293 1423 θεραπαίνῃ
1321 1365 1489 1421 ἐτιζιιησε
1516 1368 1630 1407 ‹io-D

141 1425 329 1483 ριαλώτῳ
344 1459 357 1478 ,
388 1426 416 1482 ἧ
445 1428 492 1469 δὲ
519 1421 571 1483 ἧν
597 1429 644 1470 ἐκ
670 1430 751 1471 τῶν
779 1432 1012 1484 λεγομένων
1041 1432 1217 1486 Χερχίς.
1257 1433 1331 1473 καί
1358 1432 1380 1472 ὁ
1410 1430 1594 1487 Ζήμαρ-·Υ

86 1505 216 1545 αοχος
245 1489 328 1544 σῦν
354 1494 412 1550 τῷ
436 1493 685 1553 Διζαβούλῳ
717 1495 939 1552 ἐπορεύετο
966 1499 1249 1556 μαχησομένῳ
1277 1499 1485 1553 Πέρσαις.
1542 1499 1589 1540 ἐν

135 1557 266 1614 ταύτῃ
308 1554 439 1614 δήπου
485 1560 539 1618 τῇ
577 1562 725 1620 πορείᾳ
761 1562 1006 1618 γενόμενοι,
1053 1565 1098 1606 ἐν
1138 1564 1268 1621 χώρῳ
1296 1563 1382 1606 τινί
1406 1568 1587 1606 καταλυ-

135 1619 297 1666 σάντων
328 1624 468 1667 αὕτοῖν
499 1626 811 1687 ἐπικαλουμένῳ
841 1627 981 1679 Τάλας
1006 1626 1257 1681 ὖπαντιάζει
1283 1630 1341 1687 τῷ
1367 1628 1586 1685 Διζγαβού-

230 1736 281 1758 n.
303 1726 414 1758 τοῦτο
440 1727 505 1767 Η.,
530 1725 627 1761 οὕτω
652 1729 747 1774 vulg.
802 1742 853 1765 ιι.
879 1731 1032 1776 μέτεστι
1059 1731 1154 1764 coni.
1179 1731 1236 1767 Cl'.
1359 1732 1411 1765 16.
1436 1731 1584 1764 Χολια-

227 1770 317 1818 τῶν]
346 1774 548 1808 Χοαλιτιῐίν
581 1775 623 1807 Η.
659 1776 773 1808 Iidem
810 1789 918 1821 supra
949 1789 1027 1823 pag.
1057 1779 1158 1820 300„
1195 1790 1246 1813 12.
1279 1777 1448 1812 Χλιοέται
1482 1778 1582 1812 dice·

225 1817 370 1853 bantur.
471 1832 520 1865 ¹7·
534 1821 584 1865 τῷ
609 1822 711 1855 uncis
734 1823 884 1857 inclusit
907 1823 951 1863 H.

132 1895 247 1932 forma
271 1898 521 1932 cernebantur.
548 1898 708 1932 Sedebat
731 1905 852 1934 autem
880 1901 958 1944 ipse
976 1900 1174 1935 Disabulus
1199 1902 1239 1934 in
1262 1901 1369 1942 lecto,
1395 1902 1459 1947 qui
1479 1906 1578 1936 totus

140 1950 219 1978 erat
232 1957 371 1979 exauro
385 1944 585 1985 confectus,
606 1946 697 1980 etin
718 1947 840 1980 medio
857 1948 1036 1981 conclavis
1059 1952 1163 1981 erant
1185 1959 1311 1988 urnae,
1332 1948 1577 1993 aquiminaria

132 1997 170 2025 et
183 1992 283 2026 dolia
302 2004 421 2026 aurea.
474 1993 669 2037 Postquam
693 1992 827 2026 iterum
851 1995 1032 2028 convivati
1059 1999 1172 2033 erant,
1191 2000 1228 2027 et
1252 1995 1350 2028 inter
1373 1995 1575 2039 potandum

159 2050 227 2072 uae
245 2040 409 2074 convivio
421 2039 690 2073 conveniebant
703 2039 870 2073 dixerant
887 2046 924 2074 et
938 2040 1142 2080 audierant,
1154 2041 1408 2074 discesserunt.
1435 2042 1574 2075 Postri-

158 2087 193 2119 ie
211 2086 250 2119 in
267 2087 340 2119 alio
356 2086 516 2120 tentorio
534 2091 802 2126 convenerunt,
828 2086 867 2119 in
882 2099 952 2133 quo
969 2092 1072 2120 erant
1091 2088 1280 2121 columnae
1293 2088 1449 2132 ligneae,
1479 2100 1567 2122 auro

131 2132 339 2166 involutae:
362 2137 526 2167 auratum
542 2133 650 2166 etiam
675 2132 807 2173 cubile,
822 2134 1187 2178 quatuor-pavonibus
1213 2134 1332 2167 aureis
1345 2133 1489 2168 fultum.
1512 2135 1569 2170 Ad

128 2179 348 2212 vestibulum
380 2181 459 2214 eius
492 2180 578 2220 loci,
610 2180 676 2214 ubi
702 2181 1021 2222 commorabatur,
1054 2181 1231 2226 disposita
1266 2185 1369 2214 erant
1391 2181 1568 2226 plaustra,

129 2226 265 2270 quibus
299 2227 418 2261 inerat
444 2227 559 2259 multa
594 2232 763 2272 argentea
785 2228 972 2272 supellex,
1007 2228 1099 2262 disci
1127 2232 1165 2261 et
1199 2228 1342 2269 lances,
1382 2234 1419 2262 et
1450 2229 1568 2273 pluri-

127 2282 207 2304 mae
231 2279 372 2308 statuae
399 2274 607 2307 animalium
631 2279 780 2319 argento
804 2275 1024 2316 elaboratae,
1042 2285 1135 2321 quae
1153 2279 1340 2308 venustate
1356 2280 1394 2308 et
1418 2275 1566 2319 elegan-

127 2319 180 2351 tia
205 2331 279 2353 non
307 2321 557 2354 concedebant
583 2322 727 2354 nostris.
778 2320 828 2354 Eo
863 2333 977 2368 usque
1007 2322 1196 2367 opulentia
1229 2321 1330 2355 ducis
1363 2322 1566 2356 Turcorum

126 2367 312 2407 processit.
377 2367 499 2413 Quum
523 2367 734 2401 Zemarchus
761 2373 798 2400 et
820 2369 884 2413 qui
909 2380 990 2402 cum
1019 2379 1061 2401 eo
1093 2373 1197 2402 erant
1227 2368 1306 2401 illic
1327 2378 1464 2402 moram
1488 2374 1566 2402 tra-

72 2444 79 2447 „
127 2410 279 2453 herent,
307 2414 445 2458 placuit
467 2413 659 2455 Disabulo,
689 2419 731 2447 ut
754 2426 791 2447 se
816 2415 1104 2458 proficiscentem
1129 2418 1252 2448 contra
1274 2415 1396 2448 Persas
1425 2416 1565 2449 Zemar-

127 2457 215 2492 chus
239 2467 453 2504 sequeretur
475 2473 556 2494 cum
580 2461 708 2506 viginti
733 2472 777 2493 ex
813 2465 907 2504 suis,
939 2463 1003 2508 qui
1037 2462 1094 2496 illi
1124 2461 1390 2495 ministrarent:
1421 2462 1564 2495 interea

127 2505 263 2550 reliqui
286 2507 526 2542 Romanorum
561 2509 638 2542 eius
665 2508 820 2542 reditum
854 2510 891 2542 in
921 2509 1146 2544 Chliatarum
1176 2509 1323 2553 regione
1348 2509 1566 2552 opperiren-

126 2556 196 2585 tur.
244 2551 363 2599 Atque
388 2556 419 2588 is
447 2566 508 2588 eos
533 2556 572 2589 in
601 2555 759 2588 discessu
787 2556 998 2590 muneribus
1026 2555 1178 2589 donatos
1199 2566 1220 2588 a
1245 2567 1283 2589 se
1306 2555 1456 2588 dimisit.
1499 2556 1564 2588 Ze-

124 2598 312 2632 marchum
349 2612 495 2648 quoque
519 2601 714 2636 honoravit
746 2603 884 2647 captiva
917 2603 1122 2637 concubina
1154 2614 1199 2636 ex
1234 2601 1314 2642 his,
1344 2612 1436 2647 quae
1470 2601 1562 2635 Cer-

126 2644 203 2678 ehis
219 2645 398 2682 dicuntur.
445 2650 500 2682 Ita
515 2649 725 2683 Zemarchus
745 2660 825 2682 cum
846 2649 1022 2684 Disabulo
1039 2649 1176 2684 bellum
1186 2649 1392 2683 cumPersis
1416 2652 1560 2693 gesturo

123 2692 307 2737 profectus
333 2700 397 2729 est.
446 2695 520 2730 Iter
543 2697 679 2731 emensi
706 2697 747 2730 in
775 2695 880 2739 loco,
906 2697 970 2744 qui
994 2697 1126 2732 dicitur
1149 2696 1276 2738 Talas,
1306 2694 1560 2729 consederunt.
