1924 3164
347 175 364 210 1
378 156 453 222 34
902 171 1178 214 EXCERPTA

161 280 329 317 A.C.260
341 287 405 314 σει
432 273 695 328 Βαλεριανοῦ
723 271 846 311 πλέον
873 271 1100 325 ἐπαρθείς,
1144 268 1241 318 τούς
1268 259 1470 324 πρέσβεις
1487 269 1765 326 παρελκύσας,

178 328 572 393 ναιω’·ὃοῖπροέκτους
602 335 758 383 αὐτούς
786 333 1011 388 ἀπολύσας,
1041 332 1168 384 εὗθὺς
1196 333 1540 390 ἐπηκολούθησεν.

152 394 315 432 A·C·²6¹
440 399 493 456 β’.
538 398 629 442 Ὅτι
655 400 882 448 Ὂδέναθος
908 398 979 442 τὸν
1017 399 1222 455 Σαπώρην
1263 398 1368 442 πολύ
1419 396 1672 454 ἐθεράπευεν
1709 398 1766 449 ὥς

142 441 360 486 ,ὓδῑίοε
580 465 588 476 ι
761 463 769 476 =
896 463 904 476 =
999 464 1069 480 η.
1212 468 1221 481 ,
1437 463 1446 476 ‚
1610 467 1622 480 ,
1685 463 1736 480 ‚-

293 470 644 523 Βυπερβεβηκοτα
671 481 774 506 κατα
801 468 906 505 πολυ
936 481 1035 514 τους
1063 467 1301 518 Ρωμαιους.
1320 467 1567 518 βουλομενος
1581 467 1625 506 δε
1642 480 1766 506 αυτον

328 533 618 586 ὑπαγαγέσθαι
633 562 645 581 ,
677 531 831 582 πέμπει
859 531 974 586 δῶρα
1001 533 1293 585 μεγαλοπρεπῆ
1324 528 1396 572 καὶ
1421 526 1526 571 ἄλλα
1555 527 1791 584 α’γώγιμα,5

330 593 389 639 ὧν
417 596 444 651 ἦ
472 596 634 650 Περσίς
664 595 738 635 οὐκ
760 591 813 650 ἧν
840 589 1036 653 εἷῖφορος,
1070 595 1269 651 καμήλοις
1297 598 1480 644 ἐπιθείς.
1535 594 1607 636 καί
1631 595 1765 649 γράμ-

327 678 443 716 ματα
469 661 620 712 πέμπει
651 658 828 715 δεήσεως
857 660 1033 714 δύναμιν
1062 659 1204 715 ἔχοντα
1221 694 1234 714 ,
1292 660 1364 702 καὶ
1398 657 1461 703 ὅτι
1496 660 1618 702 οὐδὲν
1646 661 1766 715 Πέρ-

329 742 424 774 σαις
458 726 699 767 ὑπεναντίον
739 725 869 775 αὐτὸς
913 725 1159 782 εἰργάσατο.
1213 725 1235 768 ὅ
1265 729 1311 769 δὲ
1339 725 1439 775 τούς
1479 727 1636 774 οἰκέτας
1661 725 1765 766 ὖπέα

328 807 456 834 Ιτοισσε
485 793 733 844 δεξαμένους
761 790 812 833 τά
844 793 960 848 δῶρα
994 792 1157 848 ῥίπτειν
1184 794 1244 841 εἰς
1271 790 1340 834 τὸν
1366 789 1564 845 ποταμὸν,
1593 788 1765 839 καὶτὰς

328 855 546 906 ἐπιστολὰς
588 855 820 913 διαρᾘήξας
848 859 1078 913 συνέτριψε
1095 890 1108 910 ,
1138 859 1213 899 καί
1250 855 1456 913 ἐδήλωσε·
1481 857 1584 909 .,,τι’ς
1611 851 1669 898 ὧν
1695 857 1768 897 καί
1774 869 1820 896 ιο

327 921 458 964 πόθεν
486 920 684 977 ἐτόλμησε
712 921 816 978 πρὸς
843 921 916 965 τὸν
944 925 1089 964 οἰκεῖον
1119 923 1320 977 δεσπότην
1348 920 1512 978 γράψαι
1522 940 1536 974 ,-
1594 920 1666 962 καί
1690 922 1766 963 νῦν

327 988 368 1028 εἶ
392 984 586 1040 βούλεται
625 989 907 1043 ἐλαφροτέρας
933 986 1137 1036 κολάσεως
1165 992 1329 1041 τυχεῖν,
1359 984 1490 1029 ὀπίσω
1519 984 1595 1035 τοὶς
1618 990 1766 1041 χεῖρας

298 1053 469 1106 (Ζδήσας
495 1055 772 1107 προσπεσέτω.
805 1054 845 1094 εἰ
871 1054 917 1094 δὲ
943 1054 1024 1108 μὴ,
1054 1052 1152 1095 ἴστω
1183 1052 1240 1101 ὥς
1267 1054 1341 1094 καί
1367 1050 1500 1094 αὔτὸν
1525 1050 1599 1093 καὶ
1624 1049 1671 1092 τὸ
1697 1052 1766 1105 γε’-

330 1133 399 1167 νος
424 1116 498 1159 καί
521 1116 593 1172 τήν
620 1118 803 1172 πατρίδα
832 1118 1007 1162 duom?

152 1196 315 1242 A‚c,297
436 1183 482 1236 γ’.
527 1178 619 1223 Ὅτι
651 1184 692 1223 Γ
691 1184 853 1237 αλέριος
881 1184 954 1224 καί
979 1181 1273 1237 Διοκλητιανός
1313 1183 1372 1231 εἷς
1401 1179 1575 1237 Νίσιβιν
1613 1182 1816 1236 amam-15

153 1243 414 1299 1)ῑ(>01·’4θον,
448 1245 554 1288 ἔνθα
581 1249 698 1303 κοινῇ
722 1246 1052 1300 βουλευσάμενοι
1080 1249 1319 1290 στέλλουσιν
1346 1248 1406 1296 εἷς
1438 1248 1632 1303 Περσίδα
1664 1261 1765 1302 πρε-

324 1310 500 1367 σβευτὴν
530 1310 720 1366 Σικόριον
759 1311 932 1368 Πρόβον
962 1312 1219 1369 οἷντιγραφέα
1246 1314 1317 1368 τῆς
1344 1310 1522 1368 μνήμης.
1576 1312 1718 1354 τοῦτον
1744 1309 1766 1353 ὅ

325 1381 545 1432 Ναρσαΐος
572 1379 622 1433 τῇ
650 1379 731 1419 τῶν
760 1378 1094 1432 ἒπαγγελθέντων
1122 1379 1259 1420 ἐλπίδι
1289 1375 1556 1434 φιλοφρόνως
1583 1378 1764 1428 ἐδέξατο.

322 1445 480 1498 χρῆται
507 1444 554 1484 δὲ
579 1443 660 1484 καί
679 1458 761 1484 τινι
789 1443 971 1500 ἀναβολῇ
999 1443 1021 1485 ὅ
1050 1446 1289 1499 Ναρσαΐος.
1321 1443 1377 1492 ὥς
1405 1444 1484 1499 γὰρ
1514 1442 1764 1497 βουλόμενος

323 1510 453 1562 δῆθεν
481 1506 580 1556 τούς
607 1507 706 1563 περὶ
731 1505 922 1562 Σικόριον
948 1509 1154 1564 πρέσβεις,
1183 1503 1250 1550 οἷα
1280 1506 1329 1563 δὴ
1359 1509 1683 1560 κεκοπωμένους,
1712 1503 1818 1550 ἆ-Ἇο

323 1570 637 1627 νακτήσασθαι,
681 1575 809 1627 μέχρι
835 1572 1038 1615 τοσούτου
1067 1574 1165 1628 περὶ
1204 1572 1275 1615 τὸν
1297 1573 1550 1627 ’Λσπροῦδιν
1578 1570 1763 1625 ποταμὸν

424 1651 450 1672 ι.
476 1638 717 1718 παρελκίύσας
741 1640 805 1680 Η.,
831 1640 1070 1685 παρεκύλσας
1093 1642 1187 1685 vulg.
1260 1642 1294 1679 3.
1316 1638 1513 1677 Ὀδέναθος
1534 1640 1631 1680 vat,
1653 1639 1673 1673 ὅ
1697 1639 1766 1672 Δέ-

422 1695 536 1721 νατος
562 1697 608 1719 vu
628 1698 657 1731 g.

327 1742 404 1775 lum
432 1741 571 1775 solvere
598 1743 726 1775 voluit.
776 1742 847 1777 Sed
882 1743 1035 1788 Sapor-es
1059 1743 1207 1788 inopiae
1231 1742 1473 1775 Romanorum
1498 1741 1597 1775 haud
1621 1741 1764 1786 ignarus

328 1791 365 1820 et
389 1786 554 1831 precibus
577 1787 763 1822 Valeriani
789 1790 903 1822 elatus
919 1815 929 1831 ,
965 1790 1098 1834 legatos
1137 1789 1307 1830 distinet,
1333 1788 1466 1821 deinde
1490 1799 1528 1821 re
1551 1787 1684 1821 infecta
1708 1787 1765 1821 di-

325 1833 463 1874 mittit,
490 1845 623 1879 eosque
648 1834 892 1880 subsequitur.

419 1891 450 1912 2.
497 1879 710 1913 odenathus
725 1881 915 1924 Saporem,
940 1886 1113 1926 tanquam
1132 1881 1238 1926 longe
1263 1880 1430 1914 Romanis
1455 1881 1765 1925 praestantiorem,

324 1925 478 1958 multum
510 1926 623 1959 coluit
663 1932 699 1959 et
741 1927 964 1968 observavit,
998 1933 1033 1961 et
1057 1928 1204 1972 cupiens
1237 1939 1317 1962 eum
1341 1927 1413 1961 sibi
1439 1926 1648 1967 devincere,
1669 1926 1763 1960 dona

324 1972 512 2016 magnifica
548 1973 692 2005 camelis
727 1974 915 2017 imponens
953 1984 1075 2007 earum
1113 1986 1243 2015 rerum,
1274 1985 1427 2019 quarum
1450 1973 1564 2007 Persis
1588 1983 1662 2007 non
1685 1976 1764 2005 erat

324 2017 448 2058 ferax,
484 2017 530 2050 ad
563 2029 645 2051 eum
670 2019 784 2052 mittit
818 2030 898 2052 cum
936 2019 1068 2053 litteris
1086 2044 1095 2060 ‚
1119 2020 1253 2065 quibus
1277 2031 1358 2053 cum
1385 2019 1509 2052 multis
1533 2018 1699 2064 precibus
1722 2028 1761 2052 se

325 2063 421 2097 nihil
447 2076 606 2109 unquam
632 2065 851 2098 contrarium
874 2065 1060 2098 Persarum
1084 2067 1284 2100 rationibus
1309 2066 1436 2099 fecisse
1460 2064 1668 2098 testabatur.
1714 2065 1762 2098 At

326 2110 391 2142 ille
417 2111 521 2144 iussit
561 2121 679 2144 servos
719 2122 819 2151 suos,
854 2117 1046 2163 postquam
1070 2113 1290 2156 recepissent
1314 2122 1482 2151 munera,
1505 2122 1548 2143 ea
1575 2111 1614 2143 in
1639 2111 1762 2154 proxi-
1792 2145 1796 2150 ,

326 2167 423 2189 mum
452 2156 623 2190 fluentem
647 2158 846 2202 proiicere3
871 2162 908 2190 et
933 2159 1010 2191 eius
1035 2158 1172 2192 litteras
1197 2158 1368 2191 laceratas
1392 2155 1550 2201 pedibus.
1571 2157 1762 2190 conculca·-

326 2212 377 2237 re.
425 2203 521 2235 Haec
544 2215 688 2249 quoque
713 2205 830 2249 palam
853 2204 1018 2247 protulit:
1040 2205 1156 2251 „Quis
1182 2209 1219 2236 et
1240 2203 1336 2237 unde
1360 2205 1428 2237 iste
1453 2208 1523 2243 est,
1549 2204 1612 2248 qui
1638 2214 1680 2236 eo
1706 2209 1763 2236 te-

326 2249 503 2282 meritatis
536 2250 704 2291 devenit,
743 2255 783 2282 ut
807 2250 936 2283 audeat
967 2250 1011 2283 ad
1035 2262 1138 2284 suum
1177 2250 1362 2283 dominum
1386 2248 1553 2283 scribere.
1602 2249 1706 2283 Nunc
1729 2249 1762 2282 si

325 2296 416 2328 velit
452 2296 580 2329 leviori
614 2308 732 2342 poena
763 2296 875 2336 affici,
908 2297 1075 2330 manibus
1101 2307 1121 2328 a
1145 2302 1244 2341 tergo
1267 2295 1457 2335 revinctis,
1492 2300 1698 2339 prosternat
1721 2304 1760 2327 se

324 2346 408 2374 ante
433 2352 496 2373 me.
549 2344 586 2376 Si
610 2354 684 2376 non
707 2343 835 2384 faciat,
854 2343 948 2376 -sciat
971 2354 1028 2376 me
1050 2343 1154 2376 illum
1194 2348 1234 2376 et
1271 2342 1376 2376 omne
1400 2342 1478 2375 eius
1503 2352 1613 2386 genus
1637 2340 1761 2387 perdi-

322 2392 444 2420 turum
470 2394 507 2421 et
531 2390 823 2423 exstincturum.“

415 2437 446 2468 3.
499 2435 663 2468 Galerius
692 2441 727 2470 et
751 2435 1000 2469 Diocietianus
1024 2433 1142 2469 Nisibi
1174 2437 1427 2467 convenerunt.
1476 2434 1531 2468 Ibi
1559 2433 1759 2468 communi-

324 2485 404 2513 cato
432 2482 607 2521 consili0‚
636 2483 787 2515 mittunt
812 2482 970 2527 legatum
1006 2482 1044 2514 in
1068 2482 1247 2515 Persidem
1273 2481 1450 2513 Sicorium
1476 2480 1654 2521 Probum,
1680 2490 1758 2511 ma-

323 2526 472 2569 gistrum
497 2529 699 2560 memoriae.
749 2528 853 2561 Hunc
876 2528 1071 2568 Narsaeus,
1096 2528 1181 2572 quia
1209 2538 1253 2560 ex
1274 2526 1355 2566 his,
1379 2536 1472 2571 quac
1497 2526 1574 2570 sibi
1591 2526 1758 2559 nuntiata

323 2573 492 2613 fuerant,
525 2584 625 2617 spem
663 2585 699 2606 se
722 2578 844 2616 optata
881 2579 1155 2607 consecuturum
1189 2578 1424 2617 conceperat,
1457 2573 1614 2616 benigno
1638 2577 1675 2606 et
1698 2582 1760 2605 co-

324 2619 431 2651 miter
466 2620 617 2663 excepit.
673 2619 787 2652 Antea
823 2625 944 2653 tamen
981 2619 1113 2653 callide
1144 2629 1259 2652 moras
1284 2617 1464 2655 nectebat.
1513 2619 1633 2663 Quum
1660 2617 1757 2651 enim

323 2671 507 2708 speraret,
523 2676 581 2705 ‚„se
614 2665 747 2710 legatos
782 2666 888 2710 longo
914 2667 1045 2700 itinere
1070 2666 1180 2699 fessos
1219 2665 1362 2697 fffcilius
1387 2665 1457 2697 sibi
1482 2664 1757 2698 conciliaturum

325 2720 422 2752 esse,
449 2723 491 2746 co
517 2721 629 2760 usquc
652 2711 853 2753 Sicorium,
881 2711 1114 2759 quiconsilii
1138 2711 1251 2760 ipsius
1274 2722 1350 2747 non
1375 2712 1518 2755 ignarus
1543 2715 1639 2752 erat,
1664 2709 1756 2745 circa
