1924 3164
435 189 471 232 E
507 191 662 233 PETRI
704 190 936 234 PATmcn
977 189 1244 236 ms‘ronm.
1463 171 1526 228 13
1539 189 1566 225 1·

133 286 302 348 ᾄῆματα
330 290 608 347 φθέγγεσθαι·
633 289 949 345 ,,Κωνστάντιε,
976 290 1068 333 ἰδοὺ
1095 289 1322 339 Kaira-tanc
1349 287 1372 331 ὅ
1402 293 1745 333 πολλῶνΑΛὶῧὸο

133 358 339 410 βασιλέων
364 355 584 411 ἀπόγονος,
633 356 655 398 ὃ
683 355 782 409 ἐμὸς
808 355 901 405 υἱὸς
927 357 1001 398 καί
1023 355 1095 406 σὸς
1121 355 1324 412 ἀδελφὸς,
1367 340 1735 412 ,wemma-Commi,

132 424 214 470 κῶς
239 419 533 475 ἀπολλύμενος.
561 419 666 476 μήτε
688 416 762 463 οὖν
791 420 863 476 τὴν
889 424 1107 476 βασιλείαν
1123 423 1466 477 διακαπτομένην,
1483 421 1566 477 μή-

130 502 178 528 τε
212 484 287 541 τήν
314 489 520 529 πολιτείαν
548 483 879 542 ἀνατρεπομένην
919 489 1129 545 περιιδῃς,
1174 485 1280 542 μήτε
1324 484 1566 544 εὐλαβηθῇς

105 548 331 605 δάπειλάς,
380 549 486 594 άλλοὶ
528 550 605 607 τήν
642 553 835 594 ἐντεῦθεν
863 554 1062 607 ἐσομένην
1089 568 1156 594 σοι
1184 550 1309 602 δόξαν
1335 553 1470 608 πάσης
1497 555 1565 594 Sat-

127 615 291 671 βάσεως
318 620 591 674 προτιζαησον,
619 617 694 658 καί
717 617 775 677 μὴ
804 615 895 674 ἴδῃς
924 614 1183 673 ἀνεκδίκητον
1210 617 1437 675 ὢδελφόν.”
1488 634 1564 672 μευ

128 682 179 725 τά
208 677 361 738 ταύτην
386 681 461 737 τὴν
488 678 589 737 ὄψιν
616 679 897 739 ἆφυπνισθεὶς
926 682 950 724 ὅ
979 683 1269 733 ,Κωνστάντιος
1286 718 1301 738 ,
1337 687 1420 727 τῶν
1459 684 1588 742 πρέ-(Ξ

127 751 260 802 σβεων
286 747 394 803 πλὴν
413 748 642 804 Ῥουφίνου
673 750 843 805 φυλακῇ
870 750 1198 804 παραδοθέντων
1226 780 1238 791 .
1264 779 1277 791 .
1305 781 1317 791 .
1345 780 1358 791 .

237 813 298 855 ιε’.
342 810 435 856 Ὅτι
462 815 534 855 ἐπὶ
559 814 855 856 Κωνσταντίου
884 815 1077 870 πρέσβεις
1115 810 1248 869 ἦλθον
1275 817 1481 874 Περσῶν.
1538 816 1561 858 ὃ
1576 810 1749 848 A-C·355

81 881 178 922 ιοδὲ
203 883 279 935 τῆς
304 881 527 935 πρεσβείας
551 876 715 934 ἡγεμών
742 881 917 935 Ναρσῆς
946 878 993 920 τὸ
1021 878 1160 934 τραχύ
1188 882 1272 921 τῶν
1305 860 1735 948 γραμμάτωνίιὶῖἰῗὸἕῖῗίι2

129 940 188 987 ὧν
217 945 439 1001 ἐπεφέρετο
467 947 518 1001 τῇ
546 948 629 987 ταῖν
658 946 818 986 οἰκείων
844 941 1072 1001 ἧμερότητι
1098 945 1265 1001 τρόπων
1290 948 1564 1003 συγκεράσας,

128 1009 255 1052 ἔδωκε
282 1010 387 1066 πρὸς
416 1008 659 1064 ἀνάγνωσιν.

237 1075 303 1124 ις’.
360 1073 454 1117 Ὅτι
497 1075 536 1116 οἱ
575 1074 788 1130 βάρβαροι
827 1075 900 1116 ἐπὶ
932 1072 1164 1118 Ἰουλιανοῢ
1206 1079 1281 1119 τοῦ
1315 1077 1566 1132 παραβάτου

129 1140 295 1197 εἰρήνην
322 1136 476 1197 ᾔτουν·
533 1140 556 1181 ὅ
596 1142 642 1182 δὲ
678 1135 806 1196 ἦλθεν
834 1142 893 1188 εἰς
919 1139 964 1182 τὸ
996 1143 1252 1183 σπείσασθαι
1281 1143 1452 1195 αὐτοῖς,
1495 1142 1568 1184 καί

78 1204 264 1261 ιόἑζήτει
293 1205 476 1261 ὁμήρους
502 1209 660 1259 λαβεῖν.
715 1204 754 1246 οἱ
780 1206 826 1246 δὲ
852 1202 1068 1260 βάρβαροι
1093 1204 1203 1247 πάνυ
1225 1205 1402 1255 πολλοὺς
1426 1206 1565 1261 ἔλεγον

128 1270 241 1325 ἔχειν
269 1273 448 1328 πολέμῳ,
476 1268 564 1313 ἄλλ’
594 1271 644 1311 οὕ
672 1271 773 1326 παρ’
799 1271 966 1312 ἐκείνων
994 1272 1261 1323 δεδομένους·
1315 1274 1390 1313 νῦν
1419 1274 1465 1314 δὲ
1495 1274 1567 1327 ζη-

127 1342 214 1379 τεῖν
241 1336 403 1392 εἰρήνης
426 1338 628 1391 ἐνέχυρα,
677 1334 722 1377 εἴ
741 1350 848 1383 τινες
885 1330 967 1376 εἶεν
1002 1335 1108 1391 πρὸς
1134 1338 1257 1377 τοῦτο
1284 1340 1384 1392 παρ’
1413 1337 1599 1387 αὕτοῖςΠ

128 1403 376 1457 ἐπιτήδειοι.
432 1402 597 1443 ἐκείνων
635 1402 682 1442 δὲ
717 1400 838 1442 οὐδὲν
878 1397 1230 1455 ἆπαρνουμένων,
1278 1399 1382 1443 ἀλλὰ
1414 1402 1567 1445 δώσειν

102 1469 431 1522 ,συντιθεμένων
459 1463 533 1515 οὓς
562 1462 613 1508 ἂν
641 1465 768 1524 αὐτὸς
796 1466 1037 1520 ἐπιλέξοιτο,
1066 1465 1140 1507 τὸν
1166 1470 1241 1509 τοῦ
1267 1468 1471 1520 βασιλέως
1498 1466 1567 1510 υἷ-

74 1532 174 1575 αοὸν
201 1531 316 1587 ἠξίου
346 1535 487 1586 λαβεῖν
525 1530 586 1580 ὥς
630 1531 725 1572 ἀντί
750 1532 911 1571 πολλῶν
937 1529 1063 1583 μόνον
1100 1531 1331 1586 ἀρκοῦντα,
1381 1530 1426 1574 ὃν
1454 1530 1567 1587 εἶχεν

128 1597 407 1654 αἰχμάλωτον.
464 1594 504 1638 οἱ
543 1598 589 1638 δὲ
632 1594 844 1652 βάρβαροι
870 1591 950 1651 ἤδη
980 1594 1182 1638 τεθνάναι
1210 1594 1343 1640 αὐτὸν
1371 1597 1565 1650 ᾧτολαμ-

220 1700 252 1744 ᾗ).
274 1708 513 1755 ἀπολόμενος
537 1709 629 1744 coni.
652 1709 690 1741 B.
761 1711 811 1742 16.
830 1708 942 1752 ἔχειν.
968 1689 1122 1754 πολέμῳ
1146 1709 1219 1754 μὲν
1242 1709 1332 1754 ἔφη,
1358 1709 1437 1743 ἄλλ’
1460 1711 1565 1744 Bois-

219 1756 341 1790 sonad.
364 1757 501 1800 Eunap.
519 1767 546 1788 1.
567 1766 600 1799 p.
617 1754 866 1799 459.,-ἕχειν
888 1747 1007 1788 αὐτὸν
1035 1755 1306 1801 αἰχμαλώτους.
1331 1759 1397 1790 καὶ
1414 1758 1561 1793 ἐκεῖνος

221 1802 449 1847 ἀπεκρίνατο
484 1800 640 1837 τούτους
671 1801 774 1844 ἔχειν
804 1801 982 1845 πολέμῳ,
1008 1801 1092 1833 ἀλλ’
1118 1802 1159 1834 Ν.

130 1896 250 1933 dicere
274 1899 371 1933 visus
396 1902 468 1931 est:
501 1895 715 1935 „Constanti
724 1919 735 1935 ,
772 1905 852 1927 ecce
877 1894 1052 1927 Constans
1069 1920 1079 1934 ‚
1105 1897 1300 1929 multorum
1326 1908 1447 1942 regum
1469 1909 1558 1942 pro.-

130 1945 276 1991 genies‚
312 1955 411 1978 meus
446 1944 565 1982 filius,
602 1942 713 1973 frater
746 1945 829 1972 tuus
866 1941 1005 1973 nefarie
1031 1947 1201 1982 necatus;
1227 1954 1345 1987 neque
1369 1945 1562 1987 imperium

127 1992 408 2032 labefactatum,
442 1999 562 2034 neque
598 1986 859 2030 rempublicam
892 1996 1049 2018 eversam
1074 1987 1253 2032 negligas,
1279 2000 1399 2034 neque
1424 1990 1454 2023 si
1479 1992 1561 2034 quis

126 2039 198 2072 tibi
224 2040 392 2076 minetur,
416 2041 552 2069 terrore
575 2033 750 2073 afficiaris,
770 2032 834 2065 sed
858 2031 1018 2076 gloriam,
1042 2043 1133 2077 quae
1153 2034 1238 2066 inde
1265 2040 1302 2067 te
1323 2041 1458 2076 manet,
1481 2037 1562 2068 cui-

128 2096 279 2130 cumque
300 2081 562 2129 oppugnationi
586 2090 803 2124 praeponas,
827 2088 945 2122 neque
969 2077 1127 2112 inultum
1152 2080 1296 2113 fratrem
1321 2086 1423 2115 tuum
1448 2083 1564 2115 relin-

127 2139 250 2178 quas.“
297 2131 373 2164 Hoc
392 2132 532 2162 ostento
558 2127 654 2167 viso,
686 2131 741 2158 est
765 2122 1032 2169 expergefactus
1057 2131 1094 2158 et
1116 2126 1251 2170 legatos
1285 2133 1427 2172 praeter
1461 2129 1560 2161 Rufi..

127 2188 214 2211 num
250 2178 289 2211 in
312 2176 455 2210 vincula
484 2174 648 2207 coniecit.
1015 2183 1017 2186 ·

225 2225 275 2258 15.
325 2222 398 2257 Sub
413 2221 625 2255 Constantio
649 2218 754 2263 legati
778 2229 798 2250 a
815 2217 928 2250 Persis
951 2226 1094 2256 venere,
1119 2216 1221 2250 cuius
1245 2218 1434 2263 legationis
1456 2221 1560 2265 prin..

128 2281 212 2316 ceps
239 2270 367 2303 Narses
403 2266 634 2311 asperitatem
665 2267 879 2303 litterarum,
903 2274 990 2308 quas
1022 2262 1217 2304 adferebat,
1247 2265 1398 2300 lenitate
1418 2278 1559 2301 morum

128 2327 272 2351 suorum
295 2315 526 2359 temperavit,
557 2323 686 2356 easque
710 2309 878 2354 legendas
902 2308 1062 2342 tradidit.

225 2364 275 2397 16.
322 2361 469 2394 Barbari
503 2358 569 2392 sub
599 2359 739 2391 Iuliano
774 2357 944 2399 Apostata
977 2366 1102 2400 pacem
1133 2357 1338 2400 petierunt,
1370 2359 1434 2392 ille
1471 2372 1555 2394 vero

126 2410 309 2454 profectus
332 2414 398 2448 est,
414 2412 454 2440 ut
471 2417 550 2439 cum
575 2405 648 2437 illis
662 2405 887 2446 transigeret,
912 2407 946 2435 et
961 2402 1104 2436 obsides
1122 2403 1194 2435 sibi
1220 2403 1296 2436 dari
1323 2406 1440 2448 petiit.
1468 2407 1558 2440 Bar..

128 2455 204 2489 bari
230 2455 510 2499 responderunt,
532 2452 663 2484 multos
686 2451 756 2482 iam
782 2451 820 2482 in
846 2449 923 2480 eius
946 2453 1124 2493 potestate
1149 2460 1237 2483 esse.
1286 2450 1376 2483 Tum
1403 2451 1466 2485 ille
1491 2453 1557 2488 hos

128 2502 218 2535 beni
243 2503 342 2541 iure,
366 2511 439 2533 non
463 2499 506 2532 ab
531 2498 618 2542 ipsis
649 2496 800 2529 traditos
827 2494 961 2528 habere
985 2506 1023 2528 se
1040 2495 1150 2528 dixit:
1175 2507 1270 2528 nunc
1295 2509 1467 2542 quaerere
1491 2511 1557 2542 pa,

130 2550 178 2581 cis
204 2550 370 2593 pignora3
394 2545 576 2584 viderent,
601 2543 631 2576 si
655 2545 719 2587 qui
746 2546 865 2574 essent
888 2541 984 2585 apud
1008 2541 1103 2586 ipsos
1126 2542 1212 2575 huic
1235 2544 1286 2575 rei
1311 2544 1385 2588 apti
1411 2549 1448 2577 et
1471 2545 1556 2578 ido..

128 2594 200 2628 nei.
249 2595 339 2627 Cum
363 2592 458 2624 nihil
480 2591 699 2629 abnuerent,
724 2588 787 2621 sed
812 2587 956 2620 daturos
981 2598 1018 2620 se
1042 2590 1312 2632 promitterent,
1353 2602 1442 2635 quos
1479 2592 1556 2624 ele..

129 2642 256 2685 gissa,
281 2639 371 2683 regis
397 2638 512 2671 filium
545 2636 680 2681 poscit5
711 2646 816 2679 quem
853 2645 965 2667 unum
987 2645 1052 2677 pro
1075 2635 1198 2667 multis
1223 2635 1386 2669 obsidem
1412 2637 1555 2671 detine&

129 2692 202 2728 ret;
228 2687 258 2718 is
281 2692 399 2718 autem
424 2686 493 2717 iam
518 2684 614 2717 inter
635 2682 791 2725 captivos
818 2690 838 2712 a
855 2681 1022 2713 Romanis
1046 2681 1325 2715 custodiebatur.
1374 2682 1445 2716 Sed
1470 2683 1554 2717 bar-

130 2732 209 2766 bari
243 2733 359 2776 ipsum
390 2730 540 2775 periisse
576 2728 843 2768 existimantes,
867 2725 913 2759 ad
936 2726 1071 2760 luctum
1097 2732 1133 2761 et
1156 2738 1356 2761 moerorem
1381 2740 1451 2763 una
1472 2739 1553 2764 cum
