1924 3164
326 159 440 235 378
917 180 1194 223 EXCERPTA

137 285 177 319 A.
194 285 311 322 (2565
322 279 517 336 καὶπρὸς
538 279 639 331 τούς
665 278 906 336 βαρβάρους
932 280 1188 337 η’πιώτατος,
1218 281 1242 324 ὅ
1271 283 1318 326 δὲ
1335 284 1411 325 νῦν
1429 284 1653 340 Ῥωμαῶον
1681 288 1763 330 αὖέ-

146 332 532 414 ῙυῙεῖΞζίῗτοκράτωρ
561 345 665 402 πρὸς
691 345 849 395 πάντας
870 343 979 389 εἶναι
996 346 1195 402 βούλεται
1216 347 1518 405 φοβερώτατος.
1557 352 1607 394 οὖ
1622 352 1763 409 χρεών

279 408 400 475 υζοῦν
427 413 562 454 ταῦτα
590 409 688 460 τούς
714 410 984 468 Σαρακηνούς
1012 411 1314 469 ὄνειροπολεῖν·
1356 410 1406 455 οὗ
1444 414 1522 470 γάρ
1551 433 1591 458 τι
1623 419 1763 460 τοιοῦ-

317 493 390 519 τον
428 477 451 518 ὅ
494 478 591 518 καθ’
631 475 745 531 ἡμᾶς
778 475 980 531 βασιλεύς
1020 478 1153 521 ἕλοιτο
1195 483 1345 522 ποιεῖν.
1402 478 1548 523 εὐκτὸν
1585 482 1631 524 δὲ
1658 482 1763 536 ὑμῖν

318 540 536 598 γενήσεται
571 539 616 583 τὸ
655 539 731 596 τήν
776 539 943 599 εἰρήνην
981 542 1112 586 αὐτόν
1139 544 1300 587 ἐθέλειν
1327 541 1573 602 ἐρ’ῥαῗσθαι,
1601 545 1675 589 καὶ
1698 546 1789 604 μή5

320 607 491 650 οἴεσθαί
511 622 557 662 γε
586 603 718 649 αὐτὸν
735 606 906 650 ἔλαττον
931 607 1043 664 ἔχειν
1078 610 1320 664 ‘Pmpaac'ovg
1346 612 1391 653 ἐν
1414 616 1508 660 ταῖς
1538 606 1619 667 ἤδη
1646 624 1762 666 γεγε-’-

318 674 516 727 νημέναις
559 673 772 722 σπονδαῖς.
826 672 961 732 ταύτῃ
1000 673 1080 730 γὰρ
1117 671 1307 727 ἀνέξεται
1345 675 1404 731 μή
1445 673 1555 718 ὅπλα
1594 678 1760 719 κινεῖν.’·’

320 734 444 787 οὗτος
462 739 540 792 μὲν
558 733 633 780 οὖν
653 735 785 789 οὕτως
816 736 941 791 ἔλεξε.
997 742 1071 782 καί
1094 742 1192 798 περὶ
1216 743 1295 794 μὲν
1322 743 1405 784 τῶν
1430 744 1686 798 Σαρακηνῶν
1710 739 1758 784 τὸ

317 802 464 846 λοιπὸν
492 800 670 857 οὕδεμία
698 820 761 854 τις
787 806 960 862 ἐφέρετο
998 805 1153 862 μνήμη.
1209 807 1468 863 ἐπιτηρήσας
1499 799 1551 849 δὲ
1595 809 1654 865 τῷ
1689 807 1762 849 ‹50-

318 875 404 911 κεῖν
431 870 508 911 ov’n
535 870 727 925 ἐργωδῶς
756 869 873 927 ἀμφὶ
898 873 1103 921 Σουανίας
1135 871 1350 928 α’πέρᾘιψε
1379 871 1550 927 λόγους,
1580 870 1637 922 ὥς
1666 873 1816 918 &bomo

315 932 398 975 ὑπὸ
434 934 679 988 “Ρωμαιὀυς
720 932 850 991 αὖτήν
881 934 1163 991 καθεστάναι,
1203 935 1248 979 εἴ
1270 953 1316 991 γε
1344 939 1418 979 καί
1443 939 1638 993 Λαζικῆς
1664 939 1761 980 ἐπε-

192 1007 227 1039 Ρ.
244 998 490 1054 ι5ιλάβοντο
529 998 796 1053 ἐννομώτατα
846 1001 981 1045 αὖτοιὶ
1038 1001 1059 1045 ὃ
1103 1004 1149 1044 δὲ
1190 1004 1373 1059 Περσῶν
1415 1001 1615 1057 βασιλεὺς
1659 1001 1761 1052 τοὺς

314 1066 417 1120 περὶ
451 1068 659 1117 Σουανιάς
694 1069 774 1121 μὲν
812 1066 962 1123 λόγους
999 1066 1114 1119 ἔδοξε
1142 1070 1487 1125 παραδέχεσθαι,
1530 1069 1685 1124 χρῆναι
1713 1069 1762 1110 δὲ
1820 1094 1825 1102 =

312 1130 444 1175 αὐτὸν
475 1129 555 1188 ἔφη
584 1131 684 1188 περὶ
707 1131 864 1189 ταύτης
903 1130 992 1188 ἅμα
1031 1139 1118 1184 τοῖς
1147 1136 1192 1177 ἐν
1219 1136 1330 1176 τέλει
1356 1135 1437 1176 τῶν
1464 1133 1633 1189 Μήδων
1658 1137 1761 1188 βου-

310 1196 558 1241 λεύσασθαι.
602 1197 704 1252 μετὰ
733 1196 867 1241 ταῦτα
897 1198 919 1241 ὅ
945 1199 1137 1256 Ἰωάννης
1164 1199 1310 1255 λόγους
1334 1197 1571 1257 προσήγαγε
1595 1201 1653 1258 τῷ
1674 1198 1815 1254 Ζίχι5

309 1267 366 1322 τῷ
401 1267 472 1308 καί
502 1263 849 1322 Ἰεσδεγουσνὰφ,
880 1265 956 1308 καὶ
991 1267 1070 1319 μὲν
1114 1261 1191 1308 οὖν
1229 1263 1380 1323 ἑτέροις
1419 1267 1508 1307 τισί
1532 1265 1615 1307 τῶν
1642 1263 1757 1322 παρὰ

311 1330 507 1386 Πέρσαις
532 1329 760 1385 ἡγεμόνων.
787 1329 827 1372 οἱ
857 1333 904 1373 δὲ
937 1329 1092 1385 ἔλεξαν,
1125 1331 1183 1381 ὥς
1208 1329 1460 1384 ἑτοιμότατοι
1486 1328 1623 1384 ἔχοιεν
1649 1333 1760 1373 Σου-

313 1395 432 1446 ανιἀς
461 1398 772 1452 παραχωρῆσαι
793 1393 1048 1450 εΡωμαίοις,
1090 1393 1202 1438 οὕτω
1229 1399 1374 1450 μέντοι
1400 1397 1469 1453 ἐφ’
1497 1390 1532 1455 ᾦ
1554 1388 1758 1452 χρήματα

312 1460 529 1516 λήψεσθαι
568 1460 643 1503 καὶ
680 1455 801 1504 ὤνιον
840 1464 999 1504 θέσθαι
1040 1460 1115 1517 τήν
1153 1458 1410 1516 ἀπαλλαγήν.
1469 1454 1545 1503 καί
1577 1458 1682 1517 πρός
1711 1476 1759 1515 γε

185 1527 525 1582 νηοασυνθήκας
566 1522 697 1576 ἄλλοις
736 1525 852 1576 τινας
889 1529 976 1570 δεῖν
1018 1526 1204 1584 ἐῲασκον
1241 1530 1465 1582 γενέσθαι,
1507 1526 1689 1582 αἶσχράς
1713 1542 1814 1576 '1⁶20

311 1595 385 1636 καί
410 1594 584 1643 α’ναξιάς
607 1595 682 1648 τῆς
703 1590 935 1647 εΡαῃιαιόον
963 1590 1127 1651 ἀρχῆς,
1170 1595 1244 1635 καὶ
1275 1593 1531 1649 βεβαιούσας
1558 1594 1758 1646 οὐδαμῶς

279 1657 395 1715 Βτήν
429 1660 528 1715 περί
568 1661 776 1713 βασιλέως
818 1655 1044 1702 Ἰουστίνου
1082 1659 1352 1715 κρατήσασαν
1392 1657 1542 1712 δόξαν,
1583 1655 1758 1708 ὥςέστι

311 1724 429 1780 μάλα
456 1722 664 1781 ἐμβριθής
690 1740 736 1766 τε
774 1726 849 1766 καί
873 1725 1243 1781 κατηκριβωμένος.
1295 1723 1488 1780 Ἰωάννης
1516 1726 1562 1767 δὲ
1589 1722 1641 1767 τοὶ
1669 1739 1758 1767 τοι-

406 1806 438 1851 4.
465 1803 557 1852 ἡμῖν
573 1805 668 1851 vulg.
752 1816 786 1850 9.
809 1795 851 1838 τό
882 1805 975 1838 coni.
1000 1803 1044 1838 N.
1540 1800 1543 1803 ’
1753 1788 1755 1790 ¹

313 1888 386 1925 que
408 1889 484 1912 non
512 1880 658 1922 oportet
681 1876 877 1911 Saracenos
901 1877 991 1910 baec
1011 1876 1083 1910 sibi
1106 1877 1246 1910 somnia
1270 1875 1415 1921 fingere.
1445 1873 1641 1922 Nunquam
1659 1877 1758 1910 enim

310 1926 513 1970 Imperator
536 1925 628 1958 haec
652 1922 771 1957 facere
803 1923 1012 1958 sustinebit.
1060 1923 1175 1956 Vobis
1210 1927 1332 1956 autem
1368 1922 1567 1967 optandum
1602 1927 1680 1962 est,
1715 1927 1759 1957 ut

313 1982 442 2017 pacem
466 1980 607 2006 servare
631 1971 671 2003 in
695 1971 855 2003 animum
884 1981 988 2003 suum
1014 1968 1175 2010 inducat,
1211 1976 1333 2014 neque
1356 1969 1539 2002 existimet
1567 1965 1778 2003 soedemm'

313 2019 575 2052 conventiones
589 2017 629 2050 in
651 2018 777 2062 aliqua
791 2028 829 2050 re
854 2018 1094 2050 Romanorum
1113 2017 1336 2049 maiestatem
1359 2015 1504 2050 laedere
1528 2020 1566 2048 et
1580 2017 1755 2049 minuere·¹

314 2065 354 2098 Si
380 2064 478 2098 enim
502 2064 542 2096 id
567 2064 812 2106 existimaret,
834 2064 879 2097 ab
904 2065 1010 2097 armis
1035 2061 1236 2096 inferendis
1257 2074 1330 2095 non
1357 2062 1589 2096 abstineret.''
1634 2063 1757 2107 Atque

311 2111 374 2144 hic
397 2110 444 2143 ad
467 2110 566 2144 hunc
592 2109 741 2143 modum
779 2114 836 2143 est
872 2110 1036 2152 locutus,
1072 2120 1193 2154 neque
1226 2107 1395 2153 deinceps
1428 2109 1504 2142 ulla
1536 2107 1674 2142 mentio
1707 2107 1757 2142 de

313 2157 501 2190 Saracenis
526 2161 581 2190 est
603 2157 725 2190 facta:
762 2156 827 2190 sed
849 2169 934 2191 mox
957 2156 1104 2190 devenit
1128 2157 1167 2189 in
1196 2166 1397 2188 sermonem
1420 2154 1466 2188 de
1493 2155 1647 2189 Suaniaz
1672 2165 1755 2187 cum

312 2213 529 2249 magnopere
563 2203 738 2244 cavisset,
772 2214 819 2237 ne
851 2202 891 2236 id
922 2203 967 2238 de
998 2202 1177 2236 industria
1209 2203 1328 2235 facere
1357 2200 1561 2243 videretur,
1585 2200 1755 2248 quando·-

315 2251 462 2294 quidcm
489 2250 617 2284 Lazica
640 2250 779 2295 optimo
817 2250 898 2284 iure
939 2249 1015 2283 illis
1045 2250 1212 2282 restituta
1247 2253 1360 2288 esset,
1401 2252 1568 2294 oportere
1605 2255 1756 2293 quoque

314 2295 431 2340 ipsam
455 2297 628 2330 Suaniam
651 2297 893 2330 Romanorum
917 2296 1089 2341 potestati
1111 2296 1283 2341 permitti.
1315 2294 1422 2328 visus
1448 2299 1502 2327 est
1525 2298 1645 2328 autem
1668 2293 1756 2328 Per-

315 2352 435 2375 sarum
458 2355 521 2376 rex
546 2352 729 2377 sermones
758 2343 803 2377 de
829 2343 965 2377 Suania
993 2342 1182 2387 excipere,
1218 2348 1255 2376 et
1281 2341 1351 2375 sibi
1386 2340 1542 2385 amplius
1574 2340 1620 2374 de
1648 2350 1691 2374 ea
1713 2346 1754 2374 re

316 2399 399 2422 cum
433 2389 662 2434 principibus
694 2390 887 2424 Medorum
919 2388 1196 2423 deliberandum
1228 2388 1331 2421 dixit.
1402 2387 1477 2420 Nec
1518 2387 1634 2421 multo
1671 2391 1757 2432 post

314 2436 472 2471 Ioannes
496 2435 719 2481 colloquium
745 2436 878 2470 habuit
902 2448 982 2470 cum
1008 2435 1127 2476 Zich0‚
1163 2435 1228 2480 qui
1261 2433 1367 2468 etiam
1392 2431 1658 2478 lesdegusnaph
1683 2443 1756 2467 nod

314 2481 545 2522 minabatur,
579 2488 617 2515 et
639 2483 791 2528 reliquis
817 2482 1003 2516 Persarum
1026 2482 1253 2527 primoribus.
1301 2479 1362 2513 Illi
1386 2480 1535 2524 quidem
1570 2479 1758 2520 dixeruntf

316 2533 461 2574 paratos
485 2539 522 2561 se
548 2538 625 2561 esse
650 2530 819 2563 Romanis
850 2530 978 2563 cedere
1003 2529 1173 2563 Suaniam
1215 2527 1283 2560 bac
1328 2525 1559 2567 conditione,
1592 2531 1634 2559 ut
1667 2536 1759 2570 pre--

319 2574 414 2608 tium
439 2576 517 2608 eius
546 2574 751 2618 acciperent
780 2581 817 2608 et
842 2577 918 2610 eius
947 2577 1143 2610 cessionem
1175 2572 1395 2613 venderent,
1429 2573 1632 2618 multasque
1662 2572 1759 2605 alias·

321 2622 580 2655 conventiones
616 2622 656 2654 in
690 2622 850 2655 medium
880 2622 1134 2668 proponebant
1166 2625 1289 2665 turpes
1329 2623 1367 2652 et
1400 2619 1564 2664 indignas
1600 2618 1757 2651 Romani-

320 2667 466 2712 imperii
490 2668 699 2708 maiestate,
725 2673 761 2701 ct
785 2678 878 2713 quae
902 2669 1051 2702 minime
1076 2666 1347 2706 existimationi,
1371 2677 1478 2710 quam
1504 2665 1664 2699 Iustinus
1686 2663 1753 2697 ad-

324 2720 427 2760 eptus
456 2718 552 2757 erat,
585 2714 872 2750 consentiebant.
924 2715 1052 2752 Gravis
1082 2714 1178 2748 enim
1202 2718 1238 2747 et
1261 2712 1347 2747 elati
1372 2713 1484 2746 animi
1514 2713 1587 2753 vir,
1620 2715 1658 2744 et
1686 2710 1754 2756 qui
