1924 3164
346 167 460 234 334
935 183 1214 235 nemra

141 316 144 324 ,
155 299 195 333 Α,
209 297 246 331 c.
264 298 333 343 579
341 290 425 332 τῶν
436 285 662 341 Ῥωμαίων
671 282 971 339 αὐτοκράτορος
982 286 1025 334 ἒς
1036 285 1112 340 τήν
1132 285 1330 340 διάβασιν
1340 291 1786 344 παρασκευαζομένων.

192 345 270 378 Ind.
289 357 300 379 ι
309 357 328 378 2

175 392 298 426 Tiber.
310 404 330 425 2

342 357 467 397 τοῦτο
485 353 566 407 γάρ
597 350 647 405 δή
677 352 751 392 καί
774 349 980 405 πρότερον
1006 351 1110 407 πρὸς
1134 349 1266 408 χάριν
1293 353 1618 407 τοῢῬΡωμαίων
1658 359 1784 409 βασι-

233 423 445 474 ν,86λὲως
471 420 649 473 πρᾶξαι,
676 418 751 458 καί
774 415 932 466 πολλάς
960 418 1241 472 αἰχμαλώτων
1267 417 1482 473 μυριάδας
1505 421 1552 462 ἐκ
1576 423 1650 476 τῆς
1671 422 1787 464 ‘Pm-

296 485 478 540 Βμαίων
505 486 580 538 γῆς
607 485 861 538 Σκλαβηνοῖς
901 484 1228 536 δεδουλωμένων
1267 486 1494 540 ἐλευθέρας
1524 480 1650 536 αὖθις
1673 487 1788 530 Ῥω·-

336 549 479 605 μαίοις
519 549 763 592 α’ποδοῦναι.
817 549 894 590 νῦν
933 551 981 591 δὲ
1012 548 1219 605 ὑβρίσθαι
1256 550 1336 603 μὲν
1378 549 1622 606 &hy-smper,-
1649 549 1813 595 αΰτῶνό

340 611 390 657 οὕ
432 615 700 669 βουλομένων
734 612 780 656 τὸ
823 617 1065 668 συνταχθὲν
1103 618 1330 671 τηνικαῦτα
1370 617 1487 665 τέλος
1525 615 1640 673 παρὰ
1666 620 1788 674 σφῶν

338 683 433 722 καθ’
462 681 634 723 ἕκαστον
669 678 760 731 ἔτος
787 681 853 723 ἐπ’
884 680 1016 723 απῗτὸν
1052 682 1356 724 κατατιθέναι·
1393 680 1469 723 καί
1511 685 1707 739 πρέσβεις
1741 684 1789 725 δὲ

333 745 532 803 ἶΑβάρων
570 747 793 795 σταλέντας
831 745 941 803 πρὸς
977 748 1118 790 αὐτῶν
1157 743 1411 805 ἀνῃρῆσθαι.
1469 747 1542 790 διὰ
1580 747 1712 791 ταῦτά
1741 764 1789 791 τε

337 810 456 869 ἥκειν
481 814 525 862 ἐς
551 812 625 856 τὸν
652 813 784 865 Σάον,
822 811 897 854 καὶ
935 811 1008 855 ἐπὶ
1046 812 1180 871 τούτῳ
1224 815 1422 869 πρέσβεις
1449 814 1640 873 ἐκέλευσε
1667 817 1789 867 δέξω·-

338 882 445 922 σθαι
472 881 572 934 παρ’
599 879 735 921 αὐτοῦ
761 877 835 920 τὸν
849 880 994 934 Σῆθον
1021 881 1357 940 σταλησομὲνους
1385 881 1438 921 δι’
1467 880 1601 923 αὐτοῦ
1627 880 1686 930 ὥς
1713 878 1842 922 τόνιι)

334 944 628 1001 αὐτοκράτορα
644 977 657 997 ,
686 942 769 987 καί.
785 944 1028 1000 αἰτήσοντας
1055 942 1378 1001 παρασκευάσαι
1404 944 1511 988 κατὰ
1539 945 1609 988 τὸν
1624 942 1789 1002 Ἴστρον

338 1006 453 1067 αὐτῷ
490 1008 543 1052 τὰ
586 1014 713 1052 πλοῖα
753 1011 1114 1066 διαπεραιοῦσθαι
1147 1011 1343 1063 μέλλοντι
1381 1010 1490 1053 κατὰ
1519 1014 1786 1066 Σκλαβηνῶνι

303 1113 307 1118 .
339 1075 509 1130 ὀμνύειν
536 1092 579 1118 τε
607 1074 744 1130 ἔλεγεν
773 1075 887 1130 ἔχειν
915 1072 1087 1129 ἓτοιζιιως
1117 1074 1219 1125 τούς
1242 1077 1539 1130 νομιζομένους
1566 1077 1789 1131 μεγίστους

337 1139 455 1199 παρά
482 1158 527 1184 τε
549 1141 750 1197 Ἀβάροις
777 1143 854 1184 καί
874 1141 1110 1196 εΡωμαίοις
1136 1138 1286 1197 ὅρκους
1304 1176 1317 1196 ,
1357 1142 1415 1192 ὥς
1451 1141 1652 1195 οὐδεμίαν
1691 1141 1786 1185 τινὰ

220 1207 451 1257 Ragnar&
483 1208 713 1260 εΡωμαίων
753 1204 783 1263 ἢ
824 1205 930 1250 κατὰ
969 1210 1045 1262 τῆς
1082 1208 1261 1264 Σιρμίου
1308 1207 1468 1257 πόλεως
1491 1205 1844 1263 μηχανώμενοςιό

338 1275 522 1330 βλάβην,
553 1276 641 1316 ἀλλ’
672 1274 745 1315 ἐπὶ
770 1275 823 1332 τῇ
849 1275 927 1316 τοῦ
958 1271 1109 1322 ἔθνους
1148 1275 1234 1315 τῶν
1261 1275 1512 1328 Σκλαβηναῖν
1552 1271 1690 1330 ἐφόδῳ
1716 1271 1791 1328 τήν

335 1344 533 1396 γέφυραν
560 1336 755 1392 βούλοιτο
784 1339 1016 1395 πήξασθαι.
1042 1340 1176 1382 ταῦτα
1205 1335 1253 1381 οὗ
1281 1338 1406 1382 πιστὰ
1434 1340 1512 1393 μὲν
1541 1335 1636 1382 οὔτε
1663 1339 1790 1396 Σήθῳ

336 1406 455 1463 αὐτῷ
479 1399 571 1447 οὔτε
588 1410 674 1454 τοῖς
689 1407 734 1447 ἐν
744 1403 962 1460 Σιγγηδόνι
990 1404 1123 1447 ε’δόκει
1135 1404 1380 1459 εΡωμαίοις.
1410 1401 1524 1459 ὅμως
1545 1407 1591 1448 δὲ
1611 1400 1703 1447 οῧτι
1713 1421 1790 1446 πω-

336 1469 552 1528 ρασκευήν
575 1468 724 1526 ἱκανήν
749 1470 862 1524 ἔχειν
891 1467 1089 1523 οἰόμενοι,
1107 1472 1376 1526 στρατιωτῶν
1402 1486 1449 1512 τε
1478 1471 1628 1525 ὀλίγων
1651 1470 1793 1519 αὐτοῖς

341 1535 564 1593 παρόντων
596 1538 669 1578 καί
699 1532 925 1592 δρομάδων
952 1538 1056 1578 νεῶν
1082 1537 1247 1578 πολλῶν
1275 1536 1327 1577 οὗ
1355 1538 1590 1592 παρουσῶν,
1621 1532 1690 1578 οἷα
1716 1538 1845 1590 τῆςαο

342 1600 542 1658 κινήσεως
555 1602 712 1657 ταύτης
730 1601 927 1658 ἐξαίφνης
942 1617 987 1643 τε
1007 1603 1079 1643 καί
1093 1599 1415 1657 ἀπροσδοκήτως
1432 1603 1653 1656 γενομένης
1665 1618 1678 1628 ·
1699 1598 1790 1654 ἅμα

341 1684 388 1710 τε
415 1671 489 1710 τοῦ
514 1666 719 1722 Χαγάνου
741 1669 970 1710 διαπειλεῖν
997 1668 1232 1722 ἀρξαμένου
1278 1669 1350 1709 καὶ
1387 1665 1790 1723 διαμαρτύρασθαι,

342 1732 401 1782 ὥς
444 1732 572 1783 αότὸς
607 1734 687 1786 μὲν
726 1738 820 1782 ταῖς
859 1730 966 1788 πρὸς
1002 1730 1247 1785 ζΡωμαιόυς
1298 1733 1637 1785 συντεθειμένους
1675 1731 1793 1789 minii

441 1825 470 1846 ι.
494 1810 595 1858 τῶν]
629 1812 700 1845 τοῦ
726 1812 819 1844 coni.
845 1811 884 1844 B.
988 1811 1020 1845 5.
1043 1810 1172 1844 αὐτῶν
1195 1811 1292 1852 Val.,
1329 1804 1449 1846 av'tzir
1469 1811 1562 1856 vulg.
1638 1821 1688 1845 xo.
1713 1810 1791 1853 Σῆ-

436 1861 512 1893 θον
538 1859 604 1899 Η.,
630 1857 748 1900 δῆδον
771 1857 882 1902 vulg„
905 1856 1022 1899 δῆθεν
1045 1870 1112 1903 mg.
1138 1859 1182 1893 H.
1257 1870 1312 1893 21.
1337 1867 1376 1892 τε
1399 1857 1466 1899 Ν.,
1493 1861 1541 1903 τῷ
1567 1856 1662 1902 vulg.

344 1938 390 1972 ab
416 1939 638 1983 Imperatore
669 1938 911 1971 Romanorum
947 1937 1152 1982 impetratis
1178 1936 1343 1971 navibus.
1392 1937 1493 1971 Idem
1517 1947 1556 1971 se
1585 1937 1656 1970 iam
1682 1940 1790 1970 antea

339 1982 384 2019 ¹in
415 1986 567 2031 gratiam
599 1985 844 2028 Romanorum
875 1984 1107 2029 Imperatoris
1145 1984 1296 2025 fecisse,
1340 1989 1377 2017 et
1407 1984 1520 2017 multa
1550 1985 1791 2017 Romanorum

341 2033 487 2074 millia,
522 2031 587 2078 qui
613 2032 652 2063 in
676 2032 888 2064 servitutem
913 2042 933 2064 a
958 2030 1133 2064 sclavinis
1159 2031 1296 2064 redacti
1320 2031 1496 2071 fuissent,
1526 2029 1698 2064 libertate
1723 2029 1792 2063 do-

343 2085 453 2118 nata,
482 2079 654 2111 Romanis
677 2077 889 2111 restituisse.
938 2078 1044 2111 Nunc
1066 2089 1150 2111 vero
1177 2077 1340 2118 dicebat,
1379 2088 1416 2110 se
1442 2087 1463 2109 a
1488 2076 1663 2113 Sclavinis
1690 2077 1792 2109 iniu-

345 2127 400 2159 ria
426 2127 611 2165 affectum‚
637 2125 722 2170 quia
746 2124 890 2158 nollent
913 2125 1094 2158 tributum
1118 2126 1312 2169 quotannis
1338 2124 1402 2157 illo
1420 2129 1581 2168 tempore
1610 2123 1790 2156 indictum

345 2172 419 2206 sibi
453 2172 621 2212 solvere,
658 2177 735 2204 tum
763 2171 874 2218 etiam
907 2171 994 2217 quia
1018 2170 1170 2204 Avarum
1197 2172 1331 2214 legatos
1355 2182 1376 2204 a
1404 2181 1442 2203 se
1465 2170 1593 2203 missos
1623 2169 1792 2202 sustulis-

346 2224 449 2259 sent,
478 2223 515 2252 et
539 2229 619 2251 eam
644 2228 721 2252 esse
743 2228 900 2257 causam,
926 2230 990 2252 cur
1014 2216 1061 2250 ad
1087 2218 1194 2251 Saum
1223 2217 1439 2250 accessisset.
1489 2218 1614 2262 [taque
1639 2216 1791 2249 Sethum

348 2267 515 2309 excipere
542 2265 650 2298 iussit
685 2265 843 2310 legatos,
877 2275 970 2309 quos
996 2263 1042 2297 ad
1075 2265 1333 2308 Imperatorem
1365 2262 1564 2302 mittebat,
1595 2263 1660 2308 qui
1683 2267 1790 2307 pete-

345 2317 447 2352 rent,
482 2317 525 2345 ut
561 2311 634 2345 sibi
658 2312 698 2345 in
724 2312 911 2346 Sclavinos
944 2312 1140 2344 traiecturo
1167 2321 1274 2345 naves
1305 2321 1371 2355 per
1394 2311 1524 2343 Istrum
1549 2313 1789 2353 praepararet.

344 2356 502 2399 Adiecit,
527 2368 564 2391 se
589 2370 655 2404 per
681 2369 744 2399 ea,
769 2370 860 2404 quae
881 2363 918 2392 et
937 2357 1033 2402 apud
1058 2359 1255 2398 Romanos,
1281 2363 1318 2390 et
1331 2357 1459 2398 Avares
1476 2356 1697 2389 sanctissima
1721 2354 1792 2389 ha-

345 2403 502 2444 bentur,
538 2410 703 2448 paratum
728 2406 847 2440 iurare
862 2431 872 2447 ,
905 2416 942 2438 se
967 2404 1111 2438 nullum
1135 2404 1305 2438 damnum
1331 2404 1485 2447 cogitare
1510 2407 1574 2435 aut
1598 2401 1792 2441 Romanis,

346 2456 411 2485 aut
435 2450 571 2495 oppido
597 2452 727 2486 Sirmio
752 2453 909 2492 inferre,
939 2452 1003 2485 sed
1031 2455 1190 2492 tantum,
1224 2460 1297 2496 quo
1321 2449 1392 2483 sibi
1418 2450 1557 2483 aditum
1583 2449 1630 2482 ad
1652 2447 1790 2483 sclavi-

346 2507 415 2530 nos
439 2497 652 2541 patefaciat,
676 2505 822 2543 pontem
849 2500 968 2533 facere
992 2498 1207 2534 instituisse.
1254 2497 1319 2531 His
1346 2495 1493 2542 quidem
1507 2494 1638 2528 Sethus
1665 2500 1702 2529 et
1716 2494 1789 2527 Ro-

344 2544 466 2584 mani,
494 2544 557 2588 qui
582 2543 789 2589 Singedonc
816 2551 941 2586 erant,
964 2544 1114 2578 minime
1143 2543 1315 2578 fidebant.
1365 2542 1436 2576 Sed
1462 2554 1499 2576 se
1527 2542 1659 2576 idoneo
1685 2552 1789 2576 exer-

345 2592 422 2624 citu
463 2590 678 2630 instructos,
711 2598 774 2625 aut
797 2592 976 2626 militibus
1008 2591 1163 2638 (paucos
1189 2590 1285 2624 enim
1309 2588 1517 2634 habebant)
1550 2593 1613 2621 aut
1634 2587 1788 2622 navibus

342 2636 530 2678 velocibus
555 2637 706 2670 minime
730 2640 817 2672 satis
842 2644 989 2683 paratos
1015 2648 1091 2672 esse
1116 2636 1333 2681 cogitabant.
1381 2636 1450 2669 Hic
1474 2636 1572 2669 enim
1596 2640 1718 2668 motus
1741 2633 1788 2666 de

343 2683 540 2728 improviso
576 2688 612 2716 et
639 2690 783 2727 praeter
820 2696 922 2730 spem
956 2683 1145 2719 acciderat.
1194 2683 1380 2718 Praeterea
1407 2682 1598 2727 Chaganus
1627 2679 1791 2716 minitari

344 2730 467 2777 coepit·
500 2734 538 2764 et
561 2730 772 2773 testificari,
803 2742 841 2766 se
872 2732 992 2766 solum
1022 2730 1213 2768 conventis
1240 2731 1340 2766 iuter,
1364 2739 1401 2762 se
1427 2734 1464 2763 et
1487 2730 1664 2774 Romano}
1687 2727 1787 2773 pacis
