1924 3164
307 167 421 224 366
883 182 1165 227 ExcERPTA

115 291 287 327 A.C.562
304 285 533 342 α’,ιιηχάνων
558 285 603 329 τὸ
636 280 795 340 ἄπορον
822 279 1060 340 ἆνεθέμεθα
1079 321 1091 340 ‚
1129 285 1468 346 μηχανησαμένη)
1496 284 1549 332 τὰ
1590 291 1753 333 δέοντα.

113 339 381 420 Ῑυέῗίἱξὶὲἒμία
409 351 486 406 γάρ
515 352 577 399 τίς
601 352 692 392 ἐστι
716 346 944 407 τελεωτάτη
971 354 1046 394 τοῦ
1074 352 1258 407 πολέμου
1287 350 1528 408 κατάλυσις,
1548 353 1595 397 τὸ
1622 371 1754 411 προσ-

262 421 481 473 Βτεθῆναι
522 415 596 457 καί
627 415 837 458 Σουανίαν
875 415 999 471 ἡμῖν,
1050 417 1164 474 εἴπερ
1206 420 1399 473 Λαζικῆς
1437 418 1576 476 κύριοι
1627 425 1749 463 καθε-

301 482 523 539 στήκαμεν.
580 479 603 522 ὅ
640 479 723 538 γὰρ
775 480 984 531 δεσπόσας
1021 484 1099 525 τοῦ
1138 481 1389 539 ἡγεμονικοῦ
1415 487 1505 534 πῶς
1546 486 1627 540 οὐχ
1666 490 1749 539 ἕξει

300 548 346 592 τὸ
375 545 662 602 ὖποβεβηκόςς
695 542 791 590 οὔτε
828 546 909 602 γὰρ
954 548 1100 600 Λαζοί
1147 545 1240 591 οὔτε
1277 547 1364 605 μὴν
1403 551 1530 593 αὐτοὶ
1568 549 1777 595 Σουοὶνοιό

300 611 406 670 πρὸς
434 610 748 669 ἀμφισβήτησιν
777 612 903 666 ἴοιεν,
932 613 989 663 ὥς
1019 611 1100 668 οὔχ
1126 612 1308 670 ὑπήκοος
1337 614 1363 671 ἦ
1392 617 1576 658 ,Σουανία
1596 619 1753 669 Λαζῶν

299 680 506 720 ἀνέκαθεν
528 673 602 734 ἦν,
641 681 714 721 καί
740 674 806 721 ὅτι
834 677 965 738 ψήφῳ
993 681 1070 722 τοῦ
1090 681 1249 732 Λαζῶν
1269 683 1476 734 βασιλέως
1505 681 1527 723 ὁ
1543 672 1752 732 Σουανιάς

300 741 440 800 ἄρξων
467 743 513 786 τὸ
546 746 672 800 κῦρος
700 746 904 799 ἑδέχετο.”
933 749 1052 788 ταῦτ’
1079 745 1207 788 εἰπών
1236 747 1404 802 Πέτρος
1432 749 1477 790 ἐν
1504 745 1752 804 γράμμασιν

299 811 517 852 ἐπεδείκνυ
546 809 719 868 Χοσρόῃ
747 813 1029 867 παλαιτέρους
1058 813 1219 863 Λαζῶν
1246 815 1460 867 βασιλεῖς,
1484 816 1576 856 ’καί
1601 810 1753 864 ἄλλους

297 873 387 917 ὑπὸ
428 871 566 919 ἄλλων
602 879 979 932 χειροτονηθέντας
1023 875 1221 919 Σουάνων
1264 879 1479 932 βασιλέας.
1551 876 1643 922 εἶτα
1664 881 1806 931 nullo

302 936 431 991 αὖθις
458 940 581 992 ἔλεξε·
608 944 712 996 „tofi
737 944 903 984 δικαίου
930 941 1071 985 τοίνυν
1098 943 1211 996 ἡμῖν,
1241 937 1275 985 ὦ
1302 943 1490 997 βασιλεῦ,
1519 944 1594 987 καί
1614 949 1751 988 Bova-

170 1009 395 1055 Ρ.ι44νιάν
419 1010 705 1063 παρέχοντος,
736 1008 840 1062 οὕχί
865 1007 918 1050 σύ
953 1007 1218 1064 προτηρήσας
1245 1011 1290 1051 ἐν
1307 1009 1443 1063 κέρδει
1471 1009 1641 1065 σχήσεις
1669 1011 1753 1064 ιῖμ-

299 1070 484 1130 φότερα,
526 1075 601 1115 καί
637 1072 684 1115 τὸ
727 1071 848 1125 δόξαι
886 1072 941 1130 μὴ
989 1074 1149 1116 ἀδικεῖν
1186 1075 1259 1116 καί
1281 1072 1326 1116 τὸ
1358 1077 1493 1117 δοκεῖν
1521 1076 1781 1132 δωρεῖσθαι,

297 1137 346 1182 τὸ
374 1141 585 1195 προσῆκον
613 1141 764 1191 πᾶσινς
794 1135 905 1181 οὕτω
933 1136 1013 1194 γὰρ
1046 1135 1100 1181 ἂν
1127 1141 1204 1181 καί
1227 1138 1248 1181 ὅ
1279 1143 1379 1182 καθ’
1411 1140 1524 1195 ἡμᾶς
1550 1141 1752 1195 βασιλεὺς

297 1204 425 1248 οἴοιτο
452 1201 718 1259 ἀδικεῖσθαι,
744 1203 828 1260 εἴγε
855 1203 903 1247 τὸ
937 1206 1085 1247 οἰκεῖον
1113 1202 1254 1261 ὥσπερ
1285 1208 1421 1262 δῶρον
1447 1206 1628 1262 λήψεται
1652 1204 1806 1263 παρίὃ

296 1269 442 1324 ὑμῶν,
472 1272 562 1312 ἐπεὶ
591 1270 665 1312 καὶ
690 1270 886 1326 Λαζικὴν
915 1268 1044 1312 οἴεται
1074 1271 1150 1312 οῦκ
1179 1265 1315 1320 ἄλλως
1352 1270 1476 1325 ἔχειν.
1533 1274 1751 1327 διαβεβαι-

192 1344 287 1392 V.97
302 1338 489 1389 ουμένων
507 1336 593 1392 Ιγὰρ
616 1336 736 1391 ἡμῶν
763 1337 836 1378 καί
858 1338 1139 1391 ἐναργέστατα
1169 1334 1418 1379 δεικνύντων
1446 1336 1502 1387 ὥς
1523 1338 1752 1391 ζΓόιῃιαίιιιν

297 1400 344 1443 ἐκ
371 1403 568 1444 πλείστου
595 1401 753 1458 χρόνου
782 1404 918 1457 κτῆμα
938 1434 950 1455 ,
991 1403 1189 1451 ἀντεῖπας
1219 1400 1347 1452 αὕτὸς
1373 1405 1430 1460 τῷ
1457 1406 1535 1445 τοῦ
1565 1404 1749 1458 πολέμου

295 1465 410 1526 νόμῳ
439 1466 637 1523 Λαζικὴν
667 1464 990 1520 οἰκειώσασθαι,
1030 1468 1104 1508 καί
1136 1463 1277 1521 ὅμως,
1315 1469 1375 1524 τῷ
1409 1466 1642 1522 βούλεσθαι
1674 1468 1751 1524 τὴν

391 1558 422 1582 ι.
446 1539 515 1581 τὸν
539 1545 664 1592 πόρον
687 1546 752 1587 Η.,
788 1543 830 1579 τὸ
859 1545 1028 1591 εὔπορον
1059 1546 1100 1582 B.
1264 1548 1565 1593 μηχανησαμένῳ
1592 1547 1635 1579 Η.
1656 1558 1750 1592 mg.,

386 1595 716 1640 μηχανησαμένων
753 1593 849 1638 vulg.
967 1594 1000 1627 6.
1029 1594 1129 1627 ἴοιεν
1151 1591 1215 1633 Ν.,
1241 1595 1388 1626 εἴποιεν
1413 1593 1479 1634 Η.,
1505 1593 1627 1628 ἴδοιεν
1651 1596 1748 1640 vulg.

389 1644 423 1679 8.
458 1640 575 1685 κῦρος
613 1641 655 1674 Η.
677 1665 687 1681 ,
708 1638 841 1686 κύριος
870 1639 963 1684 vulg.
1112 1652 1161 1674 ιο.
1179 1639 1366 1686 βασιλέας]
1396 1639 1584 1686 ἡγεμόνας
1609 1641 1749 1687 H.mg.,

360 1709 364 1712 -
387 1688 581 1732 βασιλείας
606 1686 661 1719 ed.
686 1687 760 1720 Par.
838 1698 887 1721 ιι.
914 1685 991 1733 καὶ]
1014 1683 1081 1728 τήν
1105 1686 1147 1719 Ν.
1249 1686 1299 1731 ι4.
1325 1687 1411 1720 οὔτε
1433 1697 1500 1733 pro
1527 1685 1625 1721 οὕτω
1651 1690 1749 1727 coni,

388 1734 434 1769 N.
534 1735 586 1768 15.
612 1732 749 1780 οἴοιτο]
778 1731 850 1766 οὔκ
876 1732 958 1766 add.
994 1733 1069 1766 val.

293 1802 567 1837 imminentium
592 1802 914 1847 exspectationem.
962 1800 1035 1834 Nos
1062 1801 1160 1835 enim
1187 1800 1301 1834 dubia
1326 1807 1363 1836 et
1387 1807 1628 1843 controversa,
1654 1813 1750 1849 quae

295 1861 416 1883 secare
442 1861 516 1883 non
541 1850 743 1894 potuimus,
767 1848 814 1882 ad
828 1853 864 1881 te
882 1849 1085 1888 reiecimus,
1112 1854 1153 1881 ut
1177 1859 1269 1894 quae
1297 1850 1535 1883 convenirent
1559 1855 1746 1885 statueres.

296 1897 409 1930 Unica
435 1896 532 1929 enim
555 1900 594 1929 ct
613 1895 690 1929 sola
715 1895 804 1929 belli
833 1906 978 1939 prorsus
1003 1894 1160 1928 finiendi
1199 1896 1292 1928 ratio
1318 1901 1395 1938 est,
1432 1896 1463 1930 si
1499 1897 1648 1943 quidem
1678 1896 1748 1929 do-

295 1942 389 1977 mini
415 1944 564 1976 Lazicae
587 1953 724 1982 summ,
750 1948 793 1975 ut
817 1940 987 1976 Suaniam
1014 1952 1162 1986 quoque
1187 1942 1293 1975 nobis
1320 1943 1499 1977 restituas.
1552 1942 1627 1989 Qui
1651 1943 1750 1977 enim

279 1990 500 2024 ,dominium
526 1989 732 2035 assequitur
755 1989 846 2030 eius,
881 1988 980 2035 quod
1015 1988 1189 2033 imperat,
1216 1989 1279 2034 qui
1312 1989 1391 2023 ficri
1423 1994 1568 2034 potest,
1605 1995 1647 2023 ut
1673 2000 1750 2023 non

297 2048 446 2084 quoque
471 2037 638 2071 dominus
666 2036 714 2070 sit
761 2036 852 2075 eius,
886 2035 986 2080 quod
1017 2036 1124 2068 alteri
1148 2034 1276 2079 paret?
1322 2036 1435 2082 Atqui
1461 2036 1568 2076 Lazi,
1601 2035 1666 2069 sed
1700 2047 1749 2071 ne

297 2084 448 2130 quidem
473 2085 544 2129 ipsi
571 2084 707 2123 Suani‚
732 2081 882 2115 minime
909 2082 948 2115 in
974 2081 1127 2115 dubium
1156 2084 1424 2124 revocaverint,
1461 2083 1571 2116 suan·
1597 2094 1631 2116 m
1658 2083 1750 2118 olim

295 2130 499 2164 subiectam
526 2129 640 2163 fuisse
664 2128 839 2170 Lazicae,
875 2134 912 2162 et
944 2129 1018 2173 regi
1044 2129 1219 2161 Lazorum
1257 2129 1313 2162 ius
1350 2130 1463 2163 fuisse
1489 2129 1569 2162 arbl
1589 2130 1651 2162 rio'
1668 2141 1748 2172 suo,

296 2177 362 2222 qui
398 2178 570 2210 Suaniam
601 2181 766 2220 regeret,
802 2175 1064 2209 constituere.“
1115 2173 1218 2220 Quae
1263 2187 1343 2209 cum
1369 2175 1509 2209 diceret
1531 2176 1677 2217 Petrus,
1703 2184 1749 2211 ex

294 2222 430 2256 tabulis
459 2223 658 2258 Chosroem
683 2221 824 2263 docuit,
853 2222 1028 2255 Lazorurn
1063 2233 1165 2267 reges
1197 2224 1422 2268 antiquiores
1447 2233 1546 2264 esse,
1585 2229 1622 2257 et
1645 2234 1748 2270 reges

295 2268 501 2303 Suanorum
525 2269 641 2303 abiis
667 2269 825 2303 subinde
873 2280 950 2303 esse
991 2273 1149 2302 creatos:
1196 2268 1330 2302 deinde
1363 2270 1415 2303 sic
1449 2268 1570 2303 dicere
1605 2271 1745 2316 pergit:

297 2315 446 2361 „Quum
471 2317 583 2362 igitur
609 2317 688 2362 ipsa
714 2316 869 2356 iustitia,
903 2327 923 2350 ο
948 2327 1033 2356 rex,
1067 2314 1240 2349 suaniam
1266 2315 1372 2349 nobis
1398 2316 1596 2358 attribuat,
1621 2326 1746 2351 nonne

296 2367 338 2395 tu
367 2362 487 2408 magni
513 2363 647 2404 facies,
670 2364 772 2407 prius
798 2362 1031 2396 concedendo
1057 2367 1253 2408 utrumque
1278 2362 1443 2407 assequi,
1479 2368 1521 2396 ut
1545 2368 1581 2396 et
1606 2363 1747 2397 nemini

296 2409 473 2443 iniuriam
497 2410 690 2451 intulisse,
725 2414 763 2443 et
786 2408 979 2450 omnihus,
1008 2420 1101 2455 quae
1136 2408 1260 2450 debes,
1284 2410 1433 2454 largitus
1459 2420 1537 2442 esse
1562 2410 1746 2444 videaris?

297 2454 359 2488 Sic
382 2457 481 2490 euim
505 2468 569 2490 rex
594 2461 717 2490 noster
753 2456 903 2490 minime
937 2466 974 2489 se
1009 2455 1148 2493 laesum
1183 2467 1261 2489 esse
1297 2455 1540 2498 existimabit,
1576 2458 1608 2490 si
1645 2455 1746 2502 quod

297 2512 403 2536 suum
428 2508 495 2542 est,
519 2507 692 2548 tanquam
719 2503 814 2536 dono
841 2501 1038 2547 acceperit,
1063 2513 1143 2535 cum
1169 2507 1206 2536 et
1229 2502 1389 2536 Lazicam
1424 2514 1498 2536 non
1537 2503 1610 2537 alio
1634 2503 1744 2538 modo

297 2560 400 2585 suam
437 2550 600 2583 effectam
637 2549 827 2594 putaverit.
891 2549 981 2583 Cum
1020 2550 1117 2582 enim
1150 2553 1395 2582 asseveranter
1431 2549 1746 2591 contenderemus,

299 2596 400 2641 quod
424 2596 533 2630 etiam
563 2600 687 2640 aperte
715 2596 997 2630 ostendebamus
1013 2621 1023 2636 ‚
1057 2596 1220 2629 Lazicam
1254 2606 1275 2627 a
1307 2596 1414 2640 longo
1440 2600 1603 2641 tempore
1627 2607 1647 2629 a
1672 2597 1745 2629 Ro-

298 2644 417 2676 manis
445 2653 643 2687 possessam
665 2642 788 2682 fuisse,
815 2647 854 2676 tu
874 2648 998 2676 contra
1023 2653 1102 2676 cam
1119 2642 1190 2675 tibi
1213 2641 1402 2687 bellikiure
1436 2644 1618 2688 propriam
1655 2645 1744 2677 effe-

299 2696 394 2724 ctam
419 2689 570 2730 dixisti,
594 2688 835 2723 nihilominus
859 2690 1025 2723 illaesam
1050 2688 1230 2722 iustitiam
1255 2699 1333 2722 esse
1358 2689 1528 2730 voluisti,
1553 2694 1591 2723 et
1604 2695 1747 2734 tempe-

299 2742 414 2773 ratam
438 2735 573 2775 habere
597 2735 879 2780 cogitationem,
920 2747 1027 2783 quam
1053 2746 1201 2771 manum
1232 2739 1419 2781 potentem
1453 2736 1747 2782 potiusvduxisti.
1779 2753 1782 2756 ·
