1924 3164
311 159 424 227 234
897 172 1176 216 ExcERPTA

111 284 285 332 A.c.473
300 290 469 333 πεμψεν
497 277 663 335 ὖψηλὸν
676 310 690 331 ,
737 276 811 319 καὶ
847 271 944 325 ὅσος
975 275 1052 317 οὐκ
1079 273 1226 329 ἔμελλε
1253 279 1342 326 τοῖς
1369 276 1607 331 δεξαμένοις
1633 283 1756 323 ivm-

117 379 145 412 L
161 328 237 366 Iud.
257 347 265 368 ¹
281 348 291 369 ¹
307 349 455 388 τελεῖν.

149 390 228 414 eon·
250 392 288 427 ¹7
413 409 465 465 β’
512 407 606 453 “On
644 408 668 449 ὅ
697 402 823 458 αὗτὸς
864 409 991 451 Λέων
1028 405 1229 462 βασιλεῦς
1266 408 1482 450 ἀπέστειλε
1516 409 1625 465 πρὸς
1650 408 1752 461 τούς

300 478 346 519 ἓν
372 480 424 533 τῇ
454 472 597 532 Θρᾴκῃ
639 471 885 529 βαρβάρους
926 471 1190 529 πρεσβευτήν
1222 469 1416 527 Τελόγιον
1440 471 1516 515 τὸν
1542 475 1751 518 σιλεντιά-

298 558 415 598 ριον.
482 540 520 582 οἱ
557 541 604 582 δὲ
645 539 855 595 βάρβαροι
898 542 1044 582 τοῦτον
1084 534 1277 593 ἀσμένως
1305 536 1522 593 δεξάμενοι
1549 540 1774 595 dumba-5

297 623 426 650 πουσι
452 606 648 662 πρέσβεις
666 603 772 661 πρὸς
796 605 870 647 τὸν
896 606 1096 660 βασιλέα,
1138 605 1256 661 φίλοι
1277 604 1500 658 Ῥωμαίων
1516 600 1622 647 εἶναι
1648 608 1750 659 βου-ι

298 671 497 726 λόμενοι.
551 669 762 728 ᾐτήσαντο
791 672 839 713 δὲ
862 672 986 728 τρία,
1014 672 1180 727 πρῶτον
1208 671 1468 726 Θευδέριχον
1493 671 1565 714 τὸν
1592 669 1751 727 κατάρ-
1799 715 1801 718 ,

290 753 420 792 χοντα
458 732 600 781 αὖτῶν
639 737 714 792 τὴν
741 739 1020 793 κληρονομίαν
1049 737 1290 791 α’πολαβεῖν,
1339 734 1392 792 ἢν
1438 738 1603 793 α’φῆκεν
1632 733 1750 794 αὕτοέ.1

194 796 462 861 Ρ·93”Ασπαρ
475 837 488 857 ,
519 801 715 860 δεύτερον
736 806 943 858 νέμεσθαι
959 802 1037 859 τήν
1065 801 1233 861 Θρᾴκην
1256 804 1583 859 συγχωρηθῆναι
1610 805 1744 862 αὐτῷ,

291 872 431 928 τρίτον
468 872 545 913 καί
582 867 872 927 στρατηλάτην
906 871 1104 925 γενέσθαι
1128 871 1213 912 τῶν
1240 869 1475 924 ταγμάτων,
1505 863 1642 924 ὦνπερ
1674 867 1749 912 καὶ
1754 886 1803 915 ιο

281 932 467 992 Ἀσπαρ
507 933 722 991 ἡγήσατο.
787 931 861 978 καὶ
896 933 919 977 ὅ
946 937 1025 989 μὲν
1051 934 1252 989 βασιλεὺς
1279 934 1386 992 πρὸς
1411 933 1465 978 τά
1485 933 1572 977 ’δύο
1601 950 1750 978 παντε-

294 1005 378 1052 λῶς
405 998 611 1045 οἷπείπατο
625 1035 639 1055 ,
667 1003 797 1056 μόνον
828 1002 876 1044 δὲ
907 1000 1008 1057 περὶ
1031 1004 1107 1058 τῆς
1145 1001 1398 1057 στρατηγίας
1425 1004 1682 1054 κατένευσεν,
1710 1003 1752 1044 εἰ

293 1068 417 1126 φίλος
445 1064 579 1110 αὖτοῦ
603 1070 774 1124 γένηται
802 1064 992 1118 ἆδόλως.
1047 1066 1121 1110 καὶ
1165 1065 1277 1110 οὕτω
1300 1067 1399 1116 τοὺς
1425 1068 1626 1124 πρέσβεις
1647 1067 1749 1109 ἀπέ-

290 1146 479 1189 πεμψεν.
537 1131 558 1176 ὅ
607 1136 655 1177 δὲ
690 1135 951 1190 Θευδέριχος
994 1133 1018 1176 ὅ
1045 1136 1130 1177 τῶν
1156 1132 1385 1190 βαρβάρων
1412 1130 1618 1189 ἀρχηγὸς,
1645 1131 1747 1182 τούς

290 1202 492 1256 πρέσβεις
531 1200 667 1242 αὑτοῦ
704 1199 928 1254 δεξάμενος
973 1201 1020 1243 ἐκ
1056 1202 1133 1242 τοῦ
1168 1201 1379 1254 βασιλέως
1405 1195 1668 1255 ἀπράκτους,
1694 1196 1801 1243 τόιό

289 1267 369 1319 μὲν
396 1268 466 1321 τῆς
483 1263 701 1319 δυνάμεως
732 1262 865 1308 αὐτοῦ
892 1268 936 1316 ἐς
956 1267 1193 1316 Φιλίππους
1220 1267 1438 1319 ἐκπέμπει,
1464 1266 1522 1321 τῷ
1551 1265 1598 1306 δὲ
1615 1280 1747 1321 προσ-

290 1329 470 1386 εκάθητο
507 1329 586 1386 τὴν
621 1329 988 1388 Ἀρκαδιούπολιν
1026 1333 1198 1389 μηχανῇ
1225 1328 1338 1388 πάσῃ
1367 1331 1620 1386 πολιορκῶν.
1674 1332 1748 1373 καί

863 1394 877 1409 3

287 1394 445 1452 ταύτην
471 1395 798 1453 παραλαμβάνει
826 1401 907 1452 ουχ
936 1394 1094 1450 ὅπλοις,
1127 1394 1235 1439 α’λλά
1268 1399 1379 1454 λιμῷ
1407 1395 1508 1446 τοὺς
1521 1395 1641 1438 ἔνδον
1667 1398 1775 1443 roff,

246 1469 275 1502 B
290 1457 437 1512 ἄστεος
468 1463 652 1520 ἰσχυραῖς
680 1461 1040 1519 στενοχωρὴσαντι
1056 1493 1067 1505 .
1095 1465 1170 1504 καί
1184 1460 1265 1519 γάρ
1287 1461 1362 1504 καὶ
1386 1464 1523 1504 ἵππων
1539 1463 1614 1503 καί
1638 1461 1745 1504 ὖπο-

288 1531 442 1583 ζυγίων
469 1531 544 1572 καί
571 1531 728 1586 νεκρῶν
756 1527 961 1583 σωμάτων
999 1524 1188 1584 ἥψαντο,
1219 1530 1516 1585 καρτεροῦντες
1544 1526 1590 1570 εἴ
1613 1530 1803 1570 nost-svau

285 1592 433 1644 αὐτοῖς
460 1593 580 1637 ἔλθοι
606 1592 812 1650 βοήθεια.
865 1598 939 1650 τῆς
977 1596 1026 1637 δὲ
1052 1592 1112 1649 μή
1142 1593 1372 1649 παρούσης,
1402 1591 1644 1647 ἀπήλπισαν
1671 1594 1746 1635 καὶ

285 1661 519 1702 ἐνέδωκαν.
591 1659 631 1702 οἱ
675 1662 723 1703 δὲ
764 1661 1072 1716 ἐκπεμφθέντες
1117 1661 1191 1701 ἐπὶ
1218 1658 1455 1708 Φιλίππους
1474 1656 1527 1700 τοὶ
1558 1656 1638 1714 πρὸ
1667 1661 1743 1701 τοῦ

376 1739 409 1783 4.
438 1739 640 1788 Τελόγιον]
667 1738 870 1783 Πελάγιον
897 1740 954 1774 vel
978 1738 1169 1784 Εὕλόγιον
1195 1739 1290 1772 coni.
1314 1738 1358 1771 N.
1430 1748 1461 1781 7.
1487 1736 1644 1781 πρῶτον
1676 1737 1742 1770 ἵνα

378 1785 485 1820 Θευδ.
510 1787 605 1831 vulg.
682 1788 733 1822 13.
760 1785 905 1824 ἀδόλως
927 1787 979 1829 Β.,
1005 1784 1141 1823 ἄδολος
1162 1786 1260 1830 vulg.
1364 1796 1419 1820 22.
1448 1783 1639 1819 ἐνέδωκαν
1671 1784 1741 1826 Ν.,

377 1832 597 1868 συνέδωκαν
618 1834 712 1878 vulg.

284 1894 322 1923 et
345 1890 478 1930 talem,
518 1892 585 1936 qui
620 1901 696 1925 non
721 1896 818 1925 esset
842 1891 908 1933 iis,
942 1892 1008 1937 qui
1032 1891 1191 1936 benigne
1220 1901 1305 1924 eum
1329 1892 1573 1934 exceperant,
1608 1889 1740 1933 profu-

283 1941 406 1978 turus,
444 1936 593 1971 dimisit.

377 1995 410 2018 2.
458 1984 532 2018 Leo
567 1985 772 2030 Imperator
812 1984 914 2017 misit
962 1984 1147 2028 Pelagium
1198 1984 1441 2017 silentiarium
1486 1982 1644 2026 legatum
1692 1981 1740 2014 ad

285 2029 475 2071 barbaros,
500 2031 565 2077 qui
598 2031 637 2064 in
661 2030 819 2064 Thracia
851 2035 963 2063 erant.
1011 2031 1059 2064 At
1088 2029 1234 2064 barbari
1267 2030 1413 2063 lubenti
1437 2029 1556 2062 animo
1580 2028 1740 2072 legatum

287 2083 530 2121 exceperunt,
562 2082 599 2111 et
633 2078 771 2123 legatos
803 2088 950 2123 quoque
975 2077 1023 2110 ad
1046 2079 1328 2122 Imperatorem,
1366 2078 1605 2109 Romanorum
1632 2076 1739 2108 amici

288 2134 365 2155 esse
392 2124 592 2168 cupientes,
616 2125 813 2165 miserunt,
837 2135 902 2168 per
929 2135 1021 2170 quos
1044 2126 1114 2158 tria
1140 2123 1186 2156 ab
1213 2134 1256 2156 eo
1280 2124 1484 2169 petierunt:
1515 2121 1672 2165 primum
1698 2126 1740 2155 ut

288 2168 577 2212 Theudmichus,
590 2181 715 2205 eorum
732 2172 817 2212 dux,
842 2171 941 2203 omni
959 2171 1177 2211 hereditate,
1197 2182 1306 2217 quam
1324 2171 1382 2203 illi
1402 2169 1600 2214 reliquerat
1613 2169 1738 2214 Aspar,

287 2215 490 2250 frueretur:
525 2218 745 2259 secundum,
781 2223 822 2251 ut
847 2217 975 2252 liceret
1004 2218 1062 2251 illi
1094 2218 1133 2250 in
1157 2217 1310 2251 Thracia
1342 2215 1531 2256 habitare:
1564 2216 1737 2256 tertium,

290 2267 331 2295 ut
356 2268 391 2294 et
417 2273 539 2296 eorum
570 2265 762 2306 ordinum,
788 2276 943 2310 quorum
968 2265 1082 2310 Aspar
1105 2265 1245 2304 fuerat,
1271 2264 1347 2297 dux
1369 2267 1473 2297 esset.
1523 2261 1637 2294 Prima
1663 2261 1736 2295 duo

291 2308 440 2340 omnino
477 2309 668 2355 denegavit
691 2313 900 2356 Imperator.
949 2311 1075 2345 Solum
1097 2312 1267 2351 tertium,
1295 2315 1334 2344 nt
1381 2310 1454 2342 dux
1481 2309 1604 2349 fieret,
1629 2309 1736 2342 dum-

289 2355 398 2388 modo
424 2356 502 2389 sine
528 2357 656 2390 fraude
682 2359 759 2391 eius
785 2359 920 2391 amicus
946 2363 1058 2399 esset,
1094 2360 1288 2399 concessit,
1323 2362 1359 2390 et
1385 2356 1436 2389 ita
1463 2355 1600 2401 legatos
1625 2355 1737 2389 dimi-

291 2402 351 2434 sit.
399 2401 470 2434 Sed
498 2402 796 2446 Theuderichus‚
830 2405 1066 2438 barbarorum
1090 2404 1282 2450 princeps,
1309 2402 1375 2437 ubi
1397 2403 1533 2447 legatos
1574 2413 1656 2435 suos
1688 2402 1735 2436 ab

291 2449 516 2492 Imperatore
540 2461 579 2483 re
604 2450 738 2484 infecta
763 2463 923 2485 reversos
950 2451 1113 2497 excepit,
1138 2462 1281 2485 suarum
1299 2450 1481 2494 copiarum
1499 2454 1637 2494 partem
1651 2448 1736 2481 Phi-

290 2495 412 2539 lippos
437 2495 554 2528 misit:
590 2507 671 2530 cum
696 2499 810 2531 altera
836 2504 939 2542 parte
982 2498 1254 2543 Arcadiopolim
1289 2497 1387 2529 omni
1413 2502 1588 2540 apparatu
1614 2506 1734 2540 oppu-

292 2546 465 2586 gnaturus
493 2541 655 2577 obsedit.
714 2545 843 2589 Neque
867 2552 989 2579 tamen
1015 2556 1094 2578 eam
1122 2545 1229 2578 armis
1255 2544 1372 2588 cepit,
1398 2542 1461 2574 sed
1485 2544 1599 2583 fame,
1634 2554 1733 2587 quae

292 2587 494 2632 oppidanos
528 2589 620 2623 adeo
656 2591 866 2634 premebat,
903 2597 945 2624 ut
975 2593 1077 2637 equis
1102 2598 1140 2625 et
1171 2591 1254 2624 aliis
1287 2591 1460 2623 iumentis
1498 2595 1534 2622 ct
1567 2596 1731 2622 mortuo-

292 2645 372 2666 rum
397 2636 630 2679 corporibus,
656 2643 920 2682 exspectantes,
954 2639 984 2671 si
1018 2650 1089 2684 qua
1120 2649 1163 2671 ex
1190 2642 1292 2682 parte
1323 2637 1500 2669 auxilium
1525 2635 1731 2676 adveniret,

292 2686 531 2718 vescerentur.
581 2683 663 2729 Quo
692 2695 766 2718 non
793 2683 1032 2726 adveniente,
1069 2687 1107 2721 in
1132 2688 1326 2719 extremam
1351 2682 1640 2729 desperationem
1664 2682 1732 2720 ad.-
