1924 3164
617 148 651 189 E
689 148 895 193 MALCHI
941 150 1214 194 Hls‘romA.
1537 136 1644 211 247

207 250 283 292 καὶ
308 250 432 292 οῦδὲν
457 249 556 301 τούς
584 251 798 302 οἰκοῦντας
824 253 1013 296 ἐνταῦθα
1039 256 1300 310 παραλυπῶν
1323 256 1371 298 ἐκ
1404 257 1490 298 τῶν
1515 254 1646 314 ταύτῃ
1663 266 1702 300 Α.
1717 267 1757 302 C.
1774 267 1842 313 479

202 313 349 371 μόρων
375 315 422 357 τὸ
451 319 613 371 πλῆθος
636 318 830 367 ἐπιεικῶς
857 319 1053 375 ἐπειρᾶτο
1083 316 1256 374 διάγειν.
1311 323 1372 371 εἷς
1407 323 1454 364 δὲ
1480 320 1526 364 τὸ
1555 325 1646 364 Βυ-
1660 313 1770 392 ῙΖΠᾱ·“
1804 362 1828 395 6

203 380 365 431 {aimon
395 379 452 431 ὦς
476 378 609 437 ἦλθον
635 383 676 424 οἱ
701 386 801 439 παρ’
831 384 966 426 αὐτοῦ
991 387 1208 435 σταλέντες
1236 389 1456 443 πρέσβεις,
1495 387 1648 442 ἔλεγον,
1662 371 1793 440 Deum*

205 442 270 488 ὅτι
305 449 393 489 δέοι
416 450 578 503 ταχέως
603 448 704 504 περὶ
727 446 893 491 πάντων
921 450 1207 507 αὖτοκράτορα
1237 453 1350 511 αὐτῷ
1378 452 1642 510 πρεσβευτὴν

172 509 459 567 ὄοῖποστεῑλαι,
489 514 547 563 αἷς
576 516 657 568 οὐχ
684 514 757 572 οἴῳ
786 530 830 556 τε
858 519 1018 571 πλῆθος
1046 511 1222 573 ἄπειρον
1251 517 1402 573 εἴργειν
1427 520 1501 561 έπί
1525 523 1642 562 πλεί-

197 594 273 620 ονα
298 579 452 634 χρόνον
477 582 554 636 τῆς
580 581 655 636 εἶφ’
681 574 742 622 ὧν
770 576 824 622 ἂν
852 580 1044 623 δύναιντο
1070 580 1244 638 βλάβης.
1298 583 1323 625 ὅ
1353 585 1401 626 δὲ
1427 585 1641 638 Ἀδαμάν-·

194 659 286 686 τιον
310 643 384 687 τὸν
409 648 618 699 Βιβιανοῢ
643 647 804 699 παῖδα,
850 646 1071 702 πατρίκιόν
1104 664 1151 690 τε
1179 644 1278 692 ὄντα
1305 652 1381 692 καί
1403 649 1640 707 πολιαρχή-

192 726 345 764 σαντα,
374 712 574 767 προσθείς
600 712 718 769 αὖτῷ
745 713 820 754 καί
842 711 970 768 τιμὴν
995 713 1202 770 ὑπατικὴν
1215 749 1228 768 ,
1268 715 1434 772 ἔπεμψε
1473 733 1639 774 παραγ-’-

120 830 127 834 -
191 777 347 830 γειλας,
372 775 521 832 χώραν
556 779 636 831 μὲν
674 779 794 836 αὐτῷ
837 780 987 821 δοῦναι
1024 781 1070 822 έν
1099 784 1358 841 Παυταλίᾳ,
1400 781 1430 838 ἢ
1456 785 1533 838 τῆς
1557 784 1638 836 μὲν

142 840 418 898 ῐΟἸλλυρικῆς
441 842 596 898 μοίρας
623 845 736 887 ἐστίν
762 845 948 901 ἐπαρχία
972 878 984 900 ,
1015 847 1070 888 ου’
1093 846 1199 889 πολύ
1229 849 1278 890 δὲ
1305 849 1525 903 ἀπέχουσα
1551 851 1734 891 τῶνΡ·8ο

189 909 391 961 εἰσβολῶν
418 910 491 964 τῆς
515 906 702 966 Θρᾴκης,
731 906 865 964 ὅπως,
892 909 973 953 εἴτε
995 913 1252 970 Θευδέριχος
1279 913 1301 955 ὃ
1337 916 1540 970 Τριαρίου
1569 916 1638 969 §y-

186 975 352 1030 χειροίη
383 991 426 1016 τι
454 981 602 1029 κινεῖν,
651 974 831 1032 ἔφεδρον
858 975 949 1032 ἔχοι
977 977 1103 1020 αὐτὸν
1130 977 1307 1034 ἐγγύθεν
1332 983 1418 1022 κατ’
1447 979 1608 1023 ἐκείνου
1621 1015 1635 1034 ,

186 1038 272 1081 εἴτε
299 1038 430 1089 αὐτὸς
467 1039 684 1096 ταράττειν
718 1041 768 1085 τὰ
796 1045 1047 1098 συγκείμενα
1072 1046 1220 1098 θέλοι,
1248 1046 1295 1088 έν
1333 1045 1449 1103 μέσῳ
1502 1044 1634 1088 αὐτὸν

187 1103 299 1159 ἔχων
324 1108 411 1147 τῶν
436 1123 479 1148 τε
501 1106 745 1163 Ἰλλυρικῶν
771 1110 845 1151 καί
869 1112 952 1151 τῶν
982 1111 1176 1168 Θρᾳκίων
1204 1110 1424 1164 δυνάμεων
1451 1110 1634 1153 ahma&-

135 1169 304 1228 15τερον
346 1172 482 1214 αὐτοῦ’
517 1178 725 1229 περιεῖναι
761 1173 943 1217 δύναιτο.
997 1175 1038 1217 εἰ
1075 1176 1124 1217 δὲ
1162 1177 1334 1232 τροφῶν
1363 1176 1537 1233 ἀπορεῖν
1573 1180 1633 1235 τῷ

183 1239 466 1293 στρατεύματι
491 1241 605 1293 λέγοι
631 1238 706 1281 τὸν
732 1238 921 1296 παρόντα
946 1239 1164 1295 ἐνιαυτὸν,
1217 1238 1290 1283 ἅτε
1316 1242 1421 1296 μήτε
1449 1243 1495 1284 έν
1523 1243 1629 1284 σπό-

182 1319 275 1359 ροις
300 1303 408 1358 μήτε
434 1307 600 1360 καρποῦ
625 1306 775 1358 ἐλπίδα
802 1305 913 1361 ἔχων
949 1307 995 1348 ἐν
1022 1307 1275 1364 Ham-aliq,
1316 1306 1446 1349 ἔδωκε
1481 1310 1627 1361 λίτρας

176 1367 360 1424 χρυσίου
389 1368 554 1412 ἀπιόντι
583 1371 822 1425 διακοσίας,
851 1369 904 1420 ἃς
935 1372 1099 1414 ἐκέλευε
1129 1369 1251 1414 δόντα
1278 1374 1339 1430 τῷ
1361 1369 1541 1431 ὑπάρχῳ
1567 1376 1624 1431 τῷ

178 1435 272 1475 ἐκεῖ
290 1436 464 1490 ποιῆσαι
490 1433 566 1490 τήν
596 1436 786 1492 δαπάνην
815 1436 960 1487 αὐτοῖς
998 1439 1059 1488 εἷς
1095 1440 1350 1481 Παυταλίαν
1384 1442 1624 1494 χορηγῆσαι

122 1497 257 1556 ΩΟτὴν
286 1502 566 1556 ἑπαρκοῦσαν.
595 1499 659 1544 ἔτι
687 1504 735 1546 δὲ
771 1505 849 1546 τοῦ
874 1505 1135 1560 πρεσβευτοῦ
1161 1497 1278 1554 ὄντος
1306 1505 1352 1547 έν
1371 1506 1596 1564 Βυζαντίῳ
1605 1513 1660 1559 ,B

278 1591 306 1613 1.
331 1579 569 1624 παραλυπῶν
590 1581 635 1616 Η.
648 1606 659 1623 ,
689 1579 918 1627 παραλιπών
948 1582 1044 1630 vulg.
1139 1594 1172 1617 2.
1194 1582 1346 1630 μόρων]
1367 1582 1503 1629 φόρων
1526 1585 1621 1617 coni.

268 1625 339 1667 N„
359 1627 490 1684 μεριξὶν
512 1627 568 1686 H:
651 1628 686 1666 5.
715 1629 781 1674 οἵῳ
806 1638 846 1663 τε
868 1628 926 1671 Ν.,
951 1632 1028 1686 οἱοί
1046 1638 1086 1663 τε
1107 1630 1202 1687 vulg.
1228 1675 1241 1688 ὃ
1271 1633 1304 1665 6.
1330 1629 1526 1690 δύναιντο]
1552 1629 1621 1664 δύ-

267 1684 401 1708 ναιντο
427 1675 663 1720 ωφελεισθαι
690 1681 727 1709 et
761 1686 846 1709 mox
884 1675 905 1709 ὁ
937 1675 978 1710 δε
1014 1677 1193 1721 βασιλευς
1230 1675 1302 1711 Λδ.
1328 1687 1420 1711 com.
1446 1678 1489 1712 ΙΝ.
1586 1690 1619 1723 9.

269 1721 471 1766 Humane
492 1722 586 1767 vulg.
710 1725 761 1757 16.
787 1721 950 1770 σπόροις
971 1723 1037 1765 Η.,
1064 1726 1238 1771 σπείροις
1261 1724 1355 1768 vulg.

176 1799 260 1822 nem
283 1799 304 1821 a
327 1788 534 1833 direptione
563 1790 728 1823 illaesam
766 1792 1010 1833 conservavit,
1045 1802 1166 1838 neque
1198 1792 1392 1838 quicquam
1429 1793 1618 1827 molestiae

176 1834 354 1868 exhibens
370 1835 536 1868 locorum
559 1836 710 1877 incolis,
734 1838 855 1881 copias
879 1849 960 1871 suas
986 1849 1030 1871 ex
1054 1839 1176 1873 reditu
1200 1838 1311 1872 huius
1338 1839 1495 1883 regionis
1521 1841 1619 1873 alere

175 1892 325 1926 operam
357 1880 471 1915 dedit.
528 1882 655 1926 Legati
688 1887 811 1916 autem
845 1884 892 1916 ab
924 1896 967 1918 eo
1004 1885 1107 1918 missi
1149 1885 1370 1929 simulatque
1405 1886 1618 1927 Byzantium

174 1933 419 1969 accesserunt,
444 1929 700 1974 Imperatorem
726 1936 965 1970 monuerunt,
991 1936 1161 1974 oportere
1186 1942 1294 1975 quam
1319 1932 1507 1965 celerrime
1538 1932 1619 1965 fieri

172 1980 318 2020 posset,
337 1975 495 2019 legatum
520 1977 667 2009 mittere
690 1976 821 2010 idonea
835 1977 1061 2010 ‚auctoritate
1085 1978 1312 2011 instructum.
1360 1977 1437 2010 Nec
1460 1979 1558 2011 enim
1579 1979 1619 2014 in

173 2022 254 2055 eius
278 2026 458 2066 potestate
484 2033 580 2063 esse,
616 2022 725 2068 longo
750 2029 916 2068 tempore
939 2028 1079 2056 tantam
1115 2023 1275 2056 militum
1314 2024 1457 2057 turbam
1492 2035 1513 2056 a
1549 2025 1620 2057 da-

171 2067 268 2102 mnis
291 2079 356 2112 pro
381 2068 540 2104 libidine
565 2068 767 2103 inferendis
791 2071 989 2103 continere.
1016 2069 1263 2115 Quamobrem
1285 2071 1484 2114 Imperator
1514 2071 1618 2105 misit

170 2114 598 2156 Adamantium,viviani
624 2116 752 2157 filium,
777 2117 970 2162 patricium
994 2122 1031 2150 et
1044 2116 1131 2150 olim
1147 2117 1228 2149 urbi
1241 2117 1482 2161 praefectum,
1505 2129 1616 2162 quem

172 2161 283 2195 etiam
309 2160 486 2207 dignitate
512 2163 692 2196 consulari
716 2164 839 2204 auxit,
873 2163 1054 2207 iussitque
1089 2163 1274 2208 regionem
1298 2164 1338 2196 in
1368 2163 1533 2197 Pautalia
1556 2164 1616 2197 illi

170 2208 366 2252 assignare,
392 2219 484 2254 quae
496 2209 664 2253 Illyricae
689 2211 800 2255 partis
825 2214 880 2242 est
902 2209 1090 2254 provincia
1115 2220 1189 2243 non
1204 2210 1311 2254 longo
1337 2210 1532 2243 intervallo
1558 2210 1615 2243 di-

170 2259 270 2287 stans
293 2254 338 2288 ab
363 2256 524 2300 ingressu
551 2256 739 2290 Thraciae.
790 2255 901 2301 Quod
924 2266 967 2289 eo
1001 2256 1157 2289 consilio.
1188 2255 1365 2297 faciebat,
1397 2260 1450 2297 ut,
1475 2258 1507 2290 si
1540 2268 1612 2303 qua

171 2300 466 2343 Theuderichus‚
500 2302 636 2335 Triarii
660 2303 775 2342 filius,
802 2314 839 2336 se
864 2313 1088 2336 commovere
1115 2302 1326 2347 susciperet,
1354 2303 1460 2336 illum
1483 2302 1613 2337 adver-

171 2348 306 2380 sarium
327 2347 416 2382 huic
439 2350 647 2394 oppositum
673 2350 799 2390 sciret,
825 2354 934 2394 atque
963 2349 1086 2389 etiam,
1112 2350 1143 2383 si
1168 2350 1260 2383 alter
1282 2354 1386 2394 pacta
1410 2349 1548 2383 violare
1575 2356 1614 2384 et

169 2405 298 2439 pacem
323 2395 471 2428 turbare
498 2396 629 2436 vellet,
655 2407 736 2429 cum
760 2397 858 2429 inter
883 2395 974 2428 duos
999 2397 1196 2438 exercitus,
1218 2395 1403 2440 Illyricum
1429 2401 1466 2430 et
1490 2396 1611 2431 Thra-

170 2441 281 2480 cium,
313 2441 479 2486 degeret,
503 2453 586 2475 cum
622 2442 766 2481 facilius
801 2442 1006 2487 opprimere
1038 2448 1171 2486 posset.
1229 2441 1372 2486 Quodsi
1405 2442 1476 2476 hoc
1513 2455 1610 2476 anno

172 2489 371 2521 exercitum
404 2500 509 2522 suum
543 2491 670 2534 inopia
706 2490 872 2525 laborare
909 2487 1183 2522 Theuderichus
1216 2488 1374 2530 diceret,
1411 2495 1607 2534 propterca

172 2533 272 2579 quod
298 2535 438 2567 nullum
464 2546 587 2569 semen
611 2538 717 2569 terris
743 2535 953 2568 mandatum
982 2541 1087 2576 esset,
1115 2545 1235 2580 neque
1261 2536 1373 2569 ullam
1399 2547 1499 2580 spem
1522 2548 1608 2580 per-

170 2580 423 2624 cipiendorum
446 2583 486 2615 in
510 2583 671 2616 Pautalia
701 2583 883 2616 fructuum
916 2581 1092 2622 haberet,
1128 2581 1232 2615 dedit
1252 2581 1469 2616 Adamantio
1496 2584 1607 2626 profi-

170 2627 324 2660 ciscenti
354 2627 526 2662 ducentas
551 2630 630 2663 auri
666 2629 801 2669 libras,
839 2641 929 2674 quas
953 2629 1061 2662 iussit
1091 2629 1247 2672 regionis
1283 2629 1383 2662 illius
1419 2630 1605 2674 praesecto

170 2672 333 2715 tradere,
359 2680 400 2707 ut
427 2686 486 2710 eas
521 2675 568 2708 ad
607 2675 860 2709 convellendos
883 2677 923 2709 in
948 2675 1148 2711 Pautaliam
1172 2682 1413 2716 commeatus,
1439 2677 1504 2722 qui
1528 2675 1603 2707 illis

172 2719 317 2757 alendis
342 2722 428 2766 satis
453 2728 593 2764 essent,
618 2721 854 2767 impenderet.
903 2722 995 2757 Cum
1016 2723 1156 2767 legatus
1190 2721 1310 2756 adhuc
1334 2727 1428 2757 cssct
1464 2724 1604 2766 Byzan-2
