1924 3164
317 163 389 220 56
868 178 1146 221 EXCERPTA

186 385 225 419 n.
241 386 309 431 248
850 378 1221 421 ΠΡΟΟΙΜΙΟΝ.

149 432 235 468 cod.
248 435 312 470 263

424 489 474 532 α’.
527 489 720 544 Δεξίππῳ
747 488 802 545 τῷ
823 482 1033 544 Ἀθηναίῳ
1060 485 1161 528 κατά
1196 484 1292 533 τούς
1331 483 1558 541 Ἀθήνησιν
1594 479 1748 541 ἄρχονα

313 574 415 610 τας,
454 556 527 611 ἀφ’
554 549 603 595 οὗ
642 551 759 608 παρὰ
792 549 1035 608 Ἀθηναίοις
1063 547 1280 606 ἄρχοντες,
1324 549 1488 606 ἱστορία
1517 551 1748 605 συγγέγρα-

313 639 436 674 πται,
475 619 910 676 προσαριθμουμένων
947 619 1030 659 τῶν
1061 617 1303 670 Ῥωμαϊκῶν
1330 615 1500 658 ὑπάτων
1511 649 1524 669 ,
1565 615 1640 656 καί
1665 612 1745 670 πρό

312 703 359 742 γε
387 683 523 727 αὐτῶν
551 687 634 727 τῶν
675 684 847 726 ὑπάτων
873 684 946 726 καί
970 680 1185 740 ἀρχόντων
1213 683 1445 738 ἀρξαμένης
1471 683 1543 736 τῆς
1569 682 1775 737 γραφῆς.5

312 751 361 794 τὸ
393 753 438 792 δὲ
464 751 508 791 ἓν
538 749 766 806 κεφάλαιον
792 751 866 805 τῆς
910 746 1098 804 ἱστορίας
1133 747 1185 790 τὰ
1210 749 1288 800 μὲν
1324 747 1517 803 ἀνωτέρω
1559 747 1630 787 καί
1666 741 1747 787 ὅσοι

311 814 359 858 τὸ
385 812 598 870 ποιητικὸν
625 817 791 868 νέμεται
811 816 949 869 γένος,
989 815 1153 870 ἐφεῖναι
1180 811 1254 854 καί
1278 813 1503 868 ἐπιτρέψαι
1530 812 1589 867 τῷ
1616 812 1750 851 πιθα-

311 883 370 937 νῷ
398 882 471 922 καί
493 881 652 935 μᾶλλον
681 880 951 922 ἀναπείθοντι
976 878 1048 921 τὸν
1091 877 1421 932 ἐντυγχάνοντα,
1472 875 1524 918 τὰ
1553 876 1600 917 δὲ
1627 878 1750 930 προϊ-

314 945 414 988 όντα
443 947 516 987 καί
549 945 621 987 ἐπὶ
645 948 768 988 πλέον
803 943 1131 1000 μαρτυρούμενα
1154 947 1404 997 συνενεγκεῖν
1436 944 1510 984 καί
1534 944 1751 983 κατακλεῖ-

313 1029 389 1054 σαι
415 1010 519 1067 πρὸς
547 1009 757 1066 ἱστορικὴν
785 1010 1001 1065 ἀκριβειαν
1029 1008 1102 1051 καί
1126 1011 1261 1065 κρίσιν
1288 1008 1598 1063 ἀληθεστέραν.
1654 1008 1805 1060 [Stoi-10

316 1079 429 1128 ζεται
452 1077 551 1131 γοῦν
575 1074 648 1118 καὶ
673 1078 991 1131 συναριθμεῖται
1018 1073 1090 1118 τὸν
1113 1073 1267 1129 χρόνον
1294 1071 1354 1122 εἴς
1376 1088 1421 1115 τε
1449 1070 1525 1121 τοὶς
1545 1068 1752 1124 ὄλυμπιά-

315 1143 395 1191 δας
421 1140 693 1197 περιγράφων
721 1142 794 1182 καί
835 1139 930 1189 τοὺς
957 1138 1073 1190 ἐντὸς
1104 1137 1274 1194 ἑκάστης
1314 1134 1572 1191 ὀλυμπιάδος
1600 1131 1753 1191 ἄρχον-

313 1223 420 1256 τας.
473 1205 669 1261 πρόθυρα
709 1207 756 1247 δὲ
799 1206 975 1255 κάλλους
1012 1202 1225 1258 ἀνάμεστα
1261 1205 1434 1259 προθείς
1471 1203 1546 1258 τῆς
1572 1217 1754 1258 συγγρα-

323 1274 430 1330 φῆς,
458 1271 530 1313 καὶ
553 1269 733 1328 προϊών,
760 1272 814 1312 τά
841 1286 885 1313 τε
914 1270 1030 1313 ἔνδον
1060 1268 1269 1320 ἐπιδείξας
1298 1268 1550 1325 σεμνότερα,
1596 1266 1645 1310 τὰ
1675 1269 1754 1321 μὲν

410 1411 440 1434 1.
456 1400 498 1433 In
521 1397 645 1432 codice
662 1397 839 1432 Vaticano
858 1397 948 1431 haec
964 1397 1141 1443 praefatio
1154 1397 1323 1443 eclogarii
1338 1396 1604 1441 praemittitur:
1631 1395 1756 1428 ΠΡΟ-

408 1445 602 1480 ΟΙΜΙΟΝ
639 1445 730 1478 TOT
756 1445 1076 1478 EKAOI'APIOY.
1133 1442 1208 1478 Οὐκ
1242 1443 1381 1488 ἀγνοίᾳ
1404 1443 1479 1476 τῶν
1501 1442 1565 1484 τῆς
1589 1440 1758 1486 ἱστορίας

405 1491 556 1537 χρόνων
580 1489 756 1535 δεύτερον
779 1489 978 1524 Εύνάπιον
999 1489 1108 1524 τόνδε
1136 1489 1385 1535 κατετάξαμεν
1410 1490 1602 1534 Πρίσκου,
1625 1485 1757 1530 (dudm-

405 1531 1760 1629 332,3⁰²32³“23‘60225q523ffl55ss19052332'13“'zmffssfflfflssssss‘t'ffiffffwssss

1670 1605 1681 1622 5

409 1623 599 1674 βούλοιντ’
634 1629 684 1663 ἄν
725 1630 829 1674 ἔχειν
863 1628 987 1674 ἄχθος
1030 1630 1190 1663 ἐτώσιον
1229 1627 1392 1674 ἀρούρης
1421 1625 1486 1664 τοῖς
1516 1627 1664 1671 βίβλους
1690 1627 1758 1659 καὶ

405 1678 497 1721 παρ’
506 1675 652 1713 ἑαυτοῖς
674 1675 913 1719 διακατέχειν
934 1673 956 1718 ἢ
982 1680 1062 1713 τοῖς
1083 1675 1287 1721 χρῄζουσιν
1311 1674 1368 1708 ἐπ’
1393 1673 1534 1719 ὠφελίᾳ
1556 1670 1756 1719 μεταδιδό-

407 1733 484 1757 ναι.
532 1724 595 1755 καὶ
620 1721 833 1756 κινδυνεύει
869 1720 966 1755 οὕτω
1002 1731 1047 1767 γε
1069 1723 1253 1769 προϊοῦσι
1274 1713 1343 1763 τὴν
1373 1721 1589 1765 παροιμίαν
1619 1719 1758 1753 ἀνασο-

408 1771 488 1813 βεῖν
532 1770 596 1811 τῆς
644 1769 708 1803 ἐπὶ
743 1770 786 1814 τῇ
826 1767 949 1814 φάτνῃ
987 1765 1118 1808 κυνὸς,
1154 1767 1178 1810 ἢ
1206 1767 1290 1814 μήτ’
1327 1763 1418 1807 αὐτὴ
1455 1767 1531 1800 τῶν
1559 1766 1604 1812 τῇ
1633 1776 1756 1811 (pa-try

405 1813 673 1860 ἀποκειμένων
715 1814 967 1855 ἐπαπολαύει,
1018 1816 1082 1848 καὶ
1104 1814 1180 1850 τῶν
1214 1813 1455 1860 βουλομένων
1495 1813 1560 1846 καὶ
1594 1809 1759 1859 δυναμέ,

412 1872 492 1897 νων
517 1860 695 1908 ἀκόσμως
726 1861 964 1898 καθυλακτεΐ,
1745 1863 1748 1867 “

875 2012 1237 2054 PROOEMIUM.

418 2135 447 2156 ι.
493 2124 683 2168 Dexippus
707 2122 937 2157 Atheniensis
961 2123 1063 2157 iuxta
1087 2132 1287 2156 annuorum
1309 2119 1527 2166 principum,
1553 2119 1618 2164 qui
1639 2109 1758 2152 Athess

321 2169 379 2202 nis
403 2169 551 2203 fuerunt
573 2171 696 2209 fastos,
721 2170 794 2202 iam
817 2170 904 2203 inde
929 2181 950 2202 a
976 2174 1150 2214 tempore,
1175 2179 1246 2213 quo
1263 2167 1303 2200 hi
1322 2165 1511 2200 archontes
1528 2164 1627 2210 apud
1644 2164 1756 2200 Athe,

321 2215 465 2249 nienses
489 2227 566 2250 esse
591 2221 808 2260 coeperunt,
832 2215 1025 2250 historiam
1049 2215 1269 2260 composuit,
1294 2213 1472 2258 {Romanis
1498 2222 1644 2258 quoque
1666 2221 1756 2245 con-

320 2260 464 2294 sulibus
501 2274 545 2295 ex
579 2261 705 2295 ordine
740 2262 941 2306 adscriptis.
997 2262 1069 2296 Sed
1097 2262 1192 2295 enim
1224 2270 1336 2305 quum
1359 2265 1442 2292 ante
1468 2258 1633 2291 consules
1656 2258 1754 2301 ipsos

322 2311 434 2351 atque
460 2308 649 2341 archontas
690 2309 861 2353 scriptum
896 2308 1125 2349 exordiatur,
1161 2306 1201 2341 id
1230 2305 1302 2339 sibi
1325 2305 1518 2350 proposuit
1540 2303 1756 2347 historicus,

322 2358 367 2385 ut
390 2354 542 2397 antiqua
569 2355 675 2386 nimis
700 2360 737 2388 et
761 2366 851 2399 quae
875 2366 895 2386 a
927 2359 1116 2400 poetarum
1147 2358 1251 2398 gente
1287 2350 1501 2389 traduntur,
1538 2361 1580 2384 ea
1616 2349 1758 2394 singula

321 2397 575 2444 probabilitati
600 2411 684 2433 suae
707 2402 910 2444 permittat,
943 2407 979 2434 et
1002 2405 1112 2446 prout
1137 2399 1266 2444 cuique
1289 2398 1417 2431 lectori
1444 2395 1647 2436 videbitur,
1677 2406 1756 2430 esse

323 2445 438 2479 sinat:
463 2445 663 2489 posteriora
687 2451 806 2480 tamen
830 2452 866 2480 et
894 2459 986 2493 quae
1004 2445 1218 2481 testimoniis
1239 2444 1348 2489 magis
1371 2441 1580 2484 abundant,
1605 2453 1647 2475 ea
1668 2453 1756 2476 con-

324 2491 420 2526 ferat
442 2490 488 2523 ad
511 2490 721 2525 historicam
746 2493 992 2534 severitatem,
1027 2500 1064 2528 et
1098 2491 1165 2526 sub
1189 2490 1338 2525 verioris
1363 2490 1508 2523 criticae
1532 2488 1670 2534 regulas
1694 2499 1756 2526 re·¹

326 2535 435 2581 digat.
482 2536 586 2582 Cogit
608 2538 719 2582 igitur
745 2538 949 2583 digeritque
974 2544 1134 2585 tempus,
1165 2538 1267 2571 iuxta
1293 2534 1536 2580 olympiadum
1561 2534 1691 2570 seriem
1713 2533 1756 2568 id

325 2581 508 2624 scribens,
545 2584 719 2629 iuxtaque
753 2591 979 2618 occurrentes
1014 2587 1054 2619 in
1085 2593 1298 2630 unaquaque
1324 2580 1528 2626 olympiade
1553 2580 1753 2616 archontas.

326 2628 405 2662 Iam
439 2628 679 2674 pulcherrimo
706 2630 885 2669 >historiae
910 2642 995 2665 suae
1017 2631 1204 2676 prooemio
1229 2629 1454 2675 praeposito,¹
1484 2629 1604 2673 pergit
1625 2636 1753 2672 porr-03

326 2678 365 2707 et
387 2675 504 2719 ipsum
528 2677 724 2720 scripturae
751 2686 877 2720 corpus
900 2679 1085 2711 venustius
1106 2675 1223 2711 adhuc
1244 2674 1458 2715 ostendens,
1482 2673 1648 2708 fabulosa
1669 2672 1754 2718 qni-

327 2719 409 2755 ‹lem
436 2725 474 2756 et
493 2722 608 2769 prisca
632 2723 739 2757 nimis
767 2727 924 2764 resecat,
959 2730 1068 2770 atque
1093 2721 1189 2769 apud
1212 2721 1340 2756 horum
1362 2725 1546 2764 auctores,
1570 2725 1754 2767 tamquam
