1924 3164
310 157 383 213 28
735 177 1010 239 EXCERPTA
1049 178 1083 218 E
1118 175 1346 219 nssxlppo

122 279 300 325 A'.C.267
311 276 387 328 τάς
426 294 472 320 τε
507 276 701 329 πλείστας
732 281 816 322 τῶν
844 279 1006 320 πόλεων
1032 279 1077 330 ἐξ
1104 279 1276 335 ἐνέδρας
1313 278 1397 322 ὑπὸ
1431 279 1516 322 ’τῶν
1542 282 1753 335 πολεμίων

121 325 522 419 ὓὲιέἱῦίιξῇρηιιένας
560 375 574 388 .
619 376 631 387 .
672 375 686 387 .
725 374 738 387 .
770 375 783 386 .
821 343 896 386 καί
941 345 1024 386 τῶν
1069 340 1347 388 οἷντιστάντων
1385 341 1539 395 αὖτοὺς
1563 345 1608 388 τὸ
1635 343 1751 389 οἷντί·

309 414 445 452 παλον
472 411 765 468 ἐρημωθέντας
808 441 821 452 .
862 440 875 452 .
912 425 959 453 ον
994 411 1041 454 δὲ
1067 413 1144 453 τοῦ
1169 412 1434 469 βαρβαρικοῦ
1460 411 1752 455 ἐπιτίθεσθαι.

310 478 384 517 καί
410 478 468 533 τῷ
494 507 507 519 .
536 507 550 519 .
578 506 591 518 .
620 473 909 534 οἷνθισταμένῳ
955 474 1235 531 συνοισόμεθα
1263 508 1276 520 .
1303 508 1318 520 .
1345 509 1359 521 ,
1400 494 1445 521 ον
1487 479 1540 534 τῇ
1578 479 1750 536 παρόδῳ

306 540 539 598 χρήσονται
576 541 734 597 ἁθρόον
767 571 780 583 .
810 573 821 584 .
850 573 864 583 .
893 539 921 584 .’
945 540 1081 585 ἱκανοὶ
1106 542 1275 599 εἴημεν·
1347 543 1674 600 οἷναχωρήσομεν
1703 545 1778 587 6ὲό

309 608 355 656 ἐς
390 606 438 649 τὸ
474 609 682 662 μετέωρον
718 604 800 650 συν
840 607 1051 666 ἀσφαλείᾳ
1090 639 1104 651 .
1139 640 1152 653 .
1182 640 1195 651 .
1221 639 1233 652 .
1268 611 1406 663 μένων
1433 609 1754 665 ἐπιθησόμεθα.

309 674 389 715 κάκ
415 672 569 715 τούτου
597 673 681 715 τῶν
709 674 909 716 ἐναντίων
936 673 984 717 αἱ
1011 674 1188 732 ἀπορίαι
1214 674 1321 732 πρὸς
1348 675 1468 732 ἡμῶν
1495 674 1669 719 ἐσονται.

420 737 716 792 Συστήσεσθαι
743 740 790 781 δὲ
816 739 917 796 ἡμῖν
941 739 1015 782 καί
1038 741 1085 782 ἐκ
1111 742 1184 797 τῆς
1209 739 1339 797 τύχης
1365 739 1413 784 τό
1443 740 1550 791 εἰκὸς
1578 736 1694 796 ἄγει·
1723 735 1752 796 ἦ

308 819 352 847 τε
379 803 459 860 γὰρ
505 803 711 855 ὑπόθεσις
739 803 990 862 δικαιοτάτη,
1019 809 1118 849 καθ’
1143 803 1195 862 ἣν
1215 803 1493 861 ἀμυνούμεθα
1527 805 1626 857 τοὺς
1655 821 1753 862 προ-

308 868 615 925 αδικήσαντας,
643 873 717 914 καί
739 869 784 914 τό
830 870 1047 926 δαιμόνιον
1073 870 1203 931 ταύτῃ
1233 873 1291 923 ὥς
1318 872 1391 916 ἐπὶ
1414 870 1519 915 πολι)
1549 870 1806 928 βραβεύειιο

305 933 361 976 τά
400 934 644 992 ἀνθρώπεια
660 970 673 990 ,
714 936 1037 993 προθυμότατον
1087 933 1135 981 ὂν
1172 934 1399 996 συμφοράς
1424 939 1654 981 ἐλαττῶσαι
1681 939 1754 980 καὶ

306 1003 350 1050 ἐς
376 1000 430 1044 τὰ
461 1002 618 1056 ἀμείνω
651 1001 942 1060 συνάρασθαι.
997 1002 1124 1047 καλὸν
1165 1004 1216 1060 δὴ
1251 1006 1456 1060 γνωρίσαι
1495 1003 1541 1048 τὸ
1580 1002 1754 1060 πάτριον

190 1068 434 1123 Β.33οῆμῶν
461 1070 617 1124 σχῆμα,
647 1068 721 1111 καὶ
739 1068 893 1119 αὖτοὺς
910 1076 997 1119 τοῖς
1013 1067 1207 1126 Ἕλλησιν
1233 1072 1388 1126 α’ρετῆς
1407 1069 1480 1112 καὶ
1508 1071 1754 1126 ἐλευθερίοις

305 1135 500 1189 γενέσθαι
529 1133 822 1190 παράδειγμα,
860 1137 934 1178 καί
958 1136 1077 1192 παρά
1104 1153 1151 1178 τε
1180 1142 1268 1186 τοῖς
1296 1129 1410 1179 οὖσι·
1429 1134 1504 1178 καὶ
1538 1140 1624 1186 τοῖς
1660 1136 1753 1178 ἐπι-

304 1201 558 1255 γιγνομένοις
585 1199 775 1251 εὕκλειάς
803 1199 1057 1257 ἀειμνήστου
1084 1207 1335 1256 μετασχεῖν,
1362 1199 1469 1260 ἔργῳ
1498 1200 1808 1255 δεικνύντας,ιό

306 1265 364 1315 ὥς
403 1265 477 1308 καὶ
501 1267 547 1308 ἐν
580 1272 674 1317 ταῖς
716 1273 960 1323 συμφοραῖς
994 1266 1042 1309 τὸ
1072 1265 1270 1324 φρόνημα
1295 1268 1380 1310 τῶν
1405 1268 1641 1323 Ἀθηναίων
1670 1263 1753 1322 οὔχ

303 1328 493 1388 ἥττηται.
558 1330 759 1387 σύνθημα
798 1334 845 1375 δὲ
879 1335 955 1375 τοῦ
989 1335 1173 1386 πολέμου
1202 1335 1359 1383 παῖδας
1385 1335 1461 1375 καί
1485 1331 1539 1375 τοὶ
1568 1331 1754 1389 φίλτατα

303 1395 579 1452 ποιησάμενοι
616 1397 689 1440 καί
726 1396 772 1439 τό
801 1400 939 1450 ταῦτα
973 1397 1292 1452 διασώσασθαι,
1337 1400 1380 1449 ἐς
1408 1397 1485 1454 τὴν
1510 1395 1754 1443 ἀντίστασιν

304 1463 657 1518 συνταττώμεθα,
710 1462 838 1514 θεοὺς
891 1464 1074 1521 ἐφόρους
1113 1461 1304 1521 ἀρωγοὺς
1357 1463 1754 1518 ἐπικαλεσάμενοι.”

305 1529 380 1572 καὶ
419 1527 442 1571 ὃ
469 1531 549 1584 μὲν
592 1532 771 1573 τοιαῦτα
799 1526 933 1573 εἶπεν·
964 1529 1028 1572 οἳ
1057 1532 1104 1573 δὲ
1146 1530 1369 1587 Ἀθηναῖοι
1400 1535 1488 1580 τοῖς
1513 1545 1560 1572 τε
1585 1532 1809 1584 λεχθεῑ-Ἇο

307 1612 353 1638 σι
379 1595 487 1638 πολυ
518 1593 869 1654 ἐπερῥοόσθησαν,
900 1595 1088 1653 (δυνατοὶ
1119 1598 1163 1646 ἐς
1188 1595 1264 1652 τὴν
1293 1593 1532 1639 ἀντίστασιν
1557 1593 1609 1639 τὰ
1638 1597 1754 1652 εἰρη-

307 1664 448 1720 μένα,)
477 1665 550 1705 καὶ
575 1662 648 1704 ἐπὶ
670 1662 805 1720 τούτῳ
834 1663 1074 1718 ἐξηγεῖσθαι
1101 1662 1224 1719 σφῶν
1251 1658 1393 1705 αὖτῶν
1418 1658 1573 1718 ῆξίουν.

403 1753 433 1776 ι.
457 1741 638 1779 πλείστας
661 1740 717 1783 N„
741 1732 916 1778 τελευτὰς
939 1740 996 1774 ed.
1067 1733 1144 1774 α’πό
1174 1739 1229 1774 ed.
1328 1753 1380 1787 ¹9·
1395 1739 1678 1788 συνταττόμεθα
1695 1739 1751 1773 ed.

306 1810 349 1843 in
376 1820 434 1843 me
458 1811 537 1855 ipso
563 1810 800 1845 dedecorem:
825 1809 1001 1856 vobisque
1033 1814 1160 1843 auctor
1184 1821 1274 1852 sum,
1298 1815 1340 1843 ut
1366 1820 1445 1843 cum
1461 1810 1601 1843 *animis
1623 1810 1753 1843 vestris

307 1857 361 1890 sic
384 1858 581 1901 reputetis3
617 1864 770 1891 mortem
792 1857 934 1890 scilicet
957 1867 1081 1890 omnes
1105 1855 1272 1890 homines
1295 1857 1371 1889 vita
1396 1857 1570 1901 spoliare:
1609 1867 1754 1890 verum-

306 1908 430 1937 tamen
453 1903 493 1937 in
517 1903 774 1939 certaminibus
798 1915 864 1949 pro
894 1903 1009 1949 patria
1036 1902 1214 1937 obeundis
1246 1902 1530 1948 pulcherrimum
1552 1903 1753 1948 praemium

307 1950 533 1997 gloriamque
559 1951 798 1984 immortalem
815 1961 934 1984 secum
956 1950 1063 1984 serre.
1112 1949 1255 1995 Quodsi
1275 1962 1383 1995 quem
1405 1955 1572 1996 propter,
1597 1959 1639 1981 ea
1658 1959 1757 1995 quae

309 1997 468 2030 diximus
482 2023 491 2038 ‚
517 1999 705 2044 captivitas
729 1997 830 2032 urbis
851 1997 1019 2036 territat,
1045 2000 1156 2042 atque
1175 1997 1313 2031 ide-irco
1334 2001 1514 2041 prostrato
1533 1996 1654 2030 animo
1677 2001 1753 2037 est,

306 2045 340 2077 is
362 2043 507 2088 cogitet,
522 2046 714 2091 plerasque
735 2044 843 2078 urbes
863 2043 1023 2078 hostium
1041 2042 1186 2077 insidiis
1209 2055 1286 2078 esse
1304 2048 1429 2087 captas
1452 2068 1462 2078 .
1487 2067 1495 2074 .
1519 2064 1541 2091 .-
1555 2041 1602 2075 ad
1621 2041 1752 2076 altiora

307 2091 389 2124 loca
410 2090 854 2134 incolumesbrecedemuS.
901 2090 1021 2138 Atque
1040 2090 1092 2125 ita
1111 2089 1272 2127 hostium
1289 2089 1521 2125 difficultates
1535 2099 1555 2123 e
1573 2099 1613 2122 re
1626 2095 1752 2123 nostra

308 2142 426 2171 erunt.

449 2185 525 2217 Iam
558 2188 596 2218 et
627 2184 705 2229 ipsa
739 2183 886 2219 fortuna
923 2185 963 2218 in
994 2185 1127 2218 nostris
1147 2184 1239 2218 riute
1263 2184 1468 2228 meritoque
1487 2182 1652 2228 partibus
1670 2193 1754 2217 esso

311 2230 442 2270 debet,
468 2230 554 2276 quia
578 2231 776 2264 iustissima
800 2236 855 2264 est
880 2229 972 2263 belli
996 2241 1124 2271 causa,
1149 2229 1234 2263 dum
1254 2229 1502 2277 aggredientes
1527 2229 1751 2274 repellimus.

311 2277 407 2310 Tum
434 2282 471 2310 et
490 2278 587 2310 Deus
611 2277 663 2311 sic
684 2277 900 2322 plerumque
920 2277 1078 2310 humana
1103 2277 1296 2322 gubernat,
1320 2283 1361 2311 ut
1377 2276 1603 2310 calamitosos
1627 2275 1752 2310 liben-

309 2324 450 2357 tissime
484 2323 650 2358 sublevet
681 2335 721 2356 ac
742 2324 894 2360 meliore
914 2329 1011 2358 sorte
1033 2324 1155 2361 donet.
1201 2325 1356 2358 Interest
1376 2324 1487 2356 etiam
1504 2327 1649 2357 nostrae
1672 2333 1752 2356 me-

310 2370 462 2404 minisse
487 2371 627 2415 patriae
654 2370 839 2414 dignitatis
855 2395 865 2410 ‚
897 2380 1037 2415 nosque
1064 2375 1140 2404 met
1163 2370 1306 2404 Graecis
1328 2369 1473 2403 virtutis
1503 2381 1544 2403 ac
1568 2367 1752 2403 libertatis

311 2417 497 2461 exemplar
520 2427 742 2462 proponerc3
778 2417 1106 2462 sempiternamque
1135 2417 1279 2451 laudem
1301 2429 1321 2452 a
1343 2416 1595 2461 praesentibus
1624 2420 1753 2460 postea-

309 2465 434 2508 risque
470 2465 664 2508 consequi,
709 2463 795 2496 dum
828 2473 953 2507 reapse
986 2463 1295 2504 demonstramus,
1329 2465 1488 2508 vigorem
1518 2461 1754 2496 Atheniensi·

309 2521 372 2544 um
390 2511 502 2544 nullis
530 2510 695 2544 cladibus
719 2510 911 2554 exstingui.
959 2510 1146 2545 Tesseram
1169 2522 1254 2544 vero
1278 2519 1418 2556 pugnae
1442 2508 1576 2543 liberos
1607 2513 1751 2543 nostros

312 2562 352 2591 et
387 2558 569 2591 carissima
607 2567 773 2604 quaeque
807 2562 917 2600 atque
945 2555 1076 2590 horum
1108 2558 1258 2592 salutem
1286 2556 1394 2590 nobis
1414 2560 1678 2601 proponentes,
1709 2555 1753 2589 in

312 2605 429 2638 aciem
459 2603 696 2648 prodeamus,
722 2603 913 2637 custodum
938 2603 1098 2638 Deorum
1125 2614 1192 2649 ope
1216 2603 1444 2648 implorata.“
1492 2601 1551 2636 Sic
1574 2602 1638 2636 ille
1663 2612 1755 2635 con-

311 2654 478 2687 cionatus
502 2656 564 2685 est.
611 2650 849 2686 Athenienses
878 2653 999 2683 autem
1031 2649 1138 2685 dictis
1162 2660 1376 2696 magnopere
1401 2648 1617 2690 confirmati,
1639 2648 1754 2694 (nnn

311 2711 454 2744 pugnae
491 2698 656 2733 stimulos
688 2698 814 2732 concio
837 2696 1075 2744 subiacente)
1109 2702 1150 2732 ut
1182 2707 1219 2732 se
1245 2696 1285 2732 in
1307 2696 1421 2732 aciem
1438 2695 1610 2738 duceret,
1630 2695 1754 2742 ipsum

312 2746 495 2791 rogabant..
