1924 3164
627 193 662 234 E
696 189 901 234 MALcm
937 189 1209 234 msa-oms.
1529 172 1639 231 253

200 311 286 345 τιος
313 294 518 343 καταστάς
546 296 613 344 εἷς.
633 288 814 351 ἄπορον,
834 291 976 348 λαβών
1002 292 1264 350 στρατιώτας
1292 294 1552 349 διακοσίους,
1581 297 1636 337 δι’
1648 305 1688 341 Α.
1699 306 1738 340 C.
1749 307 1822 353 479

201 357 347 416 ὄχθων
373 377 418 403 τε
447 357 616 414 ἀβάτων
643 360 715 402 καί
739 359 844 402 ὅδοῦ
872 357 1029 414 ἇδὴλου
1057 361 1137 413 μὲν
1161 365 1249 408 τοῖς
1275 364 1468 415 πολλοῖς,
1495 352 1762 417 ecstasis-¹⁰³⁴

201 429 250 469 δὲ
276 426 350 469 καί
375 428 573 482 ἀτριβοῦς
599 428 673 468 καί
698 424 791 467 τότε
817 427 981 481 πρῶτον
1008 427 1184 479 ἵππους,
1211 424 1269 475 ὦς
1295 426 1480 481 ἐλέγετο,
1519 428 1643 479 δεξα-

199 494 348 549 μένης,
390 494 464 549 a'cp’
500 488 681 547 ἑσπέρας
719 489 911 546 ὄρμήσας
947 489 1022 533 καὶ
1045 489 1180 550 κύκλῳ
1215 491 1447 548 περιελθών
1475 491 1642 550 ἔρχεται

174 561 262 609 5εἷς
290 558 497 615 φρούριον
519 555 771 610 Ἐπιδάμνου
800 559 973 612 πλησίον
1001 558 1072 599 ἐπὶ
1097 554 1234 613 λόφου
1261 556 1429 614 ὑψηλοῦ
1457 560 1642 613 κείμενον

202 627 274 667 καί
310 620 446 674 ἄλλως
482 619 673 678 ἄμαχον,
714 616 750 680 ᾦ
795 621 963 678 φάραγξ
991 623 1184 664 ὑπέκειτο
1214 627 1395 679 βαθεῖα,
1425 625 1499 667 καὶ
1523 625 1640 683 παρὰ

200 690 276 746 τήν
303 688 499 746 φάραγγα
526 687 714 742 ποταμὸς
753 687 895 742 βαθύς
924 686 1057 744 ἔῤῥει.
1111 690 1299 731 ἐνταῦθα
1326 695 1642 745 μεταπέμπεται

199 755 270 798 τὸν
296 757 564 810 Θευδέριχον.
618 753 691 795 καί
718 752 741 794 o‘
769 755 848 806 μὲν
873 753 1118 802 ὑπακούσας
1146 752 1317 809 ἔρχεται
1326 788 1339 807 ,
1366 758 1440 798 καί
1464 757 1539 813 τὴν
1566 753 1642 799 ἅλ-

198 826 274 876 λην
309 819 509 876 στρατιὰν
552 819 701 876 πόρ’ῥω
740 817 1008 873 καταστήσας
1049 818 1129 861 σύν
1157 817 1311 874 ὀλίγοις
1338 820 1510 864 ἱππεῦσι
1536 820 1672 880 πρόςΒ

150 885 271 933 ιοτόν
299 884 487 938 ποταμὸν
515 881 769 941 οἷφικνεῖται.
792 881 1071 937 Ἀδαμάντιος
1101 886 1148 926 δὲ
1175 885 1311 942 κύκλῳ
1339 887 1439 943 περὶ
1466 887 1541 930 τὸν
1567 887 1640 931 λό-

199 967 282 1009 φον
309 948 436 1002 τάξας
463 950 741 1006 στρατιώτας,
788 946 902 998 ὅπως
940 948 1000 1004 μή
1030 947 1234 1001 κύκλωσις
1260 955 1358 1008 παρ’
1387 955 1546 996 ἐκείνου
1571 957 1641 1009 γέ-

197 1035 339 1074 νηται,
368 1014 635 1071 ὑποκαταβὰς
662 1018 722 1065 εἷς
750 1018 920 1072 πέτραν,
951 1011 1027 1071 οἷφ’
1055 1011 1107 1071 ἧς
1134 1012 1184 1071 ἦν
1211 1013 1440 1073 ἀκουστὸν,
1477 1022 1552 1062 καί
1573 1037 1641 1062 κε-

197 1083 351 1133 λεύσας
390 1079 563 1140 κάκείνῳ
601 1081 701 1132 τούς
739 1078 893 1130 ἄλλους
942 1076 1219 1135 ἆποπέμψαι,
1269 1082 1396 1136 μόνος
1434 1087 1640 1141 διελέγετο

199 1148 329 1207 μόνῳ.
382 1150 456 1190 καί
479 1147 686 1198 καταστάς
724 1148 748 1189 ὅ
790 1148 1049 1202 Θευδέριχος
1075 1148 1297 1205 κατηγόρει
1319 1147 1560 1205 Ῥωμαίων,
1583 1154 1641 1203 ὥς

151 1215 348 1267 ι5έδόκει,
389 1216 556 1267 δίκαια,
603 1217 744 1269 λέγων,
784 1210 851 1256 ὅτι
890 1214 1004 1270 „gysa
1032 1216 1110 1268 μὲν
1138 1212 1217 1265 ἔξω
1244 1215 1315 1270 τῆς
1345 1213 1443 1271 ὅλης
1474 1218 1643 1276 Θρᾴκης

199 1284 430 1336 διατρίβειν
456 1278 645 1337 ᾑρούμην
654 1314 668 1332 ,
698 1276 847 1336 πόρῥω
876 1279 984 1336 πρὸς
1010 1279 1085 1335 τήν
1111 1281 1324 1333 Σκυθίαν,
1366 1277 1469 1324 ὅπου
1504 1286 1642 1337 μένων

199 1342 297 1389 οὔτε
325 1348 510 1401 ἐνοχλεῖν
535 1345 727 1399 ἐνόμιζον
755 1346 908 1388 οὐδένα
926 1380 939 1400 ,
987 1344 1164 1399 ἑτοίμως
1193 1346 1240 1388 δὲ
1268 1349 1443 1400 βασιλεῖ’
1459 1348 1644 1393 ὑπακού-

199 1415 353 1456 σεσθαι
386 1413 582 1454 ἐντεῦθεν
618 1413 663 1461 ἐς
701 1407 779 1464 δ’,τι
806 1412 1092 1468 προστάξειεν.
1146 1407 1270 1464 ὑμεῖς
1307 1413 1356 1454 δὲ
1399 1416 1646 1468 καλέσαντες

200 1479 258 1529 ὥς
286 1479 359 1522 ἐπὶ
382 1476 454 1520 τὸν
482 1474 660 1531 πόλεμον
685 1475 759 1520 τὸν
786 1477 891 1534 πρὸς
921 1479 1198 1533 Θευδέριχον,
1237 1481 1404 1533 πρῶτον
1427 1482 1507 1533 μὲν
1533 1479 1677 1532 sins-c

144 1547 357 1600 2οσχεσθε
383 1542 458 1586 τὸν
483 1544 557 1599 τῆς
586 1543 754 1601 Θρᾴκης
780 1542 1005 1600 στρατηγὸν
1030 1542 1135 1597 μετὰ
1166 1546 1242 1598 τῆς
1271 1542 1489 1599 δυνάμεως
1511 1547 1644 1598 εὐθύς

200 1626 274 1664 μοι
312 1611 598 1665 παρέσεσθαι,
642 1607 690 1658 ὃς
729 1604 920 1662 οὗδαμοῦ
957 1609 1091 1665 ἐφάνη
1102 1643 1115 1663 ,
1154 1607 1299 1651 ἔπειτα
1325 1611 1399 1652 καί
1425 1610 1645 1656 Κλαύδιον

201 1674 274 1719 τὸν
301 1676 377 1718 τοῦ
402 1678 444 1718 Γ
441 1676 615 1717 oratum?
640 1676 796 1728 ταμίαν
823 1673 903 1717 σύν
929 1677 989 1733 τῷ
1016 1675 1159 1732 ξενικῷ
1187 1672 1323 1731 ἥξειν,
1359 1674 1407 1719 ὃν
1435 1677 1536 1721 οὐδὲ
1563 1681 1645 1721 αύ-

200 1740 268 1785 τὸν
293 1738 420 1794 εἶδον,
474 1742 614 1798 τρίτον
641 1742 713 1783 καί
738 1738 943 1797 ἡγεμόνας
971 1740 1082 1784 ὄδῶν
1106 1755 1183 1796 μοι
1211 1740 1442 1797 δεδώκατε,
1489 1743 1532 1787 οἳ
1566 1744 1643 1795 τοὶς

1652 401 1781 435 Zenon.
1793 401 1819 435 6

284 1860 337 1883 ιο.
361 1841 465 1892 παρὰ
487 1844 581 1891 vulg.

201 1933 262 1962 tea
287 1928 437 1967 initam,
460 1930 498 1958 et
521 1933 616 1971 quae
639 1928 727 1958 tunc
745 1925 905 1969 primum
929 1922 1072 1970 equites
1097 1925 1286 1960 admisisse
1310 1925 1467 1971 dicitur,
1491 1931 1558 1965 sub
1579 1943 1644 1968 ve—

203 1985 345 2020 speram
361 1973 544 2018 profectus
581 1971 835 2005 circumeundo
860 1973 1027 2016 pervenit
1049 1972 1095 2005 ad
1121 1973 1309 2006 castellum
1325 1975 1527 2019 Epidamno
1554 1991 1642 2024 pro-

201 2023 363 2060 ximum,
389 2020 428 2052 in
452 2023 645 2063 praerupto
671 2018 812 2050 tumulo
836 2019 966 2058 situm,
997 2019 1055 2051 cui
1081 2018 1228 2051 suberat
1251 2019 1348 2054 fossa
1376 2022 1575 2068 profunda,
1601 2028 1643 2062 in

201 2079 311 2113 quam
336 2066 430 2099 altus
451 2066 580 2098 fluvius
606 2064 793 2098 influebat.
841 2065 933 2097 Illuc
956 2063 1251 2098 'I‘heuderichum
1275 2069 1479 2113 arcessivit3
1515 2077 1554 2105 et
1576 2073 1642 2107 ille

202 2113 353 2160 quidem
378 2113 628 2157 obtemperans
662 2111 781 2151 venit,
809 2116 846 2144 et
869 2114 1045 2144 instructo
1073 2111 1179 2156 longe
1210 2123 1231 2144 a
1260 2118 1359 2158 tergo
1391 2122 1512 2150 cetero
1538 2129 1642 2153 exera

201 2162 297 2202 citu,
322 2171 403 2194 cum
425 2160 549 2204 paucis
583 2157 768 2202 equitibus
794 2157 840 2191 ad
860 2157 1010 2190 fluvium
1036 2159 1194 2190 accessit.
1241 2158 1478 2195 Adamantius
1505 2169 1640 2206 autem,

201 2217 250 2242 ne
275 2207 373 2240 unae
397 2205 553 2239 insidiae
578 2208 826 2244 tentarentur,
862 2203 1026 2249 undique
1050 2205 1091 2238 in
1117 2205 1242 2238 orbem
1267 2206 1360 2239 circa
1385 2208 1515 2242 collem
1539 2212 1640 2245 mili-

205 2259 260 2287 te,
297 2253 505 2294 collocavit,
538 2256 575 2284 et
606 2250 826 2284 descendens
857 2250 897 2282 in
933 2261 1081 2291 saxum,
1117 2251 1214 2285 unde
1239 2252 1403 2287 exaudiri
1428 2258 1572 2299 possen
1600 2264 1639 2292 et

203 2300 334 2333 iubens
358 2299 552 2333 barbarum
576 2309 701 2330 omnes
724 2298 814 2330 aiios
838 2296 1042 2337 dimittere,
1067 2297 1164 2330 solus
1188 2307 1267 2330 cum
1295 2300 1372 2333 solo
1398 2307 1453 2335 est
1475 2304 1638 2338 collocu-

201 2351 272 2380 tus.
298 2346 366 2379 uic
385 2356 465 2388 cum
489 2344 764 2378 Theuderichus
782 2343 1014 2384 constitisset,
1038 2343 1213 2376 Romanos
1238 2344 1338 2386 iure,
1365 2352 1407 2380 ut
1430 2348 1636 2392 videbatur,

203 2397 354 2426 accusat·
378 2393 472 2437 ”Ego
495 2390 676 2437 quidem“,
697 2390 829 2436 inquit,
846 2395 968 2428 „extra
993 2388 1171 2423 Thraciae
1190 2391 1280 2425 fines
1309 2392 1491 2436 Scythiam
1511 2408 1637 2430 versus

202 2439 314 2473 vitam
338 2441 536 2482 transigere
560 2437 828 2476 constitueram.
878 2436 945 2470 Hic
969 2436 1062 2469 mihi
1098 2439 1260 2471 manenti
1290 2444 1327 2472 et
1351 2441 1564 2485 Imperatori
1599 2445 1641 2477 in

204 2483 371 2518 omnibus
391 2485 642 2528 obtemperare
658 2489 784 2527 parato
799 2483 978 2516 neminem
991 2493 1121 2516 vexare
1135 2484 1172 2516 in
1186 2489 1343 2518 mentem
1363 2488 1544 2523 veniebat.
1565 2491 1639 2524 Vos

203 2542 261 2564 me
280 2531 326 2563 ad
337 2529 471 2564 bellum
487 2536 610 2564 contra
623 2531 654 2563 T
657 2529 928 2569 hcuderichum‚
944 2529 1076 2562 Triarii
1091 2529 1218 2571 filium,
1237 2535 1424 2574 evocastis,
1436 2541 1472 2568 et
1481 2537 1640 2581 primum

203 2577 352 2622 quidem
375 2577 550 2610 Thraciae
581 2576 707 2609 ducem
738 2588 818 2610 cum
844 2575 1002 2608 exercitu
1028 2575 1119 2608 mihi
1141 2582 1285 2620 praesto
1309 2579 1474 2614 futurum
1497 2584 1638 2626 promi-

204 2624 327 2658 sisti„
359 2625 389 2657 is
414 2624 548 2656 nullibi
573 2624 731 2668 gentium
757 2623 941 2666 apparuit:
964 2621 1095 2655 deinde
1121 2622 1334 2665 Claudium,
1369 2635 1640 2671 procuratorem

203 2669 377 2713 stipendii
401 2669 563 2709 Gothici,
586 2681 666 2702 cum
689 2674 811 2702 extero
838 2669 956 2701 milite
979 2668 1227 2710 adventurum,
1250 2682 1358 2715 quem
1383 2684 1530 2720 quoque
1554 2687 1641 2708 nus-

203 2727 311 2762 quam
335 2716 421 2749 vidi.
469 2715 595 2750 Tertio
620 2715 711 2748 mihi
733 2716 871 2748 viarum
897 2714 1006 2748 duces
1029 2714 1193 2757 dedistis,
1215 2718 1292 2762 qui,
1312 2721 1401 2753 tutis
1426 2726 1464 2754 et
1487 2722 1638 2766 expedi·-

202 2763 248 2795 tis
271 2763 438 2804 omissis,
467 2773 533 2807 per
558 2774 638 2804 eas,
676 2773 769 2808 quae
802 2760 850 2794 ad
881 2760 1022 2796 hostem
1054 2761 1241 2804 ferebant,
1275 2775 1341 2808 per
1372 2773 1568 2814 praerupta
1601 2773 1638 2802 et
