1924 3164
356 169 468 238 304
924 183 1205 249 EXCERPTA·

182 289 499 338 Δ.ο.566ἇπλῶ’ς
527 286 601 340 ξύν
629 282 770 328 owen*
795 284 906 344 πόνῳ
935 284 980 328 ἐκ
1006 284 1199 341 γειτόνων
1226 284 1461 342 ὄρμιόμενοι
1496 286 1570 342 τῆν
1602 286 1791 340 (Ρωμαί-

213 347 288 402 ¹¹¹ds
308 348 419 401 ξίιων
446 354 825 408 καταδραμοῦνται,
858 352 932 392 καί
958 351 1016 401 ὥς
1045 347 1170 407 ἄχρις
1197 353 1327 394 αὐτοῦ
1352 366 1398 405 γε
1429 350 1478 407 δή
1507 367 1587 393 που
1616 355 1792 394 τοῦΒυ-

190 395 525 472 ῙιΜςιιωαζαντίου
564 416 800 459 ἒλάσουσιν.
852 414 1039 472 ἔφασκον
1078 418 1124 459 δὲ
1163 417 1202 459 οἱ
1242 418 1324 459 τῶν
1363 415 1666 472 Λογγιβάρδων
1693 422 1793 473 πρέ-

356 488 487 538 σβεις,
517 483 574 533 ὥς
615 484 688 524 καί
724 484 907 524 συνοίσει
947 488 1031 530 τοῖς
1074 478 1274 538 Ἀβάροις
1307 481 1380 537 τὴν
1417 481 1519 536 πρὸς
1551 482 1794 535 “Ρωμοιίους

239 555 345 591 Ρ.ιιι
363 547 640 591 ἀσπάσασθαι
670 545 832 602 μάχην·
859 544 888 602 ἢ
915 546 992 604 γὰρ
1023 542 1076 590 ἂν
1101 549 1250 590 ἐκεῖνοι
1279 546 1609 604 προτερήσουσι,
1649 545 1722 589 καὶ
1748 546 1820 593 ἐκ5

355 612 509 663 παντὸς
535 611 692 669 τρόπου
716 615 942 655 καθελοῦσι
958 610 1034 667 τὴν
1053 613 1241 670 Ἀβάρων
1270 611 1467 667 δύναμιν,
1497 609 1602 655 ὅπου
1629 610 1701 654 καὶ
1719 612 1794 667 γῆς

354 676 633 734 τυγχάνουσιν
661 672 804 735 ὄντες.>
1048 689 1050 692 “

464 743 533 800 ιβ’.
574 741 666 788 ’Ότι
694 742 716 787 ὃ
736 744 922 796 Βαϊανὸς
947 743 1044 796 τοὺς
1069 747 1152 789 τῶν
1170 746 1477 801 Λογγιβάρδων
1503 745 1698 800 πρέσβεις
1725 744 1796 798 δε-

355 810 531 864 ξάμενος
559 808 695 852 ἐδόκει
721 807 892 861 τούτους
925 818 1218 868 περιφρονεῖν,
1247 814 1306 868 τῷ
1333 810 1570 866 βούλεσθαί
1589 825 1635 864 γε
1666 804 1797 858 αὖτός

355 873 687 932 κερδαλεώτερον
727 877 885 917 θέσθαι
930 873 987 926 ὥς
1026 875 1181 925 αὐτούς
1220 875 1299 931 τὴν
1330 875 1606 930 συμμαχίαν,
1637 876 1711 916 καί
1738 875 1852 930 πῇιο

353 942 432 995 μὲν
467 939 515 982 τό
556 938 616 995 μὴ
665 937 878 983 δύνασθαι
889 975 901 994 ,
937 942 994 998 πῇ
1033 943 1079 983 δὲ
1117 939 1164 983 τό
1197 940 1408 983 δύνασθαι
1439 941 1516 994 μὲν
1544 941 1771 995 προΐσχετο
1783 971 1796 991 ,

353 1004 412 1061 μὴ
459 1004 692 1059 βούλεσθαι
754 1007 826 1048 δέ.
888 1006 1107 1057 ’ξυνελόντα
1148 1008 1195 1048 δὲ
1234 1008 1388 1059 εἰπεῖν,
1447 1002 1611 1046 ἅπαντα
1645 1002 1798 1059 ’τρόπον

314 1083 342 1116 Β
364 1072 529 1127 α’ποὶτης
555 1077 640 1121 τοῖς
669 1072 878 1124 δεομένοις
905 1072 1119 1120 ἑπισείσας
1146 1069 1261 1122 ἔδοξε
1287 1072 1367 1124 μὲν
1393 1072 1621 1112 πείθεσθαι
1647 1067 1798 1122 μόλις,
1830 1078 1832 1080 “

255 1145 350 1191 Ἷ,75
363 1133 437 1179 οὔκ
464 1131 600 1187 ἄλλως
637 1138 684 1178 δὲ
722 1132 751 1191 ἢ
789 1138 827 1178 εἰ
852 1135 896 1178 τὸ
928 1137 1231 1193 δεκατημόριον
1265 1138 1346 1178 τῶν
1372 1133 1637 1191 τετραπόδων
1665 1132 1799 1176 ἁπάν-

351 1218 453 1255 των,
501 1197 580 1244 ὅσα
609 1199 724 1256 παρὰ
755 1199 1065 1257 Λογγιβάρδοις
1090 1201 1279 1256 ὑπῆρχεν
1299 1232 1311 1255 ,
1350 1199 1500 1242 αὐτίκα
1541 1202 1853 1253 κομίσαιντομ5

353 1266 428 1310 καί
454 1266 524 1321 ὥς,
554 1268 594 1310 εἰ
617 1269 798 1322 γένοιντο
825 1269 1153 1323 καθυπέρτεροι,
1182 1263 1312 1322 ἥμισυ
1341 1268 1420 1319 μὲν
1444 1267 1516 1320 τῆς
1543 1267 1658 1315 λείας
1684 1266 1802 1316 ἕξου-

353 1348 423 1375 σιν
463 1332 604 1385 αὖτοί,
643 1330 718 1387 τήν
760 1333 807 1373 δὲ
834 1335 916 1374 τῶν
942 1334 984 1374 Γ
980 1334 1173 1387 ηπαίδων
1208 1329 1356 1386 χώραν
1384 1333 1444 1381 εἷς
1471 1331 1634 1373 τέλεον.
1691 1326 1720 1370 ἃ
1750 1328 1799 1384 δὴ

354 1398 431 1439 καί
469 1398 651 1451 ἐγένετο.
715 1394 786 1438 καί
827 1394 1019 1453 ἐχώρουν
1058 1399 1100 1439 Γ
1098 1394 1247 1451 ἡπαισι
1274 1396 1601 1451 πολεμήσοντες.
1656 1391 1801 1449 ἐπειδὴ

343 1465 405 1512 ,δὲ
433 1460 611 1504 ἐπύθετο
629 1464 932 1515 Κονιμοῦνδος,
962 1464 1123 1517 λέγεται
1151 1464 1304 1513 δείσας,
1344 1461 1399 1510 ὥς
1430 1462 1502 1502 καί
1530 1456 1658 1509 αὖθις
1684 1458 1800 1516 παρὰ

356 1529 535 1583 βασιλέα
558 1530 778 1571 Ἰουστῖνον
806 1526 968 1581 ἔπεμψε
1009 1527 1225 1583 πρέσβεις,
1254 1526 1328 1569 καί
1354 1527 1410 1575 ὦς
1439 1522 1563 1568 οὖδὲν
1593 1521 1740 1580 ἧττον,
1769 1521 1854 1582 ἧαο

360 1592 586 1650 πρότερον,
612 1594 959 1647 ξυνεπιλαβέσθαι
988 1592 1027 1634 οἱ
1054 1594 1129 1635 τοῦ
1156 1592 1347 1635 κινδύνου
1380 1591 1550 1644 ἱκέτευε,
1579 1592 1652 1632 καί
1677 1590 1802 1632 πάλιν

360 1656 406 1700 τό
436 1661 612 1715 Σίρμιον
639 1660 713 1700 καί
737 1657 813 1713 τὴν
844 1657 943 1701 εἴσω
971 1655 1118 1714 Δράου
1149 1659 1336 1711 ποταμοῦ
1361 1656 1508 1713 χώραν
1534 1655 1802 1711 ἐπηγγέλλετο

453 1738 486 1771 3.
510 1734 691 1770 ἐλάσουσι
717 1735 989 1781 Η.,ἔκλοέβουσι
1009 1737 1114 1790 V¹¹¹gx
1190 1734 1478 1780 Λογγοβάρδων
1500 1734 1595 1778 vulg.
1674 1745 1708 1778 9.
1732 1732 1796 1765 αὖ·

451 1781 517 1820 τός
539 1785 590 1824 B„
615 1780 732 1817 αὕτόν
755 1784 848 1828 vulg.
928 1794 976 1817 ιο.
1003 1782 1141 1822 αὐτους
1160 1782 1217 1825 N.‚
1245 1781 1338 1829 αὐτῇ
1363 1781 1457 1826 vulg.
1544 1782 1596 1824 ¹4·
1616 1779 1651 1812 εἰ
1674 1778 1801 1814 add.N.

454 1841 507 1874 19.
544 1829 716 1863 ἐπείθετο
741 1829 835 1874 vulg.

358 1918 404 1941 ex
427 1908 554 1942 vicinis
587 1908 676 1942 locis
712 1913 897 1942 moventes
931 1910 1082 1943 minimo
1115 1910 1263 1953 negotio
1288 1909 1531 1942 Romanorum
1553 1905 1717 1950 regiones
1743 1915 1802 1939 ar-

358 1955 427 1986 mis
459 1964 668 1998 percurrere
693 1960 730 1988 et
755 1957 965 1999 Byzantium
990 1967 1106 2002 usque
1131 1955 1228 1989 ferri.
1277 1956 1458 1988 Dixerunt
1482 1962 1628 1999 quoque
1655 1952 1823 1996 Longo--

358 1999 555 2033 bardorum
579 2001 703 2045 legati,
718 2001 892 2036 Avaribus
911 2003 1082 2046 expedire
1098 2002 1273 2035 Romanos
1299 2001 1394 2034 ultro
1422 2000 1520 2034 bello
1543 2004 1684 2044 petere:
1709 1999 1802 2031 alio-

361 2047 454 2091 quin
478 2048 575 2080 enim
608 2049 690 2081 illos
722 2053 1000 2091 praeventur08‚
1036 2053 1073 2082 et
1098 2059 1244 2094 quoquo
1270 2053 1447 2081 terrarum
1471 2047 1600 2080 Avares
1624 2045 1801 2079 constite-
1831 2043 1838 2051 ‘

359 2093 453 2134 rint,
481 2104 542 2127 eos
567 2099 819 2138 persecuturos
853 2099 890 2128 et
915 2106 1142 2140 quacumque
1169 2096 1309 2128 ratione
1335 2093 1527 2126 deleturos.

458 2151 510 2176 12.
557 2141 708 2173 Baianus
742 2141 879 2186 legatos
915 2141 1064 2186 quidem
1103 2140 1421 2185 Longobardorum
1445 2137 1604 2183 excepit,
1637 2136 1702 2171 sed
1738 2146 1834 2178 eos,-

359 2186 462 2228 parvi
486 2187 603 2219 facere
629 2187 808 2229 decrevit,
835 2193 876 2221 ut
900 2198 942 2220 ea
974 2189 1114 2221 ratione
1146 2186 1436 2226 conditionibus,
1468 2195 1560 2230 quae
1585 2184 1659 2217 suis
1684 2183 1801 2218 ratio·

360 2230 469 2264 nibus
512 2234 620 2267 utiles
656 2238 799 2275 essent,
830 2233 877 2267 ad
908 2245 1089 2267 armorum
1122 2236 1331 2268 societatem
1359 2242 1479 2266 secum
1513 2229 1797 2264 contrahendam

358 2277 559 2321 pelliceret.
608 2280 654 2312 Et
675 2279 782 2313 modo
806 2291 845 2314 se
868 2291 943 2312 non
967 2290 1093 2325 posse,
1122 2280 1227 2314 modo
1253 2290 1376 2326 posse,
1401 2277 1576 2316 iactabat,
1601 2275 1665 2310 sed
1688 2275 1822 2311 noue..

361 2322 526 2368 Cumque
553 2335 589 2359 se
613 2331 798 2370 precantes
826 2327 925 2360 omni
948 2326 1085 2360 fraudis
1120 2337 1272 2370 genere,
1306 2331 1347 2359 ut
1369 2323 1527 2358 breviter
1550 2322 1688 2363 dicam,
1713 2332 1802 2356 con-

360 2370 553 2412 cussisset,
586 2371 733 2405 tandem
757 2384 880 2406 eorum
905 2373 1079 2417 petitioni
1104 2373 1270 2407 assentiri
1293 2370 1504 2410 videbatur,
1540 2368 1603 2402 sed
1629 2368 1801 2402 non-alin

360 2415 586 2457 conditione,
611 2429 719 2462 quam
745 2419 775 2451 si
799 2419 974 2452 decimam
997 2425 1138 2464 partem
1166 2417 1449 2464 quadrupedum,
1476 2425 1568 2462 quae
1596 2419 1682 2448 tunc
1706 2419 1799 2447 tem-

357 2462 459 2505 poris
495 2463 593 2506 apud
627 2465 883 2508 Longobardos
917 2470 1058 2506 essent,
1092 2465 1280 2500 confestim
1308 2465 1509 2508 acciperet,
1540 2462 1571 2495 si
1594 2461 1800 2506 superiores

360 2508 571 2549 evaderent,
596 2509 787 2544 dimidium
814 2512 1068 2545 manubiarum
1094 2517 1130 2545 et
1153 2517 1230 2544 tota
1255 2509 1479 2555 Gepidarum
1503 2509 1600 2553 regio
1626 2509 1704 2541 eius
1726 2507 1802 2540 iuri

361 2553 518 2588 cederet.
565 2556 685 2600 Atque
718 2557 808 2591 haec
840 2570 921 2591 cum
954 2559 1006 2591 ita
1031 2563 1209 2592 conventa
1235 2562 1373 2597 essent,
1398 2555 1536 2588 bellum
1565 2554 1697 2588 inferre
1725 2554 1801 2588 Ge-

337 2599 458 2647 ·pidis
484 2599 654 2645 deinceps
680 2603 929 2638 instituerunt.
979 2605 1083 2649 Quae
1111 2604 1174 2637 ubi
1201 2602 1447 2637 Conimundus
1477 2601 1684 2640 intellexit,
1709 2599 1801 2633 dici-

359 2651 421 2680 tur
446 2647 575 2681 timore
595 2649 779 2692 perculsus
804 2651 938 2694 legatos
964 2662 1110 2697 quoque
1144 2649 1284 2687 misisse
1327 2649 1373 2682 ad
1396 2648 1573 2681 lustinum
1598 2647 1799 2691 Imperato-

360 2704 461 2735 rem,
485 2699 523 2728 et
549 2705 632 2727 eum
657 2705 734 2728 esse
761 2696 983 2737 obtestatus,
1009 2701 1050 2730 ut
1072 2700 1147 2730 non
1179 2695 1320 2735 minus,
1357 2705 1464 2740 quam
1495 2698 1624 2733 antea,
1650 2693 1691 2726 in
1715 2702 1799 2736 par-

361 2743 438 2773 tem
460 2740 615 2786 periculi
636 2741 788 2778 veniret.
837 2742 933 2776 Tum
958 2753 1104 2784 rursus,
1138 2751 1177 2776 se
1201 2742 1258 2775 illi
1283 2741 1455 2776 Sirmium
1481 2746 1518 2775 et
1542 2749 1682 2774 omnem
1704 2738 1799 2782 regi-
