1924 3164
522 151 557 191 E
601 151 884 192 MENANDRI
923 150 1200 192 ffls‘romA.
1453 133 1570 208 379

134 251 211 295 ἅδε
239 249 429 306 ἀκηκοώς
438 284 451 304 ,
491 250 566 294 ’καὶ
600 251 653 293 οὖ
689 251 860 309 σφόδρα
886 253 961 306 τῆς
987 255 1064 294 τοῦ
1089 251 1392 309 αὐτοκράτορος
1418 254 1761 307 στοχα-Α-(Ὰὸὅ

136 316 308 371 ζόμενος
328 317 520 373 γνώμης,
549 315 812 372 ἀβουλότατα
841 315 1093 371 διεπράξατο
1109 334 1122 346 ·
1163 315 1320 360 ἔστειλε
1347 316 1430 375 γὰρ
1459 317 1575 374 παρὰ
1585 303 1718 384 {355ss
1731 360 1745 383 ι

126 380 365 435 Σουάνους,
393 380 464 424 τὸν
480 384 603 438 σφῶν
631 383 811 436 βασιλέα
836 380 1090 435 βουλόμενος
1120 379 1430 436 δεξιώσασθαι,
1461 385 1576 425 δελε-

129 447 308 496 άσαντος
337 442 412 490 οὖν
441 446 573 489 αὔτὸν
599 448 644 496 ἐς
670 449 791 489 τοῦτο
820 447 1000 496 α’τοπιάς
1028 449 1168 490 ἐλθεῖν
1195 449 1335 490 αὑτοῦ
1362 446 1574 505 Χοσρόου,

103 511 357 568 δέσκήπτετο
388 514 435 554 δὲ
461 510 506 555 τὸ
532 510 696 554 τοιόνδε
723 512 798 554 καὶ
822 514 1069 568 ἐμηχανᾶτο
1084 546 1097 566 ,
1127 510 1241 564 ὅπως
1259 511 1397 557 ἔσοιτό
1423 530 1471 570 γε
1497 510 1579 556 αὗ-

125 581 186 638 *th
212 581 257 629 ἐς
283 579 568 633 δικαιολογίαν
594 575 688 620 τινὰ
706 611 720 630 ,
748 577 806 627 ὥς
836 579 962 620 αὐτοὶ
987 577 1189 632 Σουάνοι,
1231 581 1368 622 καίτοι
1394 596 1580 637 προτραμ

123 647 294 698 πέντες,
324 644 401 686 οὐκ
439 642 652 698 οἷνάσχετα
680 645 900 686 ποιοῦνται
924 643 1163 698 Ῥωμαίοις
1190 645 1434 690 ὑπακούειν.
1489 648 1584 703 ἔξη-

123 712 301 753 πίστατο
339 709 422 766 γὰρ
474 705 547 751 ὅτι
588 704 667 751 οὖν
715 704 881 765 ὤνησαν
927 709 967 751 οἱ
994 709 1101 766 πρὸς
1127 709 1323 753 Ἰωάννου
1352 713 1584 761 σταλέντες.

124 773 229 828 μετὰ
273 777 408 817 ταῦτα
442 774 712 830 ἐπηγγείλατο
754 774 956 830 Χοσρόης
999 777 1183 818 στέλλειν
1222 776 1480 833 πρεσβευτήν
1519 776 1613 827 aig-C

79 843 307 895 ιοβασιλέα
343 841 593 894 Ῥωμαίων,
632 839 706 883 τὸν
732 843 866 883 ταῦτα
897 838 1062 884 ἅπαντα
1093 843 1138 884 ἐν
1159 843 1292 884 δέοντι
1320 843 1586 899 καταστησό-

125 921 251 961 μενον
271 923 284 935 ·
313 905 388 947 καί
413 903 631 957 ἀνέζευξεν
658 903 846 962 Ἰωάννης
873 907 916 956 ἐς
940 904 988 949 τό
1019 906 1270 958 Βυζάντιον.

236 971 285 1020 ς’.
331 967 422 1014 ’Ότι
445 974 662 1022 Ἰουστῖνος
691 972 713 1014 ὅ
740 970 940 1026 βασιλεύς
970 971 1063 1014 ἐπεὶ
1087 971 1281 1027 ἐπύθετο,
1309 971 1368 1022 ὦς
1394 975 1440 1016 ἐν
1465 977 1574 1018 >Jov-
1590 971 1631 1005 Α·
1647 971 1684 1005 C·
1702 971 1773 1005 566

127 1039 223 1095 ανιζι
251 1036 316 1092 εἴη
344 1040 541 1090 πέμψας,
568 1036 642 1079 καὶ
668 1034 735 1079 ὅτι
761 1042 848 1087 τοῖς
871 1035 1100 1091 ‘Pwpcat'oev
1129 1038 1179 1079 οὗ
1199 1041 1454 1094 προσέθεντο
1468 1043 1579 1082 Σου-
1590 1019 1757 1100 ἔὲἒυὲξᾎ

125 1102 238 1157 άνοι,
279 1105 583 1157 ἐχαλέπαινεν,
626 1100 696 1146 οἷα
734 1103 859 1153 εἰκός.
917 1103 992 1145 καί
1025 1107 1371 1159 παραπρεσβείας
1398 1107 1582 1161 ἐκρίνετο

76 1169 340 1226 ιὸἸωάννης,
371 1166 446 1211 ἅτε
474 1169 524 1211 οὕ
554 1167 658 1226 πρὸς
684 1167 729 1211 τὸ
757 1175 952 1212 συνοῖσον
980 1171 1032 1228 τῇ
1071 1169 1257 1228 πολιτείᾳ
1293 1171 1586 1226 διαπραξάμε-

126 1250 209 1284 νος.
264 1235 366 1276 οὕδὲ
391 1232 471 1290 γάρ
498 1237 662 1289 χρῆναι
689 1231 816 1276 αὐτὸν
845 1234 1003 1291 ἔφασκε
1033 1239 1196 1277 στεῖλαι
1213 1268 1226 1288 ,
1255 1234 1339 1289 εἴγε
1366 1235 1428 1291 μὴ
1458 1240 1584 1280 τοῦτο

126 1299 420 1342 ἑνεκελεύσατο
447 1298 470 1342 ὃ
497 1298 713 1353 βασιλεύς·
752 1297 830 1341 udae
859 1300 1009 1342 τούτου
1037 1302 1187 1342 δοῦναι
1214 1301 1433 1357 πρόφασιν
1462 1305 1584 1358 Πέρ-

127 1381 224 1414 σαις
250 1364 297 1407 τὸ
327 1367 514 1420 α’δίκημα
542 1362 798 1419 ξυσκιάζειν,
819 1365 892 1407 καὶ
922 1366 1150 1421 προφέρειν
1176 1364 1338 1420 λόγους,
1367 1367 1425 1417 ὥς
1452 1370 1577 1411 αὐτοὶ
1584 1376 1617 1409 D

127 1429 312 1474 Σουάνοι
354 1430 616 1487 α’πηνήναντο
658 1430 710 1473 τὰ
744 1432 986 1485 “Ρωμαι’ων.
1043 1433 1132 1474 ἀλλ’
1160 1428 1261 1474 οῦδὲ
1288 1435 1334 1475 ἐν
1361 1435 1475 1491 α’ρχῇ
1503 1434 1582 1490 τὴν

72 1495 323 1551 ποτοιαύτην
342 1499 667 1552 >προσδέξασθαι
693 1496 935 1554 πρόκλησιν,
964 1493 992 1552 ἢ
1010 1496 1227 1547 Σουάνους
1246 1501 1581 1555 προτρέψασθαι

127 1554 347 1606 εἶναιῗῦπὸ
370 1560 640 1616 ζΡωμαίους,
670 1559 700 1619 ἢ
728 1561 879 1606 τούτου
908 1579 954 1618 γε
981 1565 1101 1606 ἕνεκα
1122 1563 1383 1620 πρεσβευτὴν
1421 1565 1467 1607 ἐν
1486 1570 1582 1608 Rv-

127 1630 279 1687 ζαντίῳ
323 1630 535 1683 γενέσθαι.
594 1631 813 1686 ου’δέτερον
849 1629 931 1686 γάρ
972 1631 1017 1681 ἐξ
1044 1629 1207 1686 ἀμφοῖν
1237 1632 1443 1686 εὐπρεπὲς
1470 1628 1582 1674 εἶναι

221 1719 254 1753 5.
286 1717 412 1752 ἕσοιτό
434 1718 531 1759 VaL,
557 1717 645 1757 ὅσοι
668 1716 711 1753 τό
737 1720 831 1765 vulg.
955 1731 1006 1755 10.
1026 1703 1068 1754 ἓν
1093 1717 1219 1755 δέοντι
1243 1718 1309 1762 H„
1332 1718 1463 1756 ἐνδέον
1483 1721 1580 1767 vulg,

220 1776 276 1799 αι.
301 1762 532 1810 πρεσβευτής
556 1765 652 1809 vulg.

127 1855 250 1888 omnia
276 1854 471 1900 diligenter
498 1855 768 1901 perpenderet,
797 1855 1013 1890 habebatur.
1063 1856 1169 1900 Quae
1203 1863 1286 1890 eum¹
1323 1858 1478 1891 Ioannes
1513 1869 1580 1892 au-

127 1902 253 1940 disset,
273 1912 392 1947 neque
420 1902 508 1935 satis
534 1902 580 1934 ad
605 1912 660 1943 ea,
694 1913 787 1947 quae
812 1904 1015 1947 Imperator
1036 1901 1093 1936 illi
1117 1910 1364 1948 praeceperat,
1399 1903 1581 1939 advertis-

126 1954 197 1989 set,
219 1947 469 1992 imprudenter
494 1949 593 1990 fecit,
619 1954 656 1982 et
684 1949 730 1982 ad
756 1949 894 1981 Suanos
911 1949 1024 1988 misit,
1056 1949 1121 1994 qui
1147 1959 1267 1993 regem
1293 1959 1416 1984 eorum
1442 1951 1582 1984 saluta-

127 2000 211 2028 rent
240 1995 392 2040 eiusque
423 1996 572 2039 gratiam
607 1995 854 2029 conciliarent.
905 1995 957 2030 Eo
986 1994 1223 2029 absurditatis
1258 2007 1340 2029 eum
1376 1997 1582 2040 pellexerat

126 2042 320 2077 chosroes.
344 2041 418 2086 Qui
447 2041 580 2075 callide
610 2041 680 2074 hoc
704 2047 928 2074 commentus
950 2042 1002 2075 ita
1025 2042 1197 2083 instituit,
1223 2048 1266 2076 ut
1287 2042 1453 2084 haberet,
1477 2043 1582 2090 quod

128 2089 233 2134 quasi
255 2088 337 2120 iure
368 2100 433 2121 suo
457 2089 608 2128 diceret,
633 2089 770 2122 Suanos
799 2089 896 2132 ipsos
929 2088 1092 2133 quamvis
1126 2093 1269 2133 rogatos
1307 2089 1477 2123 Romanis
1515 2102 1581 2135 pa-

127 2145 206 2168 rere
231 2145 423 2168 recusasse.
471 2135 631 2168 Noverat
656 2135 774 2175 enim,
800 2139 978 2180 quantum
1002 2136 1067 2180 qui
1092 2145 1112 2166 a
1136 2135 1272 2169 Ioanne
1295 2136 1396 2169 missi
1419 2137 1577 2179 fuerant,

127 2181 324 2215 efficerent.
351 2181 426 2214 Nec
452 2182 568 2216 multo
591 2186 675 2226 post
698 2181 876 2214 Chosroes
898 2182 1083 2226 pollicitus
1106 2186 1173 2224 est,
1193 2193 1231 2215 se
1259 2181 1418 2228 legatum
1443 2183 1490 2216 ad
1508 2185 1581 2218 Ro-

126 2238 315 2261 manorum
339 2227 598 2273 Imperatorem
622 2229 815 2262 missurum
841 2238 944 2270 esse,
973 2229 1038 2274 qui
1068 2227 1160 2262 haec
1191 2228 1315 2263 omnia
1345 2235 1581 2276 componeret

129 2279 167 2308 et
193 2284 354 2308 reversus
377 2279 432 2308 est
454 2276 607 2308 Ioannes
631 2275 841 2318 Byzantium

219 2321 253 2354 6.
301 2321 462 2354 Iustinus
488 2323 686 2366 Imperator
710 2320 776 2354 ubi
801 2320 953 2364 accepit,
979 2321 1151 2354 Ioannem
1178 2321 1316 2367 legatos
1342 2321 1381 2354 in
1407 2322 1579 2358 Suaniam

125 2365 286 2407 misisse,
324 2367 461 2401 Suanos
489 2374 612 2401 autem
637 2379 675 2401 se
699 2379 774 2401 non
803 2367 957 2411 imperio
986 2367 1226 2401 Romanorum
1246 2367 1464 2410 subiecisse,
1499 2382 1579 2415 gra-

126 2413 223 2446 viter
246 2413 470 2459 molesteque
504 2416 592 2448 tulit
627 2419 664 2447 et
698 2415 872 2447 Ioannem
902 2413 1095 2458 legationis
1141 2425 1216 2448 non
1251 2426 1295 2448 ex
1329 2417 1492 2450 utilitate
1523 2417 1579 2450 rei

127 2458 297 2505 publicae
320 2465 440 2503 gestae
464 2461 731 2495 condemnavit.
779 2461 854 2494 Nec
875 2461 972 2493 enim
995 2471 1032 2494 se
1058 2461 1192 2501 inscio,
1225 2466 1290 2496 aut
1311 2473 1386 2496 non
1410 2462 1581 2505 iubente,

129 2505 300 2539 debuisse
323 2508 467 2540 mittere
489 2515 526 2543 et
558 2519 603 2542 ex
627 2507 696 2541 hoc
711 2508 936 2540 occasionem
964 2507 1077 2540 Persis
1101 2506 1286 2553 praebere,
1301 2520 1372 2554 qua
1397 2521 1498 2542 suam
1518 2510 1577 2543 in-

129 2551 307 2586 iustitiam
335 2558 498 2598 tegerent
520 2580 529 2596 ,
564 2560 600 2587 et
636 2555 753 2598 palam
786 2553 1061 2598 praedicarent',
1092 2554 1230 2588 Suanos
1265 2556 1364 2599 ipsos
1394 2556 1577 2589 Romano-

129 2609 208 2631 rum
234 2600 424 2642 impcrium
448 2601 677 2635 detrectasse.
737 2601 813 2634 Nec
844 2601 942 2633 enim
978 2600 1071 2634 hanc
1103 2600 1150 2634 ab
1184 2602 1339 2646 imperio
1375 2603 1576 2646 suscepisse

69 2682 72 2686 ¹
127 2645 348 2724 provinciam
365 2671 374 2685 ‚
408 2651 448 2679 ut
473 2654 535 2681 aut
560 2647 689 2681 suauis
715 2646 907 2687 suaderet,
948 2652 989 2680 ut
1012 2657 1049 2680 se
1083 2649 1252 2682 Romanis
1276 2647 1488 2694 subderent,
1510 2654 1576 2683 aut

90 2694 94 2697 '
157 2691 238 2725 uius
263 2692 315 2726 rei
341 2694 452 2737 gratia
480 2695 688 2740 Byzantium
716 2694 854 2740 legatus
885 2693 1034 2737 veniret.
1082 2694 1261 2731 Neutrum
1291 2696 1390 2732 en‘un
1420 2697 1580 2740 imperio
