1924 3164
536 164 582 222 ,Ε
617 160 841 205 CANmm
879 158 1151 203 ms‘romA.
1438 140 1509 215 47
1519 159 1563 216 7.

113 264 214 322 κρόν
237 266 410 320 συνέχεε
436 263 486 308 τοὶ
521 265 670 307 αὐτοῦ.
708 262 766 314 ὥς
796 261 1002 321 ἐμφύλιος
1028 263 1206 317 συνέστη
1234 261 1402 317 Ζήνωνι
1431 260 1556 304 πόλε-

112 347 219 386 μος,
249 329 498 386 ἐξάρχοντος
526 333 782 388 Μαρκιανοῦ
817 329 892 372 καί
915 329 1163 386 Προκοπίου
1201 327 1306 370 υἱῶν
1330 330 1406 370 τοῦ
1430 331 1556 382 βασι-

110 395 338 446 λεύσαντος
359 395 530 452 “Ρα5μης
555 397 790 450 Ἀνθεμίου
802 428 816 449 ,
861 394 936 437 καὶ
961 392 1243 451 κρατήσαντος
1268 393 1462 450 Ζήνωνος
1498 395 1551 435 δι’
1562 397 1596 431 Ρ.
1605 411 1649 434 20

99 457 256 515 Ἲλλου,
288 459 573 518 πρεσβύτερος
598 463 676 515 μὲν
703 458 958 517 Μαρκιανὸς
984 457 1289 516 ἐχειροτονήθη,
1318 459 1340 502 ὅ
1370 461 1417 501 δὲ
1436 463 1559 515 Προ-

88 526 256 578 5κόπιος
283 526 391 584 πρὸς
413 525 681 583 Θεοδώριχον
707 525 778 568 τόν
805 528 850 569 ἐν
872 525 1018 584 Θρᾴκῃ
1040 526 1226 581 διέφυγε.
1251 518 1327 567 καὶ
1351 522 1409 576 ὥς
1434 525 1563 581 ὕπερ-

114 595 303 649 ορισθείς
339 591 592 649 Μαρκιανὸς
633 593 678 635 ἐν
707 593 993 649 Καππαδοκία
1024 593 1097 633 καί
1126 590 1346 647 διαφυγών
1390 588 1562 647 ἐτάραξε

113 655 191 715 τὴν
215 661 305 701 κατ’
321 653 549 714 ”Λγκυραν
579 660 809 700 Γαλατίαν·
853 653 944 700 εἶτα
977 659 1238 713 συλληφθεὶς
1264 658 1324 707 εἷς
1346 656 1594 711 ἸσαυρίανΒ

115 725 336 782 διῳκίσθη.
388 724 463 766 καὶ
489 723 546 774 ὥς
572 720 598 779 ἦ
629 723 734 779 πρὸς
749 718 924 766 'latomo
951 720 1090 778 ἔχθρα
1116 724 1174 779 τῷ
1197 725 1369 776 βασιλεῖ
1388 724 1565 778 συνέστη

115 791 190 832 καί
218 787 394 846 ηὐξήθη.
449 786 560 831 οὕτω
587 789 666 843 μὲν
696 783 771 831 οὖν
798 787 872 830 καὶ
896 787 921 830 ὅ
951 786 1156 842 δεύτερος.

67 867 117 894 10
220 855 268 899 Ὁ
295 856 342 897 δὲ
367 856 504 912 τρίτος
531 850 637 898 ἄλλα
665 870 710 898 τε
736 857 924 911 περιέχει
952 855 1026 896 καί
1051 851 1107 903 ὥς
1139 855 1199 904 εἷς
1215 852 1262 896 τὸ
1277 854 1462 909 ἐμφανὲς
1473 848 1567 897 Ἰλ-

116 925 215 971 λους
229 919 466 971 ἐπαναστὰς
482 921 647 974 Ζήνωνι
666 921 845 975 βασιλέα
872 918 1077 963 Λεόντιον
1106 918 1187 962 σῦν
1199 919 1359 976 Βηρίνῃ
1389 920 1570 962 α’νεῖπεν.

118 984 232 1035 ὅπως
248 1002 294 1029 τε
322 984 687 1044 δυσπραγήσαντες
703 984 1104 1042 ἐπολιορκήθησαν,
1142 984 1216 1027 καὶ
1256 981 1428 1035 ἁλόντες
1465 981 1569 1027 οἷπε-

117 1052 363 1109 τμήθησαν,
395 1051 469 1094 καί
493 1046 624 1095 τᾶλλα
653 1053 732 1102 ἕως
755 1053 828 1107 τῆς
854 1050 1049 1107 Ζήνωνος
1073 1050 1285 1107 τελευτῆς.

119 1152 195 1188 vile
217 1154 352 1187 Zenoni
376 1151 518 1188 bellum
551 1153 635 1187 fuit·
669 1157 779 1198 atque
808 1153 1022 1186 intestinum
1040 1178 1051 1194 ‚
1082 1151 1358 1197 insurgentibus
1382 1152 1567 1187 Marciano

120 1205 160 1234 et
185 1199 370 1244 Procopio,
393 1201 479 1234 filiis
501 1199 591 1241 eius,
619 1201 683 1245 qui
708 1201 840 1234 Romae
863 1201 1113 1243 imperaverat,
1141 1199 1334 1232 Anthemii.
1359 1199 1461 1244 Quos
1487 1211 1568 1233 cum

123 1246 244 1280 Hillus
270 1247 423 1280 Zenonis
450 1247 621 1291 auspiciis
647 1245 860 1287 devicisset,
885 1246 1088 1279 Marcianus
1115 1243 1263 1290 quidem
1288 1250 1374 1278 natu
1399 1246 1569 1288 grandior

122 1293 313 1327 ordinatus
342 1299 399 1327 est
436 1294 644 1339 presbyter:
670 1293 862 1336 Procopius
886 1303 972 1325 vero
996 1291 1043 1324 ad
1067 1289 1361 1324 Theuderichum
1387 1291 1426 1325 in
1452 1292 1570 1325 Thra-

121 1340 217 1374 ciam
249 1339 420 1385 confugit.
477 1339 579 1384 Quin
604 1343 651 1371 vet
683 1339 835 1372 extorris
876 1338 916 1370 in
948 1336 1178 1382 Cappadocia
1212 1337 1442 1378 Marcianus,
1486 1339 1570 1383 fuga

124 1387 288 1432 elapsus,
314 1397 408 1432 quae
432 1386 480 1420 ad
503 1387 678 1430 Ancyram
701 1385 873 1430 pertinet,
900 1383 1079 1418 Galatiam
1103 1384 1274 1425 turbavit,
1301 1384 1418 1418 donec
1442 1390 1569 1429 captus

126 1433 167 1466 in
191 1432 364 1466 Isauriam
389 1438 445 1467 est
468 1432 657 1477 relegatus.
715 1431 758 1464 In
783 1430 920 1464 Hillum
981 1442 1100 1476 uoque
1125 1430 1171 1464 ab
1198 1431 1420 1476 Imperatore
1443 1431 1584 1466 odium·

126 1485 340 1524 conceptum
363 1485 419 1513 est
450 1484 678 1524 auctumque.
711 1477 831 1523 Atque
855 1476 946 1510 haec
984 1477 1065 1511 ibro
1082 1478 1241 1511 secundo
1264 1478 1424 1521 prodita,

221 1527 366 1560 Tertius
390 1526 525 1560 deinde
557 1525 652 1558 liber
690 1535 769 1557 cum
806 1524 879 1557 alia
918 1525 1100 1566 continet,
1131 1530 1208 1558 tum
1233 1525 1415 1570 quomodo
1451 1525 1588 1570 palam*

126 1573 167 1605 in
190 1573 365 1607 Zenonem
388 1573 509 1606 Hillus
534 1572 791 1610 insurrexerit,
815 1571 1083 1617 Leontiumque
1107 1571 1368 1616 Imperatorem
1395 1583 1478 1606 cum
1499 1572 1572 1606 Ve-
1591 1570 1594 1573 ’

127 1620 208 1654 rina
243 1619 524 1660 renuntiaverit,
558 1623 673 1664 utque
711 1627 749 1651 re
781 1617 1125 1662 instiicitengesta,
1158 1617 1297 1652 obsessi
1318 1619 1488 1666 captique
1512 1629 1572 1653 ca-

129 1667 209 1713 pite
231 1666 392 1702 truncati
413 1667 508 1702 sint:
531 1665 680 1711 aliaque
705 1663 752 1698 ad
762 1664 1053 1709 ,exitium-usque
1075 1665 1240 1700 Zenonis.

373 1844 572 1901 Sequentia
583 1852 758 1899 leguntur
780 1851 883 1899 apud
900 1851 1050 1887 Suidam
1068 1864 1094 1886 s.
1121 1864 1160 1887 v.
1175 1853 1344 1899 χειρίζω.

240 1942 457 1993 Κάνδιδος
473 1940 792 2000 ἱστοριογράφος
813 1958 941 1998 φησιν
964 1938 1026 1984 ὅτι
1044 1944 1169 1984 Λέων
1187 1941 1212 1983 ὅ
1230 1944 1460 1998 Μακέλλης
1477 1945 1577 1999 περὶ

132 2008 211 2066 τὴν
253 2011 527 2067 ἐκστρατείαν
563 2007 641 2065 τήν
664 2007 770 2050 κατὰ
800 2008 1031 2063 Βανδήλων
1061 2002 1214 2064 ἄπειρα
1232 2007 1433 2064 χρήματα
1451 2011 1575 2067 δεδα-

133 2074 306 2132 πάνηκε.
365 2072 474 2132 ἦσαν
498 2073 580 2130 γάρ
600 2107 612 2126 ,
650 2074 707 2123 ὥς
738 2072 778 2116 οἱ
804 2076 940 2115 ταῦτα
969 2073 1243 2130 ἐφανέρωσαν
1271 2071 1575 2130 κεχειρικότες,

134 2140 208 2183 διὰ
236 2144 316 2196 μὲν
349 2143 434 2184 τῶν
461 2138 666 2195 ὑπάρχων
690 2140 871 2196 χρυσίου
904 2141 1054 2196 λίτραι-
1081 2139 1432 2195 τετρακισμύριαι
1469 2139 1577 2196 πρὸς

133 2205 488 2261 ἓπτακισχιλίαις·
545 2203 618 2247 διὰ
645 2206 691 2247 δὲ
722 2207 798 2246 τοῦ
836 2202 1011 2260 κόμητος
1042 2206 1125 2246 τῶν
1156 2207 1383 2261 θησαυρῶν
1406 2202 1578 2248 ἑπτακι-

137 2274 300 2327 σχίλιαι
322 2271 428 2328 πρὸς
448 2271 650 2328 μυρίαις·
705 2269 780 2312 καὶ
816 2271 1021 2326 α’ργυρίου
1061 2272 1201 2326 λίτραι
1228 2267 1476 2314 ἑπτακόσιαι
1504 2289 1577 2327 χιρ·

137 2335 300 2391 λιάδες,
329 2336 374 2380 ἔκ
393 2353 436 2380 τε
461 2340 543 2380 τῶν
565 2332 837 2391 ἀνηλωμένων
860 2334 1076 2393 ἀρχόντων
1101 2335 1149 2378 ἐκ
1172 2337 1442 2392 δημευσιζιιων
1459 2371 1473 2392 ‚
1499 2339 1576 2380 καί

139 2404 187 2446 ἐκ
210 2405 287 2446 τοῦ
312 2405 518 2459 βασιλέως
541 2404 781 2456 Ἀνθεμίου.

235 2502 418 2539 Candidus
441 2504 635 2538 historicus
660 2502 771 2536 refert
794 2513 815 2535 a
842 2501 963 2535 Leone
986 2501 1149 2538 Lanioue
1174 2503 1215 2538 in
1241 2502 1380 2538 bellurn
1403 2503 1574 2538 adversus

142 2549 324 2584 Vandalus
341 2551 519 2586 infinitam
539 2550 731 2596 pecuniam
752 2554 932 2593 erogatam
951 2549 1072 2583 fuisse.
1097 2550 1262 2584 Fuerunt
1284 2551 1380 2584 enim
1394 2575 1404 2592 ,
1420 2550 1574 2584 testibus

141 2597 219 2631 illis
239 2597 303 2643 qui
320 2607 398 2631 eam
417 2602 636 2638 tractarunt,
664 2607 728 2641 per
748 2596 946 2640 praefectos
964 2601 1151 2630 numerata
1174 2597 1252 2630 auri
1266 2597 1389 2642 pondo
1414 2597 1574 2643 quadra-⁷

143 2643 247 2699 ginta
270 2648 408 2699 septem
423 2645 560 2678 millia:
597 2644 737 2688 argenti
758 2653 842 2676 vero
866 2643 1094 2698 septingenta
1112 2643 1251 2686 millia,
1277 2655 1389 2690 quum
1406 2654 1451 2679 ex
1465 2644 1572 2679 bonis

142 2688 361 2736 puhlmatu,
383 2695 461 2726 tum
479 2690 525 2726 ab
549 2691 770 2737 Imperatore
796 2688 1001 2724 Anthemio.
