<?xml version="1.0" encoding="UTF-8"?>
<!DOCTYPE html PUBLIC "-//W3C//DTD XHTML 1.0 Transitional//EN"
    "http://www.w3.org/TR/xhtml1/DTD/xhtml1-transitional.dtd">
<html xmlns="http://www.w3.org/1999/xhtml" xml:lang="en" lang="en">
 <head>
  <title>
</title>
<meta http-equiv="Content-Type" content="text/html;charset=utf-8" />
  <meta name='ocr-system' content='tesseract 3.04.00' />
  <meta name='ocr-capabilities' content='ocr_page ocr_carea ocr_par ocr_line ocrx_word'/>
</head>
<body>
  <div class='ocr_page' id='page_1' title='image "./corpusscriptorum10niebuoft_0027.png"; bbox 0 0 1838 3210; ppageno 0'>
   <div class='ocr_carea' id='block_1_1' title="bbox 0 2385 56 3210">
    <p class='ocr_par' dir='ltr' id='par_1_1' title="bbox 0 2385 56 3210">
     <span class='ocr_line' id='line_1_1' title="bbox 0 2385 56 3210; baseline 0 0"><span class='ocrx_word' id='word_1_1' title='bbox 0 2385 56 3210; x_wconf 95' lang='lat' dir='ltr'><strong> </strong></span> 
     </span>
    </p>
   </div>
   <div class='ocr_carea' id='block_1_2' title="bbox 715 208 1600 253">
    <p class='ocr_par' dir='ltr' id='par_1_2' title="bbox 715 208 1600 253">
     <span class='ocr_line' id='line_1_2' title="bbox 715 208 1600 253; baseline -0.001 -1"><span class='ocrx_word' id='word_1_2' title='bbox 715 210 788 252; x_wconf 89' lang='lat' dir='ltr'><strong>DE</strong></span> <span class='ocrx_word' id='word_1_3' title='bbox 824 208 1016 253; x_wconf 86' lang='lat' dir='ltr'><strong>PETRO.</strong></span> <span class='ocrx_word' id='word_1_4' title='bbox 1506 211 1600 252; x_wconf 81' lang='lat' dir='ltr'><strong>XXI</strong></span> 
     </span>
    </p>
   </div>
   <div class='ocr_carea' id='block_1_3' title="bbox 169 311 1634 1948">
    <p class='ocr_par' dir='ltr' id='par_1_3' title="bbox 169 311 1634 1948">
     <span class='ocr_line' id='line_1_3' title="bbox 278 311 1602 369; baseline 0 -14"><span class='ocrx_word' id='word_1_5' title='bbox 278 312 496 355; x_wconf 78' lang='lat' dir='ltr'><strong>PETRUS</strong></span> <span class='ocrx_word' id='word_1_6' title='bbox 512 343 524 364; x_wconf 89' lang='lat'>‚</span> <span class='ocrx_word' id='word_1_7' title='bbox 565 311 629 352; x_wconf 89' lang='lat' dir='ltr'><strong>cui</strong></span> <span class='ocrx_word' id='word_1_8' title='bbox 659 327 684 351; x_wconf 87' lang='lat' dir='ltr'><strong>a</strong></span> <span class='ocrx_word' id='word_1_9' title='bbox 709 312 968 367; x_wconf 84' lang='lat' dir='ltr'><strong>dignitatibus</strong></span> <span class='ocrx_word' id='word_1_10' title='bbox 993 312 1170 368; x_wconf 83' lang='lat' dir='ltr'><strong>magistri</strong></span> <span class='ocrx_word' id='word_1_11' title='bbox 1197 319 1246 354; x_wconf 84' lang='lat' dir='ltr'><strong>et-</strong></span> <span class='ocrx_word' id='word_1_12' title='bbox 1264 313 1430 358; x_wconf 85' lang='lat' dir='ltr'><strong>Patricii</strong></span> <span class='ocrx_word' id='word_1_13' title='bbox 1454 317 1602 369; x_wconf 63' lang='lat' dir='ltr'><strong>cogno*-</strong></span> 
     </span>
     <span class='ocr_line' id='line_1_4' title="bbox 169 378 1604 435; baseline 0 -15"><span class='ocrx_word' id='word_1_14' title='bbox 169 382 278 421; x_wconf 85' lang='lat' dir='ltr'><strong>mina</strong></span> <span class='ocrx_word' id='word_1_15' title='bbox 298 382 510 420; x_wconf 86' lang='lat' dir='ltr'><strong>haeserunt</strong></span> <span class='ocrx_word' id='word_1_16' title='bbox 523 409 536 430; x_wconf 90' lang='lat'>,</span> <span class='ocrx_word' id='word_1_17' title='bbox 565 378 870 420; x_wconf 83' lang='lat' dir='ltr'><strong>Thessalonicae</strong></span> <span class='ocrx_word' id='word_1_18' title='bbox 898 388 1016 420; x_wconf 82' lang='lat' dir='ltr'><strong>natus</strong></span> <span class='ocrx_word' id='word_1_19' title='bbox 1032 409 1045 431; x_wconf 91' lang='lat'>‚</span> <span class='ocrx_word' id='word_1_20' title='bbox 1077 394 1103 419; x_wconf 86' lang='lat' dir='ltr'><strong>a</strong></span> <span class='ocrx_word' id='word_1_21' title='bbox 1128 380 1326 434; x_wconf 88' lang='lat' dir='ltr'><strong>Procopio</strong></span> <span class='ocrx_word' id='word_1_22' title='bbox 1357 379 1520 435; x_wconf 84' lang='lat' dir='ltr'><strong>Illyrius</strong></span> <span class='ocrx_word' id='word_1_23' title='bbox 1541 381 1604 420; x_wconf 87' lang='lat' dir='ltr'><strong>di-</strong></span> 
     </span>
     <span class='ocr_line' id='line_1_5' title="bbox 170 445 1604 501; baseline -0.001 -14"><span class='ocrx_word' id='word_1_24' title='bbox 170 448 276 487; x_wconf 82' lang='lat' dir='ltr'><strong>citur</strong></span> <span class='ocrx_word' id='word_1_25' title='bbox 293 449 342 497; x_wconf 88' lang='lat'><strong>¹⁷)</strong></span> <span class='ocrx_word' id='word_1_26' title='bbox 367 462 379 486; x_wconf 70' lang='grc' dir='ltr'><strong><em>ε</em></strong></span> <span class='ocrx_word' id='word_1_27' title='bbox 418 460 500 486; x_wconf 91' lang='lat' dir='ltr'><strong>non</strong></span> <span class='ocrx_word' id='word_1_28' title='bbox 526 445 635 499; x_wconf 89' lang='lat' dir='ltr'><strong>quod</strong></span> <span class='ocrx_word' id='word_1_29' title='bbox 675 446 836 485; x_wconf 85' lang='lat' dir='ltr'><strong>natione</strong></span> <span class='ocrx_word' id='word_1_30' title='bbox 863 446 916 485; x_wconf 90' lang='lat' dir='ltr'><strong>ad</strong></span> <span class='ocrx_word' id='word_1_31' title='bbox 943 446 1147 501; x_wconf 84' lang='lat' dir='ltr'><strong>Illyricam</strong></span> <span class='ocrx_word' id='word_1_32' title='bbox 1172 453 1330 500; x_wconf 84' lang='lat' dir='ltr'><strong>gentem</strong></span> <span class='ocrx_word' id='word_1_33' title='bbox 1358 448 1604 500; x_wconf 84' lang='lat' dir='ltr'><strong>pertineret,</strong></span> 
     </span>
     <span class='ocr_line' id='line_1_6' title="bbox 172 511 1608 567; baseline 0 -16"><span class='ocrx_word' id='word_1_34' title='bbox 172 514 281 564; x_wconf 87' lang='lat' dir='ltr'><strong>(nam</strong></span> <span class='ocrx_word' id='word_1_35' title='bbox 305 514 394 567; x_wconf 89' lang='lat' dir='ltr'><strong>quis</strong></span> <span class='ocrx_word' id='word_1_36' title='bbox 421 512 490 552; x_wconf 84' lang='lat' dir='ltr'><strong>illo</strong></span> <span class='ocrx_word' id='word_1_37' title='bbox 514 526 614 552; x_wconf 88' lang='lat' dir='ltr'><strong>aevo</strong></span> <span class='ocrx_word' id='word_1_38' title='bbox 637 519 791 551; x_wconf 89' lang='lat' dir='ltr'><strong>veteres</strong></span> <span class='ocrx_word' id='word_1_39' title='bbox 819 511 980 566; x_wconf 90' lang='lat' dir='ltr'><strong>Illyrios</strong></span> <span class='ocrx_word' id='word_1_40' title='bbox 999 512 1051 551; x_wconf 91' lang='lat' dir='ltr'><strong>ab</strong></span> <span class='ocrx_word' id='word_1_41' title='bbox 1067 511 1155 552; x_wconf 89' lang='lat' dir='ltr'><strong>aliis</strong></span> <span class='ocrx_word' id='word_1_42' title='bbox 1171 511 1357 566; x_wconf 88' lang='lat' dir='ltr'><strong>gentibus</strong></span> <span class='ocrx_word' id='word_1_43' title='bbox 1372 541 1385 563; x_wconf 87' lang='lat'>‚</span> <span class='ocrx_word' id='word_1_44' title='bbox 1415 513 1485 566; x_wconf 87' lang='lat' dir='ltr'><strong>qui</strong></span> <span class='ocrx_word' id='word_1_45' title='bbox 1511 513 1608 552; x_wconf 85' lang='lat' dir='ltr'><strong>istas</strong></span> 
     </span>
     <span class='ocr_line' id='line_1_7' title="bbox 169 577 1609 636; baseline 0 -18"><span class='ocrx_word' id='word_1_46' title='bbox 169 580 351 633; x_wconf 85' lang='lat' dir='ltr'><strong>regiones</strong></span> <span class='ocrx_word' id='word_1_47' title='bbox 378 577 604 618; x_wconf 84' lang='lat' dir='ltr'><strong>incolebant</strong></span> <span class='ocrx_word' id='word_1_48' title='bbox 621 607 634 628; x_wconf 89' lang='lat'>‚</span> <span class='ocrx_word' id='word_1_49' title='bbox 662 577 900 617; x_wconf 83' lang='lat' dir='ltr'><strong>distinxisset</strong></span> <span class='ocrx_word' id='word_1_50' title='bbox 919 580 993 629; x_wconf 54' lang='grc' dir='ltr'><strong>’.υς</strong></span> <span class='ocrx_word' id='word_1_51' title='bbox 1032 577 1103 617; x_wconf 93' lang='lat' dir='ltr'><strong>sed</strong></span> <span class='ocrx_word' id='word_1_52' title='bbox 1132 578 1227 632; x_wconf 83' lang='lat' dir='ltr'><strong>quia</strong></span> <span class='ocrx_word' id='word_1_53' title='bbox 1253 577 1444 636; x_wconf 73' lang='lat' dir='ltr'><strong>dioecesis</strong></span> <span class='ocrx_word' id='word_1_54' title='bbox 1471 578 1609 618; x_wconf 89' lang='lat' dir='ltr'><strong>Mace-</strong></span> 
     </span>
     <span class='ocr_line' id='line_1_8' title="bbox 175 642 1606 698; baseline -0.001 -14"><span class='ocrx_word' id='word_1_55' title='bbox 175 645 296 686; x_wconf 85' lang='lat' dir='ltr'><strong>donia</strong></span> <span class='ocrx_word' id='word_1_56' title='bbox 322 644 398 684; x_wconf 90' lang='lat' dir='ltr'><strong>sub</strong></span> <span class='ocrx_word' id='word_1_57' title='bbox 423 644 682 697; x_wconf 81' lang='lat' dir='ltr'><strong>dispositione</strong></span> <span class='ocrx_word' id='word_1_58' title='bbox 708 643 909 684; x_wconf 78' lang='lat' dir='ltr'><strong>Praefecti</strong></span> <span class='ocrx_word' id='word_1_59' title='bbox 927 643 1136 683; x_wconf 87' lang='lat' dir='ltr'><strong>Praetorio</strong></span> <span class='ocrx_word' id='word_1_60' title='bbox 1163 657 1236 698; x_wconf 89' lang='lat' dir='ltr'><strong>per</strong></span> <span class='ocrx_word' id='word_1_61' title='bbox 1262 642 1473 697; x_wconf 86' lang='lat' dir='ltr'><strong>Illyricum</strong></span> <span class='ocrx_word' id='word_1_62' title='bbox 1506 651 1606 683; x_wconf 85' lang='lat' dir='ltr'><strong>erat.</strong></span> 
     </span>
     <span class='ocr_line' id='line_1_9' title="bbox 173 709 1612 764; baseline 0 -15"><span class='ocrx_word' id='word_1_63' title='bbox 173 711 251 750; x_wconf 93' lang='lat' dir='ltr'><strong>Hic</strong></span> <span class='ocrx_word' id='word_1_64' title='bbox 279 711 407 751; x_wconf 88' lang='lat' dir='ltr'><strong>causis</strong></span> <span class='ocrx_word' id='word_1_65' title='bbox 434 709 595 764; x_wconf 82' lang='lat' dir='ltr'><strong>agendis</strong></span> <span class='ocrx_word' id='word_1_66' title='bbox 626 709 974 764; x_wconf 88' lang='lat' dir='ltr'><strong>Constantinopoli</strong></span> <span class='ocrx_word' id='word_1_67' title='bbox 1013 717 1228 764; x_wconf 85' lang='lat' dir='ltr'><strong>occupatus</strong></span> <span class='ocrx_word' id='word_1_68' title='bbox 1249 740 1260 759; x_wconf 85' lang='lat'><strong>‚</strong></span> <span class='ocrx_word' id='word_1_69' title='bbox 1294 723 1420 763; x_wconf 91' lang='lat' dir='ltr'><strong>quum</strong></span> <span class='ocrx_word' id='word_1_70' title='bbox 1446 716 1612 764; x_wconf 82' lang='lat' dir='ltr'><strong>propter</strong></span> 
     </span>
     <span class='ocr_line' id='line_1_10' title="bbox 174 775 1612 830; baseline 0 -14"><span class='ocrx_word' id='word_1_71' title='bbox 174 776 417 830; x_wconf 85' lang='lat' dir='ltr'><strong>singularem</strong></span> <span class='ocrx_word' id='word_1_72' title='bbox 454 775 724 830; x_wconf 88' lang='lat' dir='ltr'><strong>eloquentiam</strong></span> <span class='ocrx_word' id='word_1_73' title='bbox 756 776 1103 830; x_wconf 87' lang='lat' dir='ltr'><strong>persuasionisque</strong></span> <span class='ocrx_word' id='word_1_74' title='bbox 1140 777 1224 815; x_wconf 86' lang='lat' dir='ltr'><strong>vim</strong></span> <span class='ocrx_word' id='word_1_75' title='bbox 1252 775 1519 816; x_wconf 84' lang='lat' dir='ltr'><strong>celebraretur</strong></span> <span class='ocrx_word' id='word_1_76' title='bbox 1529 777 1579 828; x_wconf 66' lang='grc' dir='ltr'><strong>ΗΞ)</strong></span> <span class='ocrx_word' id='word_1_77' title='bbox 1598 805 1612 828; x_wconf 88' lang='grc'><strong><em>,</em></strong></span> 
     </span>
     <span class='ocr_line' id='line_1_11' title="bbox 174 840 1615 896; baseline 0.001 -15"><span class='ocrx_word' id='word_1_78' title='bbox 174 856 199 881; x_wconf 91' lang='lat' dir='ltr'><strong>a</strong></span> <span class='ocrx_word' id='word_1_79' title='bbox 228 842 447 883; x_wconf 88' lang='lat' dir='ltr'><strong>Iustiniano</strong></span> <span class='ocrx_word' id='word_1_80' title='bbox 475 842 580 895; x_wconf 91' lang='lat' dir='ltr'><strong>Imp.</strong></span> <span class='ocrx_word' id='word_1_81' title='bbox 624 855 663 881; x_wconf 91' lang='lat' dir='ltr'><strong>a.</strong></span> <span class='ocrx_word' id='word_1_82' title='bbox 695 840 788 893; x_wconf 74' lang='lat'><strong>534.</strong></span> <span class='ocrx_word' id='word_1_83' title='bbox 819 841 973 896; x_wconf 87' lang='lat' dir='ltr'><strong>legatus</strong></span> <span class='ocrx_word' id='word_1_84' title='bbox 1001 841 1053 881; x_wconf 89' lang='lat' dir='ltr'><strong>ad</strong></span> <span class='ocrx_word' id='word_1_85' title='bbox 1080 840 1414 882; x_wconf 81' lang='lat' dir='ltr'><strong>Amalasuntham</strong></span> <span class='ocrx_word' id='word_1_86' title='bbox 1440 842 1615 890; x_wconf 76' lang='lat' dir='ltr'><strong>destina-</strong></span> 
     </span>
     <span class='ocr_line' id='line_1_12' title="bbox 174 906 1617 962; baseline 0.001 -16"><span class='ocrx_word' id='word_1_87' title='bbox 174 914 263 956; x_wconf 83' lang='lat' dir='ltr'><strong>tus,</strong></span> <span class='ocrx_word' id='word_1_88' title='bbox 308 908 403 961; x_wconf 86' lang='lat' dir='ltr'><strong>quia</strong></span> <span class='ocrx_word' id='word_1_89' title='bbox 431 908 594 947; x_wconf 88' lang='lat' dir='ltr'><strong>interim</strong></span> <span class='ocrx_word' id='word_1_90' title='bbox 615 906 914 947; x_wconf 87' lang='lat' dir='ltr'><strong>Theodahadus</strong></span> <span class='ocrx_word' id='word_1_91' title='bbox 940 921 1112 962; x_wconf 90' lang='lat' dir='ltr'><strong>regnum</strong></span> <span class='ocrx_word' id='word_1_92' title='bbox 1139 908 1363 961; x_wconf 85' lang='lat' dir='ltr'><strong>arripuerat</strong></span> <span class='ocrx_word' id='word_1_93' title='bbox 1377 937 1389 956; x_wconf 91' lang='lat'>,</span> <span class='ocrx_word' id='word_1_94' title='bbox 1430 907 1617 948; x_wconf 86' lang='lat' dir='ltr'><strong>Aulonae</strong></span> 
     </span>
     <span class='ocr_line' id='line_1_13' title="bbox 175 973 1617 1027; baseline 0.002 -16"><span class='ocrx_word' id='word_1_95' title='bbox 175 973 368 1025; x_wconf 87' lang='lat' dir='ltr'><strong>substitit,</strong></span> <span class='ocrx_word' id='word_1_96' title='bbox 381 980 422 1013; x_wconf 87' lang='lat' dir='ltr'><strong>et</strong></span> <span class='ocrx_word' id='word_1_97' title='bbox 439 988 546 1014; x_wconf 91' lang='lat' dir='ltr'><strong>anno</strong></span> <span class='ocrx_word' id='word_1_98' title='bbox 564 973 726 1012; x_wconf 91' lang='lat' dir='ltr'><strong>demum</strong></span> <span class='ocrx_word' id='word_1_99' title='bbox 743 980 932 1027; x_wconf 87' lang='lat' dir='ltr'><strong>sequente</strong></span> <span class='ocrx_word' id='word_1_100' title='bbox 948 987 1041 1014; x_wconf 90' lang='lat' dir='ltr'><strong>cum</strong></span> <span class='ocrx_word' id='word_1_101' title='bbox 1055 973 1312 1027; x_wconf 87' lang='lat' dir='ltr'><strong>Imperatoris</strong></span> <span class='ocrx_word' id='word_1_102' title='bbox 1325 973 1525 1014; x_wconf 82' lang='lat' dir='ltr'><strong>mandatis</strong></span> <span class='ocrx_word' id='word_1_103' title='bbox 1535 974 1617 1014; x_wconf 82' lang='lat' dir='ltr'><strong>Ra-</strong></span> 
     </span>
     <span class='ocr_line' id='line_1_14' title="bbox 176 1038 1620 1094; baseline 0.001 -16"><span class='ocrx_word' id='word_1_104' title='bbox 176 1052 350 1079; x_wconf 90' lang='lat' dir='ltr'><strong>vennam</strong></span> <span class='ocrx_word' id='word_1_105' title='bbox 366 1040 562 1093; x_wconf 88' lang='lat' dir='ltr'><strong>pervenit:</strong></span> <span class='ocrx_word' id='word_1_106' title='bbox 591 1046 690 1078; x_wconf 90' lang='lat' dir='ltr'><strong>tunc</strong></span> <span class='ocrx_word' id='word_1_107' title='bbox 705 1053 826 1088; x_wconf 90' lang='lat' dir='ltr'><strong>vero,</strong></span> <span class='ocrx_word' id='word_1_108' title='bbox 857 1040 1018 1094; x_wconf 86' lang='lat' dir='ltr'><strong>ignavia</strong></span> <span class='ocrx_word' id='word_1_109' title='bbox 1034 1046 1076 1079; x_wconf 88' lang='lat' dir='ltr'><strong>et</strong></span> <span class='ocrx_word' id='word_1_110' title='bbox 1102 1040 1247 1080; x_wconf 89' lang='lat' dir='ltr'><strong>timore</strong></span> <span class='ocrx_word' id='word_1_111' title='bbox 1274 1039 1448 1079; x_wconf 88' lang='lat' dir='ltr'><strong>hominis</strong></span> <span class='ocrx_word' id='word_1_112' title='bbox 1475 1038 1620 1079; x_wconf 89' lang='lat' dir='ltr'><strong>callide</strong></span> 
     </span>
     <span class='ocr_line' id='line_1_15' title="bbox 179 1104 1619 1158; baseline 0 -14"><span class='ocrx_word' id='word_1_113' title='bbox 179 1118 274 1145; x_wconf 87' lang='lat' dir='ltr'><strong>usus</strong></span> <span class='ocrx_word' id='word_1_114' title='bbox 287 1135 298 1152; x_wconf 93' lang='lat'>‚</span> <span class='ocrx_word' id='word_1_115' title='bbox 328 1104 604 1144; x_wconf 89' lang='lat' dir='ltr'><strong>Theodahado</strong></span> <span class='ocrx_word' id='word_1_116' title='bbox 640 1106 836 1158; x_wconf 89' lang='lat' dir='ltr'><strong>persuasit</strong></span> <span class='ocrx_word' id='word_1_117' title='bbox 871 1112 920 1144; x_wconf 89' lang='lat' dir='ltr'><strong>ut</strong></span> <span class='ocrx_word' id='word_1_118' title='bbox 959 1119 1002 1144; x_wconf 88' lang='lat' dir='ltr'><strong>se</strong></span> <span class='ocrx_word' id='word_1_119' title='bbox 1028 1104 1203 1158; x_wconf 86' lang='lat' dir='ltr'><strong>Augusti</strong></span> <span class='ocrx_word' id='word_1_120' title='bbox 1227 1104 1320 1144; x_wconf 86' lang='lat' dir='ltr'><strong>fidei</strong></span> <span class='ocrx_word' id='word_1_121' title='bbox 1344 1105 1591 1158; x_wconf 87' lang='lat' dir='ltr'><strong>permitteret</strong></span> <span class='ocrx_word' id='word_1_122' title='bbox 1605 1135 1619 1156; x_wconf 92' lang='lat'>,</span> 
     </span>
     <span class='ocr_line' id='line_1_16' title="bbox 179 1169 1621 1223; baseline 0.001 -15"><span class='ocrx_word' id='word_1_123' title='bbox 179 1169 375 1223; x_wconf 85' lang='lat' dir='ltr'><strong>Italiaque</strong></span> <span class='ocrx_word' id='word_1_124' title='bbox 401 1171 589 1209; x_wconf 87' lang='lat' dir='ltr'><strong>universa</strong></span> <span class='ocrx_word' id='word_1_125' title='bbox 616 1169 851 1210; x_wconf 86' lang='lat' dir='ltr'><strong>concederet</strong></span> <span class='ocrx_word' id='word_1_126' title='bbox 863 1169 928 1221; x_wconf 80' lang='lat'><strong>¹⁹).</strong></span> <span class='ocrx_word' id='word_1_127' title='bbox 989 1171 1104 1220; x_wconf 87' lang='lat' dir='ltr'><strong>Quae</strong></span> <span class='ocrx_word' id='word_1_128' title='bbox 1132 1183 1257 1223; x_wconf 87' lang='lat' dir='ltr'><strong>quum</strong></span> <span class='ocrx_word' id='word_1_129' title='bbox 1285 1171 1370 1223; x_wconf 88' lang='lat' dir='ltr'><strong>ipse</strong></span> <span class='ocrx_word' id='word_1_130' title='bbox 1389 1170 1621 1209; x_wconf 90' lang='lat' dir='ltr'><strong>Constanti-</strong></span> 
     </span>
     <span class='ocr_line' id='line_1_17' title="bbox 178 1234 1623 1288; baseline 0 -14"><span class='ocrx_word' id='word_1_131' title='bbox 178 1235 357 1288; x_wconf 89' lang='lat' dir='ltr'><strong>nopolim</strong></span> <span class='ocrx_word' id='word_1_132' title='bbox 384 1235 668 1284; x_wconf 85' lang='lat' dir='ltr'><strong>renuntiasset,</strong></span> <span class='ocrx_word' id='word_1_133' title='bbox 706 1235 852 1274; x_wconf 90' lang='lat' dir='ltr'><strong>iterum</strong></span> <span class='ocrx_word' id='word_1_134' title='bbox 869 1248 963 1274; x_wconf 89' lang='lat' dir='ltr'><strong>cum</strong></span> <span class='ocrx_word' id='word_1_135' title='bbox 983 1234 1206 1274; x_wconf 88' lang='lat' dir='ltr'><strong>Athanasio</strong></span> <span class='ocrx_word' id='word_1_136' title='bbox 1216 1235 1450 1274; x_wconf 85' lang='lat' dir='ltr'><strong>Ravennam</strong></span> <span class='ocrx_word' id='word_1_137' title='bbox 1478 1236 1623 1275; x_wconf 87' lang='lat' dir='ltr'><strong>missus</strong></span> 
     </span>
     <span class='ocr_line' id='line_1_18' title="bbox 182 1300 1624 1354; baseline 0.001 -15"><span class='ocrx_word' id='word_1_138' title='bbox 182 1308 240 1340; x_wconf 88' lang='lat' dir='ltr'><strong>est</strong></span> <span class='ocrx_word' id='word_1_139' title='bbox 257 1331 268 1349; x_wconf 94' lang='lat'>‚</span> <span class='ocrx_word' id='word_1_140' title='bbox 299 1308 345 1340; x_wconf 95' lang='lat' dir='ltr'><strong>ut</strong></span> <span class='ocrx_word' id='word_1_141' title='bbox 371 1300 450 1340; x_wconf 86' lang='lat' dir='ltr'><strong>illi&#39;s</strong></span> <span class='ocrx_word' id='word_1_142' title='bbox 478 1300 687 1353; x_wconf 85' lang='lat' dir='ltr'><strong>agentibus</strong></span> <span class='ocrx_word' id='word_1_143' title='bbox 714 1315 818 1354; x_wconf 91' lang='lat' dir='ltr'><strong>quae</strong></span> <span class='ocrx_word' id='word_1_144' title='bbox 845 1315 914 1340; x_wconf 89' lang='lat' dir='ltr'><strong>rex</strong></span> <span class='ocrx_word' id='word_1_145' title='bbox 943 1300 1102 1340; x_wconf 90' lang='lat' dir='ltr'><strong>Gothus</strong></span> <span class='ocrx_word' id='word_1_146' title='bbox 1130 1301 1368 1354; x_wconf 85' lang='lat' dir='ltr'><strong>promiserat</strong></span> <span class='ocrx_word' id='word_1_147' title='bbox 1395 1301 1447 1340; x_wconf 86' lang='lat' dir='ltr'><strong>ad</strong></span> <span class='ocrx_word' id='word_1_148' title='bbox 1474 1302 1624 1340; x_wconf 82' lang='lat' dir='ltr'><strong>exitum</strong></span> 
     </span>
     <span class='ocr_line' id='line_1_19' title="bbox 181 1366 1624 1421; baseline 0.001 -15"><span class='ocrx_word' id='word_1_149' title='bbox 181 1367 518 1421; x_wconf 89' lang='lat' dir='ltr'><strong>perducerentur:</strong></span> <span class='ocrx_word' id='word_1_150' title='bbox 548 1380 691 1406; x_wconf 87' lang='lat' dir='ltr'><strong>verum</strong></span> <span class='ocrx_word' id='word_1_151' title='bbox 705 1367 739 1408; x_wconf 88' lang='lat' dir='ltr'><strong>is</strong></span> <span class='ocrx_word' id='word_1_152' title='bbox 753 1396 765 1418; x_wconf 90' lang='lat'>,</span> <span class='ocrx_word' id='word_1_153' title='bbox 795 1366 951 1407; x_wconf 88' lang='lat' dir='ltr'><strong>Mundo</strong></span> <span class='ocrx_word' id='word_1_154' title='bbox 969 1367 1131 1407; x_wconf 88' lang='lat' dir='ltr'><strong>interim</strong></span> <span class='ocrx_word' id='word_1_155' title='bbox 1146 1380 1240 1406; x_wconf 91' lang='lat' dir='ltr'><strong>cum</strong></span> <span class='ocrx_word' id='word_1_156' title='bbox 1268 1368 1440 1406; x_wconf 86' lang='lat' dir='ltr'><strong>exercitu</strong></span> <span class='ocrx_word' id='word_1_157' title='bbox 1468 1367 1510 1406; x_wconf 88' lang='lat' dir='ltr'><strong>in</strong></span> <span class='ocrx_word' id='word_1_158' title='bbox 1524 1366 1624 1407; x_wconf 88' lang='lat' dir='ltr'><strong>Dal-</strong></span> 
     </span>
     <span class='ocr_line' id='line_1_20' title="bbox 180 1431 1626 1487; baseline 0 -15"><span class='ocrx_word' id='word_1_159' title='bbox 180 1435 298 1477; x_wconf 86' lang='lat' dir='ltr'><strong>matis</strong></span> <span class='ocrx_word' id='word_1_160' title='bbox 323 1446 460 1481; x_wconf 81' lang='lat' dir='ltr'><strong>caeSO‚</strong></span> <span class='ocrx_word' id='word_1_161' title='bbox 491 1433 631 1486; x_wconf 90' lang='lat' dir='ltr'><strong>spretis</strong></span> <span class='ocrx_word' id='word_1_162' title='bbox 658 1447 761 1486; x_wconf 89' lang='lat' dir='ltr'><strong>quae</strong></span> <span class='ocrx_word' id='word_1_163' title='bbox 787 1433 1066 1473; x_wconf 87' lang='lat' dir='ltr'><strong>convenissent</strong></span> <span class='ocrx_word' id='word_1_164' title='bbox 1079 1461 1092 1484; x_wconf 90' lang='lat'>,</span> <span class='ocrx_word' id='word_1_165' title='bbox 1130 1431 1360 1486; x_wconf 83' lang='lat' dir='ltr'><strong>violataque</strong></span> <span class='ocrx_word' id='word_1_166' title='bbox 1380 1432 1626 1487; x_wconf 86' lang='lat' dir='ltr'><strong>legationum</strong></span> 
     </span>
     <span class='ocr_line' id='line_1_21' title="bbox 183 1497 1627 1552; baseline 0 -14"><span class='ocrx_word' id='word_1_167' title='bbox 183 1499 392 1540; x_wconf 82' lang='lat' dir='ltr'><strong>sanctitate</strong></span> <span class='ocrx_word' id='word_1_168' title='bbox 406 1526 419 1549; x_wconf 93' lang='lat'>‚</span> <span class='ocrx_word' id='word_1_169' title='bbox 448 1497 539 1538; x_wconf 88' lang='lat' dir='ltr'><strong>illos</strong></span> <span class='ocrx_word' id='word_1_170' title='bbox 567 1499 611 1538; x_wconf 90' lang='lat' dir='ltr'><strong>in</strong></span> <span class='ocrx_word' id='word_1_171' title='bbox 638 1498 860 1538; x_wconf 86' lang='lat' dir='ltr'><strong>custodiam</strong></span> <span class='ocrx_word' id='word_1_172' title='bbox 887 1498 999 1537; x_wconf 87' lang='lat' dir='ltr'><strong>dedit</strong></span> <span class='ocrx_word' id='word_1_173' title='bbox 1018 1498 1069 1551; x_wconf 73' lang='grc'><strong>20)</strong></span> <span class='ocrx_word' id='word_1_174' title='bbox 1085 1527 1098 1550; x_wconf 89' lang='lat'>,</span> <span class='ocrx_word' id='word_1_175' title='bbox 1137 1512 1268 1551; x_wconf 90' lang='lat' dir='ltr'><strong>neque</strong></span> <span class='ocrx_word' id='word_1_176' title='bbox 1294 1499 1404 1552; x_wconf 89' lang='lat' dir='ltr'><strong>prius</strong></span> <span class='ocrx_word' id='word_1_177' title='bbox 1430 1497 1627 1539; x_wconf 86' lang='lat' dir='ltr'><strong>redeundi</strong></span> 
     </span>
     <span class='ocr_line' id='line_1_22' title="bbox 183 1564 1628 1618; baseline -0.001 -14"><span class='ocrx_word' id='word_1_178' title='bbox 183 1564 355 1604; x_wconf 84' lang='lat' dir='ltr'><strong>facultas</strong></span> <span class='ocrx_word' id='word_1_179' title='bbox 374 1577 560 1607; x_wconf 88' lang='lat' dir='ltr'><strong>concessa</strong></span> <span class='ocrx_word' id='word_1_180' title='bbox 578 1571 639 1604; x_wconf 91' lang='lat' dir='ltr'><strong>est</strong></span> <span class='ocrx_word' id='word_1_181' title='bbox 656 1578 779 1618; x_wconf 88' lang='lat' dir='ltr'><strong>quam</strong></span> <span class='ocrx_word' id='word_1_182' title='bbox 798 1579 822 1604; x_wconf 88' lang='lat' dir='ltr'><strong>a</strong></span> <span class='ocrx_word' id='word_1_183' title='bbox 841 1565 976 1618; x_wconf 86' lang='lat' dir='ltr'><strong>Vitige</strong></span> <span class='ocrx_word' id='word_1_184' title='bbox 1003 1565 1087 1604; x_wconf 88' lang='lat' dir='ltr'><strong>sere</strong></span> <span class='ocrx_word' id='word_1_185' title='bbox 1111 1571 1204 1617; x_wconf 91' lang='lat' dir='ltr'><strong>post</strong></span> <span class='ocrx_word' id='word_1_186' title='bbox 1229 1571 1312 1604; x_wconf 88' lang='lat' dir='ltr'><strong>tres</strong></span> <span class='ocrx_word' id='word_1_187' title='bbox 1339 1578 1488 1613; x_wconf 89' lang='lat' dir='ltr'><strong>annos,</strong></span> <span class='ocrx_word' id='word_1_188' title='bbox 1520 1565 1628 1604; x_wconf 87' lang='lat' dir='ltr'><strong>circa</strong></span> 
     </span>
     <span class='ocr_line' id='line_1_23' title="bbox 186 1629 1628 1684; baseline -0.001 -14"><span class='ocrx_word' id='word_1_189' title='bbox 186 1631 308 1670; x_wconf 88' lang='lat' dir='ltr'><strong>finem</strong></span> <span class='ocrx_word' id='word_1_190' title='bbox 335 1631 431 1670; x_wconf 90' lang='lat' dir='ltr'><strong>anni</strong></span> <span class='ocrx_word' id='word_1_191' title='bbox 459 1629 555 1672; x_wconf 81' lang='lat'><strong>538.</strong></span> <span class='ocrx_word' id='word_1_192' title='bbox 614 1629 692 1670; x_wconf 91' lang='lat' dir='ltr'><strong>Sed</strong></span> <span class='ocrx_word' id='word_1_193' title='bbox 720 1630 798 1670; x_wconf 87' lang='lat' dir='ltr'><strong>boc</strong></span> <span class='ocrx_word' id='word_1_194' title='bbox 826 1631 1125 1672; x_wconf 87' lang='lat' dir='ltr'><strong>incommodum</strong></span> <span class='ocrx_word' id='word_1_195' title='bbox 1151 1631 1275 1671; x_wconf 82' lang='lat' dir='ltr'><strong>Petro</strong></span> <span class='ocrx_word' id='word_1_196' title='bbox 1300 1632 1447 1684; x_wconf 88' lang='lat' dir='ltr'><strong>insigni</strong></span> <span class='ocrx_word' id='word_1_197' title='bbox 1472 1630 1628 1669; x_wconf 86' lang='lat' dir='ltr'><strong>honore</strong></span> 
     </span>
     <span class='ocr_line' id='line_1_24' title="bbox 185 1695 1627 1751; baseline -0.001 -15"><span class='ocrx_word' id='word_1_198' title='bbox 185 1703 440 1750; x_wconf 86' lang='lat' dir='ltr'><strong>repensatum</strong></span> <span class='ocrx_word' id='word_1_199' title='bbox 456 1704 537 1748; x_wconf 90' lang='lat' dir='ltr'><strong>est,</strong></span> <span class='ocrx_word' id='word_1_200' title='bbox 566 1696 712 1737; x_wconf 89' lang='lat' dir='ltr'><strong>collata</strong></span> <span class='ocrx_word' id='word_1_201' title='bbox 728 1697 918 1750; x_wconf 86' lang='lat' dir='ltr'><strong>dignitate</strong></span> <span class='ocrx_word' id='word_1_202' title='bbox 936 1697 1114 1751; x_wconf 82' lang='lat' dir='ltr'><strong>magistri</strong></span> <span class='ocrx_word' id='word_1_203' title='bbox 1135 1695 1436 1749; x_wconf 74' lang='lat' dir='ltr'><strong>officiorum21).</strong></span> <span class='ocrx_word' id='word_1_204' title='bbox 1463 1696 1627 1746; x_wconf 89' lang='lat' dir='ltr'><strong>Postea,</strong></span> 
     </span>
     <span class='ocr_line' id='line_1_25' title="bbox 187 1762 1629 1816; baseline 0 -15"><span class='ocrx_word' id='word_1_205' title='bbox 187 1777 293 1802; x_wconf 90' lang='lat' dir='ltr'><strong>anno</strong></span> <span class='ocrx_word' id='word_1_206' title='bbox 321 1763 403 1804; x_wconf 89' lang='lat' dir='ltr'><strong>fere</strong></span> <span class='ocrx_word' id='word_1_207' title='bbox 433 1762 527 1814; x_wconf 83' lang='lat'>550,</span> <span class='ocrx_word' id='word_1_208' title='bbox 556 1765 637 1806; x_wconf 89' lang='lat' dir='ltr'><strong>iam</strong></span> <span class='ocrx_word' id='word_1_209' title='bbox 665 1763 716 1802; x_wconf 91' lang='lat' dir='ltr'><strong>ad</strong></span> <span class='ocrx_word' id='word_1_210' title='bbox 744 1763 997 1816; x_wconf 85' lang='lat' dir='ltr'><strong>patriciatum</strong></span> <span class='ocrx_word' id='word_1_211' title='bbox 1026 1770 1186 1803; x_wconf 89' lang='lat' dir='ltr'><strong>evectus</strong></span> <span class='ocrx_word' id='word_1_212' title='bbox 1194 1763 1261 1814; x_wconf 66' lang='grc' dir='ltr'><strong>2Ἰ),</strong></span> <span class='ocrx_word' id='word_1_213' title='bbox 1293 1762 1446 1816; x_wconf 88' lang='lat' dir='ltr'><strong>legatus</strong></span> <span class='ocrx_word' id='word_1_214' title='bbox 1472 1764 1515 1802; x_wconf 90' lang='lat' dir='ltr'><strong>in</strong></span> <span class='ocrx_word' id='word_1_215' title='bbox 1546 1763 1629 1801; x_wconf 88' lang='lat' dir='ltr'><strong>ori-</strong></span> 
     </span>
     <span class='ocr_line' id='line_1_26' title="bbox 189 1828 1629 1882; baseline 0 -15"><span class='ocrx_word' id='word_1_216' title='bbox 189 1836 323 1870; x_wconf 87' lang='lat' dir='ltr'><strong>entem</strong></span> <span class='ocrx_word' id='word_1_217' title='bbox 349 1829 492 1867; x_wconf 80' lang='lat' dir='ltr'><strong>missus</strong></span> <span class='ocrx_word' id='word_1_218' title='bbox 520 1835 579 1868; x_wconf 88' lang='lat' dir='ltr'><strong>est</strong></span> <span class='ocrx_word' id='word_1_219' title='bbox 617 1829 669 1870; x_wconf 86' lang='lat' dir='ltr'><strong>ad</strong></span> <span class='ocrx_word' id='word_1_220' title='bbox 697 1828 878 1868; x_wconf 87' lang='lat' dir='ltr'><strong>inducias</strong></span> <span class='ocrx_word' id='word_1_221' title='bbox 905 1843 998 1868; x_wconf 91' lang='lat' dir='ltr'><strong>cum</strong></span> <span class='ocrx_word' id='word_1_222' title='bbox 1025 1829 1202 1869; x_wconf 70' lang='lat' dir='ltr'><strong>Chosroi}</strong></span> <span class='ocrx_word' id='word_1_223' title='bbox 1233 1829 1529 1882; x_wconf 89' lang='lat' dir='ltr'><strong>componendas</strong></span> <span class='ocrx_word' id='word_1_224' title='bbox 1544 1828 1597 1880; x_wconf 73' lang='lat'><strong>2³)</strong></span> <span class='ocrx_word' id='word_1_225' title='bbox 1616 1857 1629 1879; x_wconf 92' lang='lat'>,</span> 
     </span>
     <span class='ocr_line' id='line_1_27' title="bbox 189 1893 1634 1948; baseline 0.001 -15"><span class='ocrx_word' id='word_1_226' title='bbox 189 1894 297 1933; x_wconf 90' lang='lat' dir='ltr'><strong>unde</strong></span> <span class='ocrx_word' id='word_1_227' title='bbox 321 1901 457 1934; x_wconf 91' lang='lat' dir='ltr'><strong>tamen</strong></span> <span class='ocrx_word' id='word_1_228' title='bbox 483 1907 528 1934; x_wconf 87' lang='lat' dir='ltr'><strong>re</strong></span> <span class='ocrx_word' id='word_1_229' title='bbox 554 1894 702 1935; x_wconf 86' lang='lat' dir='ltr'><strong>infecta</strong></span> <span class='ocrx_word' id='word_1_230' title='bbox 728 1893 874 1934; x_wconf 80' lang='lat' dir='ltr'><strong>rediit:</strong></span> <span class='ocrx_word' id='word_1_231' title='bbox 907 1908 1019 1945; x_wconf 84' lang='lat' dir='ltr'><strong>mox,</strong></span> <span class='ocrx_word' id='word_1_232' title='bbox 1051 1909 1093 1935; x_wconf 75' lang='lat' dir='ltr'><strong>a.</strong></span> <span class='ocrx_word' id='word_1_233' title='bbox 1111 1893 1188 1935; x_wconf 87' lang='lat'><strong>552</strong></span> <span class='ocrx_word' id='word_1_234' title='bbox 1196 1895 1266 1948; x_wconf 73' lang='lat'><strong>²¹³),</strong></span> <span class='ocrx_word' id='word_1_235' title='bbox 1296 1894 1473 1934; x_wconf 86' lang='lat' dir='ltr'><strong>delectus</strong></span> <span class='ocrx_word' id='word_1_236' title='bbox 1500 1901 1560 1934; x_wconf 90' lang='lat' dir='ltr'><strong>est</strong></span> <span class='ocrx_word' id='word_1_237' title='bbox 1586 1900 1634 1934; x_wconf 87' lang='lat' dir='ltr'><strong>ut</strong></span> 
     </span>
    </p>
   </div>
   <div class='ocr_carea' id='block_1_4' title="bbox 219 2009 1647 2851">
    <p class='ocr_par' dir='ltr' id='par_1_4' title="bbox 219 2009 1632 2059">
     <span class='ocr_line' id='line_1_28' title="bbox 219 2009 1632 2059; baseline -0.001 -14"><span class='ocrx_word' id='word_1_238' title='bbox 219 2010 275 2059; x_wconf 81' lang='lat'><strong>¹7)</strong></span> <span class='ocrx_word' id='word_1_239' title='bbox 300 2009 408 2045; x_wconf 85' lang='lat' dir='ltr'><strong>Goth.</strong></span> <span class='ocrx_word' id='word_1_240' title='bbox 434 2012 463 2045; x_wconf 89' lang='lat'><strong>1.</strong></span> <span class='ocrx_word' id='word_1_241' title='bbox 489 2013 522 2047; x_wconf 84' lang='lat'><strong>3.</strong></span> <span class='ocrx_word' id='word_1_242' title='bbox 545 2023 580 2056; x_wconf 91' lang='lat' dir='ltr'><strong>p.</strong></span> <span class='ocrx_word' id='word_1_243' title='bbox 607 2013 685 2047; x_wconf 83' lang='lat'><strong>316.</strong></span> <span class='ocrx_word' id='word_1_244' title='bbox 710 2011 767 2045; x_wconf 89' lang='lat' dir='ltr'><strong>ed.</strong></span> <span class='ocrx_word' id='word_1_245' title='bbox 791 2011 867 2046; x_wconf 81' lang='lat' dir='ltr'><strong>Par.</strong></span> <span class='ocrx_word' id='word_1_246' title='bbox 992 2012 1049 2052; x_wconf 77' lang='lat'><strong>18)</strong></span> <span class='ocrx_word' id='word_1_247' title='bbox 1077 2011 1170 2046; x_wconf 89' lang='lat' dir='ltr'><strong>Ibid.</strong></span> <span class='ocrx_word' id='word_1_248' title='bbox 1198 2031 1245 2038; x_wconf 89' lang='lat'>—</span> <span class='ocrx_word' id='word_1_249' title='bbox 1266 2009 1486 2051; x_wconf 85' lang='lat' dir='ltr'><strong>Menander,</strong></span> <span class='ocrx_word' id='word_1_250' title='bbox 1510 2010 1632 2054; x_wconf 81' lang='lat' dir='ltr'><strong>infra,</strong></span> 
     </span>
    </p>

    <p class='ocr_par' dir='ltr' id='par_1_5' title="bbox 280 2057 1647 2851">
     <span class='ocr_line' id='line_1_29' title="bbox 280 2057 1632 2104; baseline -0.001 -13"><span class='ocrx_word' id='word_1_251' title='bbox 280 2069 316 2103; x_wconf 90' lang='lat' dir='ltr'><strong>p.</strong></span> <span class='ocrx_word' id='word_1_252' title='bbox 335 2059 413 2103; x_wconf 79' lang='lat'><strong>429.</strong></span> <span class='ocrx_word' id='word_1_253' title='bbox 443 2069 493 2103; x_wconf 80' lang='lat'><strong>¹9·</strong></span> <span class='ocrx_word' id='word_1_254' title='bbox 523 2070 577 2094; x_wconf 76' lang='lat' dir='ltr'><strong>ao.</strong></span> <span class='ocrx_word' id='word_1_255' title='bbox 721 2059 776 2104; x_wconf 86' lang='lat'><strong>19)</strong></span> <span class='ocrx_word' id='word_1_256' title='bbox 800 2059 946 2103; x_wconf 87' lang='lat' dir='ltr'><strong>Procop.</strong></span> <span class='ocrx_word' id='word_1_257' title='bbox 964 2057 1083 2103; x_wconf 67' lang='lat' dir='ltr'><strong>Goth.</strong></span> <span class='ocrx_word' id='word_1_258' title='bbox 1111 2060 1138 2092; x_wconf 91' lang='lat'><strong>1.</strong></span> <span class='ocrx_word' id='word_1_259' title='bbox 1165 2060 1198 2092; x_wconf 90' lang='lat'><strong>6.</strong></span> <span class='ocrx_word' id='word_1_260' title='bbox 1222 2069 1257 2103; x_wconf 92' lang='lat' dir='ltr'><strong>p.</strong></span> <span class='ocrx_word' id='word_1_261' title='bbox 1286 2060 1366 2092; x_wconf 75' lang='lat'><strong>322.</strong></span> <span class='ocrx_word' id='word_1_262' title='bbox 1459 2059 1521 2102; x_wconf 61' lang='grc' dir='ltr'><strong>πο)</strong></span> <span class='ocrx_word' id='word_1_263' title='bbox 1539 2057 1632 2090; x_wconf 79' lang='lat' dir='ltr'><strong>Ibid.</strong></span> 
     </span>
     <span class='ocr_line' id='line_1_30' title="bbox 282 2103 1636 2151; baseline 0 -14"><span class='ocrx_word' id='word_1_264' title='bbox 282 2106 310 2137; x_wconf 94' lang='lat' dir='ltr'><strong>I.</strong></span> <span class='ocrx_word' id='word_1_265' title='bbox 331 2116 362 2150; x_wconf 84' lang='lat'><strong>7.</strong></span> <span class='ocrx_word' id='word_1_266' title='bbox 386 2116 421 2149; x_wconf 89' lang='lat' dir='ltr'><strong>p.</strong></span> <span class='ocrx_word' id='word_1_267' title='bbox 435 2105 513 2139; x_wconf 76' lang='lat'><strong>325.</strong></span> <span class='ocrx_word' id='word_1_268' title='bbox 611 2105 670 2151; x_wconf 66' lang='grc' dir='ltr'><strong>αι)</strong></span> <span class='ocrx_word' id='word_1_269' title='bbox 694 2106 750 2140; x_wconf 88' lang='lat' dir='ltr'><strong>De</strong></span> <span class='ocrx_word' id='word_1_270' title='bbox 773 2106 979 2150; x_wconf 84' lang='lat' dir='ltr'><strong>magisterio</strong></span> <span class='ocrx_word' id='word_1_271' title='bbox 1005 2105 1201 2139; x_wconf 79' lang='lat' dir='ltr'><strong>officiorum</strong></span> <span class='ocrx_word' id='word_1_272' title='bbox 1224 2104 1369 2149; x_wconf 83' lang='lat' dir='ltr'><strong>legendi</strong></span> <span class='ocrx_word' id='word_1_273' title='bbox 1394 2109 1479 2137; x_wconf 78' lang='lat' dir='ltr'><strong>sunt</strong></span> <span class='ocrx_word' id='word_1_274' title='bbox 1502 2103 1636 2137; x_wconf 75' lang='lat' dir='ltr'><strong>Iohan-</strong></span> 
     </span>
     <span class='ocr_line' id='line_1_31' title="bbox 283 2149 1636 2198; baseline 0.001 -14"><span class='ocrx_word' id='word_1_275' title='bbox 283 2162 348 2184; x_wconf 84' lang='lat' dir='ltr'><strong>nes</strong></span> <span class='ocrx_word' id='word_1_276' title='bbox 385 2150 504 2194; x_wconf 79' lang='lat' dir='ltr'><strong>Lydus</strong></span> <span class='ocrx_word' id='word_1_277' title='bbox 536 2151 582 2186; x_wconf 89' lang='lat' dir='ltr'><strong>de</strong></span> <span class='ocrx_word' id='word_1_278' title='bbox 618 2153 772 2198; x_wconf 85' lang='lat' dir='ltr'><strong>magistr.</strong></span> <span class='ocrx_word' id='word_1_279' title='bbox 808 2153 854 2186; x_wconf 88' lang='grc' dir='ltr'><strong>ΙΙ.</strong></span> <span class='ocrx_word' id='word_1_280' title='bbox 898 2163 947 2187; x_wconf 87' lang='grc' dir='ltr'><strong>ιο.</strong></span> <span class='ocrx_word' id='word_1_281' title='bbox 977 2153 1033 2189; x_wconf 75' lang='lat'><strong>25.</strong></span> <span class='ocrx_word' id='word_1_282' title='bbox 1070 2152 1299 2196; x_wconf 74' lang='lat' dir='ltr'><strong>26.‚111.4o.</strong></span> <span class='ocrx_word' id='word_1_283' title='bbox 1334 2157 1372 2185; x_wconf 79' lang='lat' dir='ltr'><strong>ot</strong></span> <span class='ocrx_word' id='word_1_284' title='bbox 1394 2150 1562 2184; x_wconf 82' lang='lat' dir='ltr'><strong>Valesius</strong></span> <span class='ocrx_word' id='word_1_285' title='bbox 1588 2149 1636 2185; x_wconf 80' lang='lat' dir='ltr'><strong>ad</strong></span> 
     </span>
     <span class='ocr_line' id='line_1_32' title="bbox 284 2197 1636 2242; baseline -0.001 -12"><span class='ocrx_word' id='word_1_286' title='bbox 284 2199 398 2232; x_wconf 90' lang='lat' dir='ltr'><strong>Amm.</strong></span> <span class='ocrx_word' id='word_1_287' title='bbox 423 2198 529 2230; x_wconf 88' lang='lat' dir='ltr'><strong>Marc.</strong></span> <span class='ocrx_word' id='word_1_288' title='bbox 551 2199 674 2232; x_wconf 83' lang='lat' dir='ltr'><strong>XXVI.</strong></span> <span class='ocrx_word' id='word_1_289' title='bbox 700 2201 732 2233; x_wconf 88' lang='lat'><strong>5.</strong></span> <span class='ocrx_word' id='word_1_290' title='bbox 780 2198 833 2231; x_wconf 82' lang='lat' dir='ltr'><strong>Ex</strong></span> <span class='ocrx_word' id='word_1_291' title='bbox 857 2197 1181 2233; x_wconf 82' lang='lat' dir='ltr'><strong>diversissimorum</strong></span> <span class='ocrx_word' id='word_1_292' title='bbox 1208 2198 1435 2242; x_wconf 86' lang='lat' dir='ltr'><strong>negotiorum</strong></span> <span class='ocrx_word' id='word_1_293' title='bbox 1463 2208 1636 2242; x_wconf 83' lang='lat' dir='ltr'><strong>procura·</strong></span> 
     </span>
     <span class='ocr_line' id='line_1_33' title="bbox 289 2242 1638 2290; baseline -0.001 -14"><span class='ocrx_word' id='word_1_294' title='bbox 289 2245 416 2285; x_wconf 85' lang='lat' dir='ltr'><strong>tione,</strong></span> <span class='ocrx_word' id='word_1_295' title='bbox 454 2255 520 2288; x_wconf 86' lang='lat' dir='ltr'><strong>pro</strong></span> <span class='ocrx_word' id='word_1_296' title='bbox 552 2251 674 2279; x_wconf 80' lang='lat' dir='ltr'><strong>nostra</strong></span> <span class='ocrx_word' id='word_1_297' title='bbox 709 2242 883 2290; x_wconf 68' lang='lat' dir='ltr'><strong>opinione</strong></span> <span class='ocrx_word' id='word_1_298' title='bbox 919 2243 1073 2278; x_wconf 78' lang='lat' dir='ltr'><strong>ridicule</strong></span> <span class='ocrx_word' id='word_1_299' title='bbox 1106 2250 1378 2290; x_wconf 81' lang='lat' dir='ltr'><strong>coagmentata,</strong></span> <span class='ocrx_word' id='word_1_300' title='bbox 1419 2244 1638 2284; x_wconf 78' lang='lat' dir='ltr'><strong>conflatum,</strong></span> 
     </span>
     <span class='ocr_line' id='line_1_34' title="bbox 286 2290 1639 2336; baseline 0 -12"><span class='ocrx_word' id='word_1_301' title='bbox 286 2290 613 2335; x_wconf 81' lang='lat' dir='ltr'><strong>complectebatur,</strong></span> <span class='ocrx_word' id='word_1_302' title='bbox 638 2299 679 2326; x_wconf 88' lang='lat' dir='ltr'><strong>ut</strong></span> <span class='ocrx_word' id='word_1_303' title='bbox 702 2297 826 2325; x_wconf 88' lang='lat' dir='ltr'><strong>nostro</strong></span> <span class='ocrx_word' id='word_1_304' title='bbox 852 2301 1015 2324; x_wconf 85' lang='lat' dir='ltr'><strong>sermone</strong></span> <span class='ocrx_word' id='word_1_305' title='bbox 1037 2293 1159 2336; x_wconf 85' lang='lat' dir='ltr'><strong>potius</strong></span> <span class='ocrx_word' id='word_1_306' title='bbox 1183 2303 1292 2336; x_wconf 89' lang='lat' dir='ltr'><strong>quam</strong></span> <span class='ocrx_word' id='word_1_307' title='bbox 1319 2291 1526 2328; x_wconf 83' lang='lat' dir='ltr'><strong>Pannonica</strong></span> <span class='ocrx_word' id='word_1_308' title='bbox 1553 2291 1639 2324; x_wconf 87' lang='lat' dir='ltr'><strong>lati-</strong></span> 
     </span>
     <span class='ocr_line' id='line_1_35' title="bbox 286 2336 1639 2384; baseline 0.002 -15"><span class='ocrx_word' id='word_1_309' title='bbox 286 2338 403 2374; x_wconf 79' lang='lat' dir='ltr'><strong>nitate</strong></span> <span class='ocrx_word' id='word_1_310' title='bbox 429 2342 527 2371; x_wconf 77' lang='lat' dir='ltr'><strong>utar:</strong></span> <span class='ocrx_word' id='word_1_311' title='bbox 552 2337 620 2371; x_wconf 83' lang='lat' dir='ltr'><strong>das</strong></span> <span class='ocrx_word' id='word_1_312' title='bbox 644 2338 892 2374; x_wconf 72' lang='lat' dir='ltr'><strong>Minister-ium</strong></span> <span class='ocrx_word' id='word_1_313' title='bbox 923 2336 991 2372; x_wconf 80' lang='lat' dir='ltr'><strong>der</strong></span> <span class='ocrx_word' id='word_1_314' title='bbox 1012 2339 1263 2383; x_wconf 73' lang='lat' dir='ltr'><strong>auswiirtigen</strong></span> <span class='ocrx_word' id='word_1_315' title='bbox 1284 2337 1639 2384; x_wconf 76' lang='lat' dir='ltr'><strong>Angelegenheiten,</strong></span> 
     </span>
     <span class='ocr_line' id='line_1_36' title="bbox 293 2382 1641 2430; baseline 0.001 -13"><span class='ocrx_word' id='word_1_316' title='bbox 293 2382 354 2422; x_wconf 64' lang='lat' dir='ltr'><strong>die</strong></span> <span class='ocrx_word' id='word_1_317' title='bbox 378 2386 522 2418; x_wconf 80' lang='lat' dir='ltr'><strong>Aemter·</strong></span> <span class='ocrx_word' id='word_1_318' title='bbox 543 2383 607 2419; x_wconf 88' lang='lat' dir='ltr'><strong>des</strong></span> <span class='ocrx_word' id='word_1_319' title='bbox 636 2383 957 2430; x_wconf 70' lang='lat' dir='ltr'><strong>Hofmarschalls‚</strong></span> <span class='ocrx_word' id='word_1_320' title='bbox 988 2385 1390 2419; x_wconf 74' lang='lat' dir='ltr'><strong>Ceremonienmeisters</strong></span> <span class='ocrx_word' id='word_1_321' title='bbox 1420 2382 1500 2419; x_wconf 85' lang='lat' dir='ltr'><strong>und</strong></span> <span class='ocrx_word' id='word_1_322' title='bbox 1524 2386 1641 2419; x_wconf 83' lang='lat' dir='ltr'><strong>Gene-</strong></span> 
     </span>
     <span class='ocr_line' id='line_1_37' title="bbox 290 2430 1643 2477; baseline -0.001 -12"><span class='ocrx_word' id='word_1_323' title='bbox 290 2431 616 2476; x_wconf 63' lang='lat' dir='ltr'><strong>ralpostmeisters,</strong></span> <span class='ocrx_word' id='word_1_324' title='bbox 648 2430 729 2467; x_wconf 76' lang='lat' dir='ltr'><strong>und</strong></span> <span class='ocrx_word' id='word_1_325' title='bbox 749 2431 809 2466; x_wconf 79' lang='lat' dir='ltr'><strong>die</strong></span> <span class='ocrx_word' id='word_1_326' title='bbox 839 2431 1036 2465; x_wconf 77' lang='lat' dir='ltr'><strong>Direction</strong></span> <span class='ocrx_word' id='word_1_327' title='bbox 1061 2431 1128 2467; x_wconf 75' lang='lat' dir='ltr'><strong>der</strong></span> <span class='ocrx_word' id='word_1_328' title='bbox 1153 2430 1485 2477; x_wconf 74' lang='lat' dir='ltr'><strong>Gewelufabriken.</strong></span> <span class='ocrx_word' id='word_1_329' title='bbox 1579 2431 1643 2475; x_wconf 66' lang='grc' dir='ltr'><strong>αα)</strong></span> 
     </span>
     <span class='ocr_line' id='line_1_38' title="bbox 291 2476 1641 2513; baseline -0.001 -3"><span class='ocrx_word' id='word_1_330' title='bbox 291 2477 466 2511; x_wconf 83' lang='lat' dir='ltr'><strong>Patricius</strong></span> <span class='ocrx_word' id='word_1_331' title='bbox 497 2489 518 2510; x_wconf 90' lang='lat' dir='ltr'><strong>a</strong></span> <span class='ocrx_word' id='word_1_332' title='bbox 542 2477 772 2512; x_wconf 84' lang='lat' dir='ltr'><strong>Constantini</strong></span> <span class='ocrx_word' id='word_1_333' title='bbox 798 2477 847 2510; x_wconf 89' lang='lat' dir='ltr'><strong>M.</strong></span> <span class='ocrx_word' id='word_1_334' title='bbox 873 2482 991 2510; x_wconf 81' lang='lat' dir='ltr'><strong>aetate</strong></span> <span class='ocrx_word' id='word_1_335' title='bbox 1017 2488 1099 2511; x_wconf 91' lang='lat' dir='ltr'><strong>eum</strong></span> <span class='ocrx_word' id='word_1_336' title='bbox 1124 2478 1244 2513; x_wconf 87' lang='lat' dir='ltr'><strong>locum</strong></span> <span class='ocrx_word' id='word_1_337' title='bbox 1272 2478 1312 2510; x_wconf 90' lang='lat' dir='ltr'><strong>in</strong></span> <span class='ocrx_word' id='word_1_338' title='bbox 1335 2479 1418 2511; x_wconf 89' lang='lat' dir='ltr'><strong>aula</strong></span> <span class='ocrx_word' id='word_1_339' title='bbox 1448 2476 1641 2512; x_wconf 81' lang='lat' dir='ltr'><strong>obtinebat:</strong></span> 
     </span>
     <span class='ocr_line' id='line_1_39' title="bbox 296 2524 1641 2569; baseline 0 -13"><span class='ocrx_word' id='word_1_340' title='bbox 296 2529 340 2556; x_wconf 86' lang='lat' dir='ltr'><strong>ut</strong></span> <span class='ocrx_word' id='word_1_341' title='bbox 370 2524 624 2558; x_wconf 83' lang='lat' dir='ltr'><strong>Britannorum</strong></span> <span class='ocrx_word' id='word_1_342' title='bbox 658 2525 782 2568; x_wconf 85' lang='lat' dir='ltr'><strong>lingua</strong></span> <span class='ocrx_word' id='word_1_343' title='bbox 816 2524 982 2568; x_wconf 81' lang='lat' dir='ltr'><strong>apposite</strong></span> <span class='ocrx_word' id='word_1_344' title='bbox 1016 2536 1041 2558; x_wconf 84' lang='lat' dir='ltr'><strong>a</strong></span> <span class='ocrx_word' id='word_1_345' title='bbox 1065 2526 1179 2569; x_wconf 81' lang='lat' dir='ltr'><strong>privy</strong></span> <span class='ocrx_word' id='word_1_346' title='bbox 1203 2524 1421 2569; x_wconf 58' lang='lat' dir='ltr'><strong>Coqnsellor</strong></span> <span class='ocrx_word' id='word_1_347' title='bbox 1449 2524 1641 2557; x_wconf 87' lang='lat' dir='ltr'><strong>diceretur.</strong></span> 
     </span>
     <span class='ocr_line' id='line_1_40' title="bbox 295 2569 1642 2616; baseline -0.002 -13"><span class='ocrx_word' id='word_1_348' title='bbox 295 2569 367 2603; x_wconf 78' lang='lat' dir='ltr'><strong>Hic</strong></span> <span class='ocrx_word' id='word_1_349' title='bbox 394 2569 580 2613; x_wconf 80' lang='lat' dir='ltr'><strong>dignitatis</strong></span> <span class='ocrx_word' id='word_1_350' title='bbox 607 2571 735 2615; x_wconf 81' lang='lat' dir='ltr'><strong>gradus</strong></span> <span class='ocrx_word' id='word_1_351' title='bbox 765 2569 1051 2615; x_wconf 79' lang='lat' dir='ltr'><strong>coniungebatur</strong></span> <span class='ocrx_word' id='word_1_352' title='bbox 1077 2583 1158 2604; x_wconf 87' lang='lat' dir='ltr'><strong>cum</strong></span> <span class='ocrx_word' id='word_1_353' title='bbox 1182 2582 1225 2604; x_wconf 90' lang='lat' dir='ltr'><strong>eo</strong></span> <span class='ocrx_word' id='word_1_354' title='bbox 1252 2571 1368 2604; x_wconf 86' lang='lat' dir='ltr'><strong>officio</strong></span> <span class='ocrx_word' id='word_1_355' title='bbox 1402 2573 1441 2604; x_wconf 91' lang='lat' dir='ltr'><strong>in</strong></span> <span class='ocrx_word' id='word_1_356' title='bbox 1466 2581 1539 2616; x_wconf 85' lang='lat' dir='ltr'><strong>quo</strong></span> <span class='ocrx_word' id='word_1_357' title='bbox 1570 2569 1642 2602; x_wconf 84' lang='lat' dir='ltr'><strong>ali-</strong></span> 
     </span>
     <span class='ocr_line' id='line_1_41' title="bbox 296 2616 1645 2663; baseline 0 -15"><span class='ocrx_word' id='word_1_358' title='bbox 296 2616 378 2661; x_wconf 83' lang='lat' dir='ltr'><strong>quis</strong></span> <span class='ocrx_word' id='word_1_359' title='bbox 418 2617 507 2650; x_wconf 83' lang='lat' dir='ltr'><strong>alias</strong></span> <span class='ocrx_word' id='word_1_360' title='bbox 544 2618 761 2650; x_wconf 87' lang='lat' dir='ltr'><strong>constitutus</strong></span> <span class='ocrx_word' id='word_1_361' title='bbox 797 2621 893 2651; x_wconf 83' lang='lat' dir='ltr'><strong>erat:</strong></span> <span class='ocrx_word' id='word_1_362' title='bbox 929 2627 971 2649; x_wconf 85' lang='lat' dir='ltr'><strong>ac</strong></span> <span class='ocrx_word' id='word_1_363' title='bbox 997 2618 1139 2651; x_wconf 77' lang='lat' dir='ltr'><strong>Petrum</strong></span> <span class='ocrx_word' id='word_1_364' title='bbox 1165 2617 1313 2663; x_wconf 86' lang='lat' dir='ltr'><strong>quidem</strong></span> <span class='ocrx_word' id='word_1_365' title='bbox 1335 2622 1498 2651; x_wconf 86' lang='lat' dir='ltr'><strong>nostrum</strong></span> <span class='ocrx_word' id='word_1_366' title='bbox 1527 2626 1645 2662; x_wconf 76' lang='lat' dir='ltr'><strong>usque</strong></span> 
     </span>
     <span class='ocr_line' id='line_1_42' title="bbox 295 2661 1643 2710; baseline 0.001 -16"><span class='ocrx_word' id='word_1_367' title='bbox 295 2661 343 2694; x_wconf 85' lang='lat' dir='ltr'><strong>ad</strong></span> <span class='ocrx_word' id='word_1_368' title='bbox 370 2668 520 2696; x_wconf 85' lang='lat' dir='ltr'><strong>mortem</strong></span> <span class='ocrx_word' id='word_1_369' title='bbox 545 2666 584 2697; x_wconf 89' lang='lat' dir='ltr'><strong>in</strong></span> <span class='ocrx_word' id='word_1_370' title='bbox 608 2663 814 2709; x_wconf 84' lang='lat' dir='ltr'><strong>magisterio</strong></span> <span class='ocrx_word' id='word_1_371' title='bbox 839 2665 1078 2708; x_wconf 79' lang='lat' dir='ltr'><strong>permansisse·</strong></span> <span class='ocrx_word' id='word_1_372' title='bbox 1110 2669 1261 2698; x_wconf 75' lang='lat' dir='ltr'><strong>constat.</strong></span> <span class='ocrx_word' id='word_1_373' title='bbox 1358 2665 1417 2710; x_wconf 81' lang='lat'><strong>23)</strong></span> <span class='ocrx_word' id='word_1_374' title='bbox 1445 2664 1643 2705; x_wconf 72' lang='lat' dir='ltr'><strong>Procopius</strong></span> 
     </span>
     <span class='ocr_line' id='line_1_43' title="bbox 299 2709 1643 2756; baseline 0 -14"><span class='ocrx_word' id='word_1_375' title='bbox 299 2709 408 2742; x_wconf 86' lang='lat' dir='ltr'><strong>Goth.</strong></span> <span class='ocrx_word' id='word_1_376' title='bbox 433 2711 491 2742; x_wconf 93' lang='lat' dir='ltr'><strong>IV.</strong></span> <span class='ocrx_word' id='word_1_377' title='bbox 528 2723 576 2744; x_wconf 67' lang='grc' dir='ltr'><strong>ια.</strong></span> <span class='ocrx_word' id='word_1_378' title='bbox 610 2723 643 2755; x_wconf 87' lang='lat' dir='ltr'><strong>p.</strong></span> <span class='ocrx_word' id='word_1_379' title='bbox 670 2713 746 2755; x_wconf 86' lang='lat'><strong>59¹·</strong></span> <span class='ocrx_word' id='word_1_380' title='bbox 864 2710 924 2754; x_wconf 68' lang='lat'><strong>24)</strong></span> <span class='ocrx_word' id='word_1_381' title='bbox 960 2711 1014 2743; x_wconf 90' lang='lat' dir='ltr'><strong>De</strong></span> <span class='ocrx_word' id='word_1_382' title='bbox 1039 2721 1139 2744; x_wconf 31' lang='lat' dir='ltr'><strong>anno.</strong></span> <span class='ocrx_word' id='word_1_383' title='bbox 1163 2723 1235 2756; x_wconf 87' lang='lat' dir='ltr'><strong>quo</strong></span> <span class='ocrx_word' id='word_1_384' title='bbox 1261 2712 1387 2744; x_wconf 89' lang='lat' dir='ltr'><strong>nuncii</strong></span> <span class='ocrx_word' id='word_1_385' title='bbox 1411 2710 1643 2755; x_wconf 80' lang='lat' dir='ltr'><strong>Imperatoris</strong></span> 
     </span>
     <span class='ocr_line' id='line_1_44' title="bbox 303 2755 1645 2800; baseline 0.001 -14"><span class='ocrx_word' id='word_1_386' title='bbox 303 2766 383 2790; x_wconf 87' lang='lat' dir='ltr'><strong>cum</strong></span> <span class='ocrx_word' id='word_1_387' title='bbox 413 2757 548 2800; x_wconf 81' lang='lat' dir='ltr'><strong>Vigilio</strong></span> <span class='ocrx_word' id='word_1_388' title='bbox 583 2764 751 2800; x_wconf 80' lang='lat' dir='ltr'><strong>egerunt,</strong></span> <span class='ocrx_word' id='word_1_389' title='bbox 795 2757 838 2791; x_wconf 89' lang='lat' dir='ltr'><strong>cl.</strong></span> <span class='ocrx_word' id='word_1_390' title='bbox 863 2758 1070 2794; x_wconf 79' lang='lat' dir='ltr'><strong>Gieseletus</strong></span> <span class='ocrx_word' id='word_1_391' title='bbox 1114 2769 1135 2791; x_wconf 81' lang='lat' dir='ltr'><strong>a</strong></span> <span class='ocrx_word' id='word_1_392' title='bbox 1159 2769 1216 2793; x_wconf 82' lang='lat' dir='ltr'><strong>me</strong></span> <span class='ocrx_word' id='word_1_393' title='bbox 1239 2758 1423 2792; x_wconf 78' lang='lat' dir='ltr'><strong>consultus</strong></span> <span class='ocrx_word' id='word_1_394' title='bbox 1455 2755 1645 2800; x_wconf 83' lang='lat' dir='ltr'><strong>respondit</strong></span> 
     </span>
     <span class='ocr_line' id='line_1_45' title="bbox 306 2803 1647 2851; baseline 0.001 -15"><span class='ocrx_word' id='word_1_395' title='bbox 306 2812 343 2836; x_wconf 77' lang='lat' dir='ltr'><strong>se</strong></span> <span class='ocrx_word' id='word_1_396' title='bbox 375 2803 485 2848; x_wconf 79' lang='lat' dir='ltr'><strong>plane</strong></span> <span class='ocrx_word' id='word_1_397' title='bbox 512 2803 652 2839; x_wconf 86' lang='lat' dir='ltr'><strong>Mansio</strong></span> <span class='ocrx_word' id='word_1_398' title='bbox 681 2804 847 2839; x_wconf 86' lang='lat' dir='ltr'><strong>assentiri</strong></span> <span class='ocrx_word' id='word_1_399' title='bbox 882 2807 946 2851; x_wconf 85' lang='lat' dir='ltr'><strong>qui</strong></span> <span class='ocrx_word' id='word_1_400' title='bbox 974 2803 1069 2839; x_wconf 81' lang='lat' dir='ltr'><strong>illud</strong></span> <span class='ocrx_word' id='word_1_401' title='bbox 1097 2817 1126 2839; x_wconf 82' lang='lat' dir='ltr'><strong>a.</strong></span> <span class='ocrx_word' id='word_1_402' title='bbox 1152 2805 1229 2840; x_wconf 71' lang='lat'><strong>552.</strong></span> <span class='ocrx_word' id='word_1_403' title='bbox 1266 2805 1459 2850; x_wconf 76' lang='lat' dir='ltr'><strong>contigisse</strong></span> <span class='ocrx_word' id='word_1_404' title='bbox 1484 2807 1647 2844; x_wconf 65' lang='lat' dir='ltr'><strong>statuat,</strong></span> 
     </span>
    </p>
   </div>
   <div class='ocr_carea' id='block_1_5' title="bbox 231 2750 260 2779">
    <p class='ocr_par' dir='ltr' id='par_1_6' title="bbox 231 2750 260 2779">
     <span class='ocr_line' id='line_1_46' title="bbox 231 2750 260 2779; baseline 0 -1"><span class='ocrx_word' id='word_1_405' title='bbox 231 2750 260 2779; x_wconf 49' lang='grc' dir='ltr'><em>ἢ</em></span> 
     </span>
    </p>
   </div>
  </div>
 </body>
</html>
