1838 3210
225 221 297 262 ΧΠ
432 244 435 245 ⁷
795 221 1108 266 PRAEFATIO.

221 323 447 358 bibliotheca
462 323 636 362 Caesarea
649 325 924 361 vindobonensi
938 337 1124 371 superesse
1138 326 1369 369 innotuisset,
1392 324 1487 362 anno
1506 323 1657 379 praete-

225 393 296 426 rito
325 391 454 434 edidit,
479 394 530 427 ita
555 396 742 428 annotavit
766 399 807 427 ut
829 394 924 428 nihil
948 395 1047 441 quod
1070 395 1154 429 addi
1176 396 1292 441 possit
1318 396 1399 429 aliis
1423 383 1655 445 relinqueret.

223 462 344 504 Ipsum
370 462 587 507 grammatici
613 473 756 496 carmen
767 462 1006 497 Bobiensibus
1032 464 1249 498 membranis
1270 464 1412 499 erudite
1441 470 1478 500 et
1501 465 1655 511 diligen-

223 533 281 562 ter
304 530 495 575 scriptum,
527 531 572 564 ab
606 531 744 565 editore
770 531 861 565 adeo
886 536 1050 567 accurate
1077 542 1281 579 expressum
1305 537 1370 574 est,
1397 538 1438 568 ut
1471 533 1533 569 vix
1560 534 1656 568 ullus

226 598 538 633 emendationibus
564 600 604 632 in
629 610 671 632 eo
695 598 794 633 locus
819 600 877 633 sit.
1283 642 1289 649 ο
1614 591 1616 593 ¹

316 667 521 701 Parisiensis
546 667 658 701 editio
683 668 776 701 circa
799 678 986 712 operarum
1023 680 1158 704 errores
1184 669 1309 704 eadem
1341 670 1517 717 flagitiosa
1539 669 1660 715 negli«

224 736 345 780 gentia
370 739 493 768 curata
518 739 573 768 est
604 746 675 781 qua
705 736 866 783 reliquae
898 741 982 783 post
1006 737 1315 780 Cantacuzenum,
1338 743 1532 784 antequam
1557 737 1656 770 Can-

161 849 166 858 .
226 803 304 848 gius
331 803 451 847 operis
477 814 595 836 curam
622 805 662 838 in
687 815 724 838 se
746 805 963 850 susciperet;
992 806 1115 840 inutili
1139 812 1177 840 et
1198 806 1320 841 fallaci
1348 811 1514 850 typorum
1537 805 1661 851 splen-

225 870 313 904 dore
338 875 494 905 ornatae.
529 871 738 917 sphalmata
755 872 863 907 huius
888 873 1027 918 generis
1050 884 1118 920 ope
1141 874 1424 920 Hoesehelianae
1446 873 1658 908 sustulimus

178 942 190 953 ⁵
222 940 401 985 plurima3
426 942 616 983 restituto,
641 948 683 977 ut
706 942 751 976 de
770 942 972 977 minoribus
995 948 1154 986 taceam,
1178 954 1282 977 versu
1305 944 1445 987 integro
1472 941 1535 989 qui
1559 941 1660 975 exci-
1713 968 1719 971 .

225 1007 347 1050 derat3
378 1008 442 1041 sed
474 1009 519 1043 de
549 1009 606 1043 his
635 1011 843 1056 singulatim
871 1022 1017 1046 monere
1045 1011 1227 1047 Bekkerus
1262 1013 1389 1046 vetuit.
1439 1010 1657 1056 Ubicunque

224 1076 337 1122 igitur
362 1077 538 1112 eiusmodi
564 1079 701 1113 mentio
726 1080 954 1120 invenietur,
989 1080 1028 1114 id
1062 1086 1210 1125 propter
1233 1080 1451 1126 peculiarem
1475 1077 1656 1125 quandam

225 1147 402 1180 rationem
427 1147 560 1181 factum
597 1154 675 1189 est,
710 1157 803 1193 quae
839 1153 961 1182 tamen
997 1148 1149 1182 fortasse
1182 1143 1257 1181 non
1281 1156 1422 1192 semper
1455 1146 1661 1193 apparebit·

226 1214 297 1249 Sed
331 1214 532 1261 quamlibet
568 1205 701 1249 multis'
727 1217 917 1257 correctis,
949 1215 1110 1250 editione
1157 1217 1230 1249 iam
1261 1216 1337 1250 fere
1365 1214 1552 1256 absoluta,
1581 1215 1658 1250 vidi

225 1282 403 1329 quaedam
441 1293 516 1317 non
551 1282 661 1315 fuisse
696 1284 963 1318 animadversa:
1001 1283 1255 1330 quamobrem,
1298 1285 1426 1318 iterata
1463 1283 1658 1317 collatione

199 1342 203 1355 ἶ
224 1352 383 1385 universi
408 1352 610 1397 eclogarum
633 1351 678 1385 de
702 1351 946 1396 legationibus
972 1352 1104 1398 operis,
1132 1354 1200 1388 ista
1220 1353 1315 1386 inter
1331 1351 1495 1386 addenda
1519 1355 1557 1385 et
1579 1361 1660 1385 cor-

224 1421 376 1466 rigenda
402 1419 587 1467 proposui,

318 1488 421 1535 Quae
447 1489 575 1524 Suidas
598 1491 752 1524 servavit
774 1501 849 1525 non
873 1491 993 1535 attigit
1007 1489 1209 1535 Bekkeru83
1237 1491 1274 1523 in
1298 1489 1354 1524 his
1383 1499 1528 1537 quoque
1561 1499 1658 1524 non-

222 1559 323 1592 nulla
357 1560 505 1593 correxi,
554 1559 720 1594 Photium
760 1559 869 1601 dedi,
898 1565 940 1593 ut
961 1571 981 1592 a
1012 1558 1175 1593 Bekkero
1200 1558 1318 1592 editus
1347 1564 1422 1600 est3
1461 1558 1532 1592 nisi
1559 1557 1658 1604 quod

225 1628 265 1661 in
290 1627 396 1660 rebus
423 1638 514 1674 quae
539 1638 584 1662 ex
613 1628 764 1663 historia
790 1627 973 1674 pendent,
996 1628 1111 1662 varias
1135 1627 1274 1661 Labbei
1291 1653 1300 1669 ‚
1321 1626 1433 1661 semel
1456 1631 1577 1659 autem
1600 1625 1659 1659 vel

223 1695 281 1729 bis
307 1707 404 1730 meas
427 1696 540 1740 ipsius
569 1696 838 1730 emendationes
876 1695 1092 1742 receperim:
1125 1695 1247 1741 plures
1279 1695 1431 1729 fortasse
1455 1694 1552 1728 locos
1577 1699 1660 1727 ten-

223 1766 385 1804 taturus,
410 1764 482 1797 nisi
509 1763 599 1798 mihi
624 1770 803 1800 constaret
825 1764 996 1799 Photium
1020 1764 1058 1798 in
1084 1763 1285 1798 scribendis
1309 1762 1519 1797 nominibus
1553 1773 1659 1807 saepe

224 1844 376 1875 errasse3
408 1844 428 1866 a
464 1833 597 1878 quibus
634 1833 851 1878 corrigendis
884 1831 1017 1866 editori
1051 1831 1308 1867 abstinendum
1344 1835 1407 1866 est.
1449 1831 1658 1873 Versiones‚

225 1902 322 1937 Porti
348 1912 421 1934 non
446 1911 552 1946 saepe
567 1927 578 1942 ,
602 1900 741 1935 Schotti
766 1911 950 1946 nunquam
974 1902 1124 1934 correxi.

317 1970 370 2003 Ex
384 1969 441 2002 his
453 1970 594 2013 cognita
612 1970 792 2004 editorum
815 1981 936 2015 opera,
957 1970 1018 2004 vix
1033 1981 1122 2014 opus
1136 1974 1190 2003 est
1207 1970 1399 2015 explicare,
1421 1977 1659 2015 quaecunque

226 2042 265 2073 iu
293 2039 439 2073 scholiis
468 2038 601 2072 criticis
625 2038 753 2072 litteris
781 2040 819 2071 B.
845 2042 884 2072 et
903 2039 947 2074 Ν.
972 2038 1264 2083 distinguuntur,
1287 2037 1557 2071 emendationes
1581 2047 1659 2070 esse

227 2119 320 2154 quae
346 2107 568 2147 Bekkerum‚
592 2118 722 2153 meque
750 2105 910 2140 habeant
933 2110 1116 2140 auctores:
1159 2105 1367 2139 Classenum
1400 2105 1535 2151 quibus
1566 2103 1658 2138 duae

226 2176 371 2210 litterae
398 2175 449 2209 Cl.
476 2174 622 2209 additae
647 2179 741 2209 sunt.
778 2175 967 2221 Vulgatam
985 2171 1121 2220 (vulg.)
1144 2184 1220 2207 eam
1241 2173 1324 2207 'dixi
1350 2173 1542 2207 lectionem
1567 2182 1660 2218 quae

231 2243 276 2277 ab
305 2242 568 2276 Hoescheliana
597 2243 758 2277 editione
798 2254 863 2288 per
888 2244 1085 2277 Parisinam
1113 2248 1223 2288 atque
1255 2242 1429 2275 Venetam
1465 2245 1660 2286 propagata

228 2317 293 2346 est.
342 2310 495 2356 Quoties
524 2310 619 2344 nihil
642 2317 785 2355 praeter
809 2312 902 2346 illud
926 2314 1027 2359 vulg.
1042 2310 1089 2344 ad
1111 2311 1280 2345 reiectam
1307 2310 1500 2344 lectionem
1524 2296 1659 2343 adscri-

227 2380 348 2419 bitur,
373 2379 448 2415 hee
463 2380 727 2425 significamus:
754 2380 1058 2422 emendationem,
1081 2380 1155 2413 sive
1165 2376 1348 2412 Bekkerus
1372 2389 1450 2411 eam
1473 2389 1495 2411 a
1517 2389 1574 2412 me
1597 2378 1658 2411 in-

227 2450 386 2483 venisset
409 2449 639 2492 propostam,
664 2449 738 2481 sive
767 2459 843 2481 eam
867 2449 1071 2494 concipere,-
1091 2453 1132 2481 ut
1144 2457 1249 2492 saepe
1275 2447 1339 2487 fit,
1363 2445 1499 2480 oblitus
1524 2441 1658 2487 essem,

229 2517 282 2550 ita
304 2516 535 2550 manifestam
559 2515 674 2550 videri
702 2521 737 2549 at
763 2516 810 2549 ab
835 2528 1055 2562 unoquoque
1083 2526 1156 2549 non
1173 2514 1365 2549 admodum
1388 2515 1571 2548 incurioso
1596 2520 1660 2548 aut

177 2589 181 2591 “
228 2583 376 2618 indocto
401 2584 454 2618 in}
489 2583 560 2617 uiri
585 2583 744 2619 deberet,
793 2583 895 2629 Signa
919 2583 945 2626 †
969 2590 1006 2618 ct
1032 2586 1056 2612 ‘³³
1072 2609 1082 2625 ‚
1106 2583 1255 2629 antiquo
1280 2593 1378 2616 more
1402 2582 1570 2624 reducto,
1593 2594 1659 2627 ap-

229 2653 336 2697 posui
359 2663 431 2697 quo
455 2651 654 2694 indicarem
673 2651 790 2686 locum
810 2658 1028 2696 corruptum„
1053 2652 1110 2691 cui
1131 2649 1309 2685 medendo
1323 2649 1548 2695 probabilem
1573 2660 1659 2684 con-

228 2723 405 2756 iecturam
431 2720 591 2755 viderem
620 2719 779 2761 nullam,
804 2730 876 2754 non
901 2717 1110 2764 typothetae
1135 2718 1223 2752 vitio
1247 2718 1431 2758 laborare,
1461 2718 1523 2751 scd
1550 2719 1658 2763 plane

228 2791 280 2826 ita
313 2789 357 2824 ab
383 2789 599 2826 Hoesehelio
639 2789 773 2825 editum
804 2799 888 2824 esse.
938 2789 986 2823 Ac
1025 2794 1110 2825 suut
1143 2793 1236 2824 certe
1268 2787 1371 2834 plura
1398 2798 1501 2833 quam
1528 2787 1657 2824 vellem
