1924 3164
617 185 653 226 Ε
689 183 971 228 mmmm
1012 183 1283 231 msa-omit.
1422 174 1427 178 ·
1519 165 1634 239 309

195 279 340 330 δίσκου
390 283 486 337 ἑνὸς
536 285 865 343 ’ἀργυροποιὴτου
913 286 988 330 καὶ
1034 285 1175 341 ὄλίγου
1212 287 1418 343 χρυσῶν,
1435 284 1534 330 ῖὲτι
1586 300 1631 340 γε
1641 295 1829 343 f.AC.569

193 350 281 409 μῆν
338 351 413 394 καὶ
465 348 721 406 ἅμπεχονίου
770 352 981 396 Σκυθίου.
1042 351 1153 408 πλὴν
1194 353 1407 396 ἐδεδίεσαν
1452 351 1492 394 οἱ
1535 341 1749 422 περίῙῙΠΐὶῗ
1765 389 1806 423 ‚5

193 415 342 460 ,Βῶνον
379 417 671 472 ἶδιοβουλῆσαι
709 419 783 460 καὶ
818 416 920 471 οὔχί
957 415 1099 475 γνώμῃ
1133 420 1209 460 τοῦ
1241 417 1544 475 αὐτοκράτορος
1586 415 1636 460 ἅ-
1663 400 1685 422 u
1737 401 1776 423 m

195 498 332 524 παντα
378 481 718 539 διαπράξασθαι.
772 480 1065 536 α’ντεσὴμαναν
1109 485 1334 539 τοιγαροῦν
1382 479 1498 541 αὖτῷ
1510 516 1523 536 ,
1577 481 1636 533 ὥς

169 543 301 601 5,,νῦν
329 546 481 602 ἔχομεν
503 549 682 602 βασιλέα
709 545 893 604 φοβερόν
919 561 965 589 τε
992 549 1068 589 καί
1093 549 1438 604 ἐμβριθέστατον,
1464 547 1536 590 καὶ
1560 544 1636 590 οὔκ

196 611 455 667 ἀνεξόμεθα,
484 613 584 654 οὐδὲ
612 609 692 655 ὅσα
721 608 808 655 οἶόν
833 613 878 655 τέ
906 614 998 655 ἐστι
1024 614 1243 655 διαλαθεῖν
1287 610 1417 656 αὗτόν
1456 614 1636 656 ἐπιτελέ-

194 693 268 720 σαι
306 679 596 734 αὐθαιρέτως,
668 673 805 728 ἄλλως
828 693 872 720 τε
909 677 984 720 καί
1008 678 1148 734 ἡμεῖς,
1181 675 1256 721 ἅτε
1285 680 1329 721 ἐν
1355 676 1636 734 στρατεύματι

194 743 489 798 τυγχάνοντες,
511 743 588 784 οὔκ
615 742 904 801 ἒπιφερόμεθα
922 743 1151 799 χρημάτων
1177 746 1421 800 περιουσίαν
1449 740 1478 800 ἢ
1505 743 1636 798 μόνον

193 806 492 864 στρατιωτικήν
531 808 784 865 ἐφεστρίδα,
823 805 876 864 ἦν
903 825 950 864 γε
979 807 1028 864 δὴ
1057 824 1138 851 που
1167 809 1239 851 καὶ
1264 809 1675 865 περιβεβλήμεθα,1)

141 870 257 914 ιὀἔτι
283 889 329 914 τε
370 872 424 915 τὰ
454 869 589 916 ὅπλα.
645 875 944 931 δωροφορῆσαι
985 872 1038 929 δὴ
1069 869 1142 916 οὖν
1168 876 1228 932 τῷ
1255 876 1340 916 τῶν
1361 871 1559 929 Ἀβάρων
1584 873 1636 929 ἦ·

193 940 380 997 γουμένῳ
409 939 453 989 ἐξ
482 931 541 980 ὧν
576 939 766 981 ἐνταῦθα
794 936 949 994 ἥκομεν
985 938 1147 993 ἔχοντες
1176 940 1380 992 εὐτελῶν,
1422 934 1569 993 ἄθρει,
1599 933 1636 980 αἷ

194 1003 394 1058 Χάγανε,
421 1002 482 1059 μὴ
520 1005 593 1045 καί
628 1000 755 1060 ὕβρις
783 1007 946 1061 πέφυκέ
971 1021 1060 1055 τις.
1115 1002 1328 1058 ιῖξιότιμον
1355 1006 1424 1058 δὲ,
1452 1003 1564 1046 καθὰ
1591 1001 1635 1045 ἔ-

194 1084 302 1124 φην,
339 1066 422 1110 ὦδί
458 1068 535 1109 οὔκ
562 1066 740 1122 ἔχομεν·
803 1068 857 1111 τὰ
882 1068 965 1125 γὰρ
1005 1072 1316 1126 τιμαλφέστερα
1343 1071 1426 1111 τῶν
1452 1069 1635 1125 ἐφοδίων

192 1133 294 1188 ἡμῖν
321 1135 366 1176 ἐν
393 1131 549 1188 ἑτέροις
574 1132 819 1189 ὑπάρχουσι
844 1123 988 1184 τόποις
1014 1134 1088 1176 καὶ
1114 1135 1171 1183 ὥς
1198 1134 1459 1191 πόρ’ῥωτάτω
1490 1134 1635 1189 ἡμῶν.

143 1199 234 1241 ιδεῖ
259 1194 333 1241 οὖν
356 1197 377 1241 ὃ
405 1202 504 1240 καθ’
532 1199 644 1254 ἡμᾶς
671 1199 941 1255 αὐτοκράτωρ
973 1197 1335 1256 φιλοφρονήσεταί
1357 1215 1424 1242 σοι
1454 1198 1635 1255 δώροις,

192 1259 268 1304 οὔκ
298 1262 520 1318 δκνὴσομεν
559 1260 609 1319 δή
654 1278 737 1305 που
766 1266 840 1305 καί
863 1264 983 1319 ἡμεῖς
1009 1262 1232 1320 γεγηθότες
1259 1280 1302 1306 τε
1329 1264 1403 1310 καί
1426 1268 1485 1322 τῷ
1511 1268 1635 1318 βασι-

191 1331 261 1369 λεῖ
295 1326 492 1383 ἑπόμενοι
533 1330 670 1371 ταῦτα
716 1328 1058 1385 διαπράξασθαι,
1095 1328 1278 1372 καθόσον
1305 1325 1390 1372 οἷοί
1409 1332 1454 1372 τέ
1481 1332 1632 1384 ἐσμεν,

191 1389 329 1449 ὥσπερ
378 1397 487 1452 φίλῳ
514 1392 850 1451 προσφερόμενοι
878 1395 952 1437 καὶ
976 1392 1232 1454 ὅμοδοόλῳ.”
1285 1394 1392 1451 πρὸς
1419 1397 1554 1437 ταῦτα
1583 1395 1634 1437 οἷ-

188 1460 445 1516 γανακτήσας
473 1457 692 1509 ὅΒαϊανὸς
719 1459 798 1503 σὺν
826 1457 936 1520 ὅρκῳ
963 1461 1200 1518 ἠπείλησεν,
1225 1454 1252 1517 ἦ
1277 1460 1364 1517 μὴν
1391 1459 1634 1517 στράτευμα

130 1525 419 1578 «αοὲκπὲμψειν
474 1523 550 1582 τὴν
603 1525 832 1580 ’.Ρωμαὰυν
879 1524 1267 1583 ἐπιδραμούμενον.
1333 1525 1405 1568 καὶ
1452 1525 1503 1582 δὴ
1549 1529 1626 1569 τοῦ
1637 1533 1673 1568 Ρ.
1691 1535 1756 1582 ιι4

187 1593 422 1646 στρατηγοῦ
446 1590 676 1647 κατάδηλον
726 1593 841 1650 αὐτῷ
882 1590 1175 1648 πεποιηκότος,
1218 1590 1275 1641 ὥς
1302 1594 1462 1644 ἐξέσται
1488 1594 1567 1645 μέν
1595 1591 1636 1635 οῖ

191 1650 325 1698 ποιεῖν
353 1654 434 1699 ὅσα
476 1653 530 1699 ἂν
568 1654 814 1713 δυνήσοιτο,
844 1659 999 1702 εἰδέναι
1028 1660 1102 1712 δὲ,
1131 1659 1188 1709 ὥς
1218 1656 1269 1700 οὗ
1299 1656 1463 1707 πάντως
1491 1659 1557 1699 ἐπ’
1585 1658 1634 1699 ιῖ-

283 1767 316 1791 2.
343 1756 528 1804 Σκυθίου]
555 1758 714 1804 σηρικοῦ
732 1758 825 1792 coni.
849 1760 888 1793 B.
969 1757 1162 1793 ἐδεδίασιν
1186 1758 1267 1805 (sic)
1290 1757 1388 1804 vulg,
1489 1758 1525 1792 8.
1542 1769 1634 1804 wy-

282 1802 406 1848 χάνον
428 1804 522 1849 vulg.
632 1816 683 1839 ιιι.
706 1806 857 1851 πέφυκέ
878 1817 935 1843 τις
958 1806 1025 1847 Η.,
1049 1806 1260 1852 πεφυκότες
1290 1806 1383 1850 vulg.

655 1870 670 1891 r

193 1896 231 1927 et
252 1893 315 1938 qui
346 1892 382 1927 ei
410 1892 606 1928 adstabant
645 1894 787 1940 aliquid
811 1897 957 1940 proprio
1000 1895 1152 1929 consilio
1178 1895 1385 1928 inconsulto
1410 1894 1632 1938 Imperatore

190 1940 308 1973 facere
345 1940 531 1974 timebant.
588 1941 716 1986 Itaque
738 1941 871 1974 Baiano
909 1945 1033 1974 contra
1071 1941 1279 1986 respondit:
1304 1939 1511 1981 „Habemus
1534 1951 1634 1974 nuno

190 1986 459 2030 Imperatorem,
482 1986 546 2031 qui
571 1985 678 2020 facile
709 1987 756 2020 ad
779 1987 1000 2021 iracundiam
1026 1987 1240 2031 adducitur3
1271 1997 1382 2033 quare
1410 1998 1456 2019 ne
1481 1997 1522 2019 ea
1544 1988 1632 2032 qui-

192 2033 293 2073 dem,
316 2044 411 2078 quae
448 2032 598 2066 fortasse
641 2043 724 2066 eum
746 2034 926 2075 laterent,
956 2038 1079 2067 nostra
1116 2037 1246 2078 sponte
1285 2038 1327 2069 et>
1343 2032 1491 2077 proprio
1518 2034 1632 2067 animi

190 2078 328 2111 iudicio
354 2080 474 2113 facere
498 2079 769 2113 sustinebimus.
815 2080 1002 2113 Praeterea
1016 2091 1127 2125 quum
1150 2080 1188 2111 in
1211 2079 1337 2112 castris
1361 2078 1542 2123 degamus,
1565 2090 1634 2123 pe-

191 2126 314 2159 cunias
345 2127 384 2159 in
416 2131 605 2159 numerato
644 2126 794 2159 minime
829 2124 1028 2167 habemus,
1058 2137 1177 2171 neque
1213 2126 1407 2171 quicquam
1438 2124 1633 2158 nobiscum

190 2172 340 2205 ferimus
374 2173 447 2206 nisi
488 2177 705 2206 castrensem
748 2173 1064 2217 suppellectilem,
1105 2178 1143 2206 et
1170 2182 1230 2212 ea,
1266 2170 1398 2218 quibus
1433 2170 1629 2212 induimur:

190 2218 360 2264 Denique
371 2219 524 2252 Avarum
561 2218 644 2251 duci
669 2231 712 2252 ex
734 2218 800 2259 iis,
825 2219 958 2264 quibus
986 2218 1126 2252 modice
1155 2218 1322 2253 instructi
1350 2218 1421 2251 huc
1442 2218 1629 2259 venimus,

191 2263 285 2298 dona
318 2267 445 2299 offerre
477 2264 581 2306 vide,
612 2277 633 2298 o
672 2265 861 2308 Chagane,
898 2276 945 2298 ne
968 2265 1103 2298 iniuria
1128 2270 1164 2299 et
1186 2265 1386 2310 ignominia
1415 2265 1537 2309 aliqua
1561 2266 1629 2298 sit:

190 2320 273 2343 nam
294 2311 390 2344 nihil
412 2316 515 2345 tanto
539 2311 676 2345 honore
702 2311 801 2355 digni
827 2310 1011 2345 habemus.
1050 2311 1265 2345 pretiosiora
1290 2312 1386 2344 enim
1412 2310 1629 2344 viaticorum

189 2362 394 2390 nostrorum
420 2362 505 2391 sunt
527 2357 568 2392 in
589 2358 672 2391 aliis
698 2358 787 2392 locis
813 2363 850 2391 et
872 2357 978 2403 longe
1004 2368 1024 2390 a
1047 2357 1154 2391 nobis
1174 2357 1321 2391 remotis
1345 2357 1474 2402 posita.
1500 2357 1630 2402 Quod-

189 2403 221 2434 si
250 2413 310 2436 vos
339 2405 540 2447 imperator
572 2410 695 2438 noster
724 2404 934 2437 muneribus
965 2404 1142 2438 demereri
1175 2403 1354 2444 voluerit,
1376 2413 1450 2437 non
1481 2409 1628 2437 cuneta-

188 2447 330 2491 bimur,
366 2450 438 2482 tibi
471 2455 509 2484 et
536 2450 643 2484 nobis
680 2450 924 2494 gratulantes,
959 2456 996 2484 et
1034 2450 1266 2495 Imperatoris
1299 2449 1396 2483 iussa
1418 2450 1564 2489 facere,
1589 2455 1627 2483 et

192 2504 318 2536 omne,
354 2497 476 2542 quoad
510 2498 588 2530 eius
619 2497 697 2530 fieri
725 2497 879 2542 poterit,
903 2496 1003 2542 quod
1030 2497 1100 2531 tibi
1121 2495 1322 2537 conducet,
1346 2496 1520 2541 exsequi,
1543 2500 1627 2529 tan-

191 2551 300 2585 quam
337 2543 444 2576 emici
481 2548 518 2576 et
552 2544 653 2584 eius,
689 2543 751 2589 qui
778 2554 850 2575 una
885 2543 1078 2576 nobiscum
1103 2544 1168 2575 uni
1197 2542 1345 2576 domino
1369 2548 1497 2587 paret,
1520 2542 1627 2575 utili-

191 2586 332 2620 tatibus
365 2589 634 2622 inserviente-³2²
702 2589 758 2622 Ob
784 2588 871 2622 haee
894 2589 1098 2634 indignatus
1127 2589 1293 2623 Baianus.
1319 2588 1442 2622 iurans
1465 2589 1625 2621 minatus
1655 2598 1660 2599 ⁷

192 2637 248 2666 est
263 2659 272 2673 ‚
304 2639 344 2668 'se
366 2634 611 2668 immissurum
632 2637 830 2669 exercitum
854 2636 894 2668 in
916 2637 1151 2670 Romanorum
1173 2635 1324 2669 ditionis
1349 2636 1534 2680 regiones,
1558 2634 1625 2679 qui

191 2679 446 2724 populationes
469 2681 613 2715 faceret.
650 2681 706 2715 Ad
729 2692 925 2727 quaecum
948 2681 1021 2715 dux
1045 2683 1163 2727 palam
1186 2681 1429 2727 praedicaret,
1453 2681 1511 2713 illi
1542 2680 1625 2728 qui-

195 2724 277 2760 dem
313 2727 423 2762 licere
451 2727 589 2770 omnia,
628 2739 718 2774 quae
740 2733 884 2774 posset,
907 2728 1052 2774 aggredi
1082 2733 1118 2763 et
1145 2734 1305 2770 tentare,
1329 2727 1391 2762 sed
1414 2737 1623 2773 pers-ussum
