<?xml version="1.0" encoding="UTF-8"?>
<!DOCTYPE html PUBLIC "-//W3C//DTD XHTML 1.0 Transitional//EN"
    "http://www.w3.org/TR/xhtml1/DTD/xhtml1-transitional.dtd">
<html xmlns="http://www.w3.org/1999/xhtml" xml:lang="en" lang="en">
 <head>
  <title>
</title>
<meta http-equiv="Content-Type" content="text/html;charset=utf-8" />
  <meta name='ocr-system' content='tesseract 3.04.00' />
  <meta name='ocr-capabilities' content='ocr_page ocr_carea ocr_par ocr_line ocrx_word'/>
</head>
<body>
  <div class='ocr_page' id='page_1' title='image "./corpusscriptorum10niebuoft_0590.png"; bbox 0 0 1924 3164; ppageno 0'>
   <div class='ocr_carea' id='block_1_1' title="bbox 301 152 1361 219">
    <p class='ocr_par' dir='ltr' id='par_1_1' title="bbox 301 152 1361 219">
     <span class='ocr_line' id='line_1_1' title="bbox 301 152 1361 219; baseline -0.003 -3"><span class='ocrx_word' id='word_1_1' title='bbox 301 152 413 217; x_wconf 56' lang='lat'>536</span> <span class='ocrx_word' id='word_1_2' title='bbox 660 172 885 219; x_wconf 66' lang='lat' dir='ltr'>nmmcl</span> <span class='ocrx_word' id='word_1_3' title='bbox 925 171 1132 215; x_wconf 76' lang='lat' dir='ltr'>vALan</span> <span class='ocrx_word' id='word_1_4' title='bbox 1177 169 1361 216; x_wconf 72' lang='lat' dir='ltr'><strong>NOTAE</strong></span> 
     </span>
    </p>
   </div>
   <div class='ocr_carea' id='block_1_2' title="bbox 298 272 1748 1425">
    <p class='ocr_par' dir='ltr' id='par_1_2' title="bbox 298 272 1741 493">
     <span class='ocr_line' id='line_1_2' title="bbox 299 272 1738 333; baseline -0.008 -10"><span class='ocrx_word' id='word_1_5' title='bbox 299 283 364 323; x_wconf 81' lang='lat' dir='ltr'>bri</span> <span class='ocrx_word' id='word_1_6' title='bbox 391 282 527 322; x_wconf 82' lang='lat' dir='ltr'>furore</span> <span class='ocrx_word' id='word_1_7' title='bbox 555 279 728 333; x_wconf 79' lang='lat' dir='ltr'>percita,</span> <span class='ocrx_word' id='word_1_8' title='bbox 760 276 1024 315; x_wconf 82' lang='lat' dir='ltr'>Saturninum</span> <span class='ocrx_word' id='word_1_9' title='bbox 1049 275 1232 328; x_wconf 82' lang='lat' dir='ltr'>protinus</span> <span class='ocrx_word' id='word_1_10' title='bbox 1256 272 1487 313; x_wconf 76' lang='lat' dir='ltr'>obtruncari</span> <span class='ocrx_word' id='word_1_11' title='bbox 1517 272 1635 312; x_wconf 78' lang='lat' dir='ltr'>lussit</span> <span class='ocrx_word' id='word_1_12' title='bbox 1663 286 1738 312; x_wconf 81' lang='lat' dir='ltr'>an-</span> 
     </span>
     <span class='ocr_line' id='line_1_3' title="bbox 298 327 1741 382; baseline -0.008 -4"><span class='ocrx_word' id='word_1_13' title='bbox 298 352 353 377; x_wconf 90' lang='lat' dir='ltr'>no</span> <span class='ocrx_word' id='word_1_14' title='bbox 380 335 532 376; x_wconf 81' lang='lat' dir='ltr'>Natalis</span> <span class='ocrx_word' id='word_1_15' title='bbox 559 332 759 371; x_wconf 89' lang='lat' dir='ltr'>Dominici</span> <span class='ocrx_word' id='word_1_16' title='bbox 789 329 898 382; x_wconf 65' lang='lat'><strong><em>444„</em></strong></span> <span class='ocrx_word' id='word_1_17' title='bbox 922 329 1147 368; x_wconf 88' lang='lat' dir='ltr'>Theodosio</span> <span class='ocrx_word' id='word_1_18' title='bbox 1187 327 1247 371; x_wconf 88' lang='lat'>18.</span> <span class='ocrx_word' id='word_1_19' title='bbox 1289 335 1329 367; x_wconf 89' lang='lat' dir='ltr'>et</span> <span class='ocrx_word' id='word_1_20' title='bbox 1353 327 1501 370; x_wconf 83' lang='lat' dir='ltr'>Albino</span> <span class='ocrx_word' id='word_1_21' title='bbox 1528 328 1654 376; x_wconf 90' lang='lat' dir='ltr'>Coss.‚</span> <span class='ocrx_word' id='word_1_22' title='bbox 1692 333 1741 366; x_wconf 86' lang='lat' dir='ltr'>ut</span> 
     </span>
     <span class='ocr_line' id='line_1_4' title="bbox 299 380 1739 435; baseline -0.007 -3"><span class='ocrx_word' id='word_1_23' title='bbox 299 393 437 431; x_wconf 85' lang='lat' dir='ltr'>scribit</span> <span class='ocrx_word' id='word_1_24' title='bbox 466 386 725 428; x_wconf 76' lang='lat' dir='ltr'>Marcellinus</span> <span class='ocrx_word' id='word_1_25' title='bbox 755 386 796 424; x_wconf 89' lang='lat' dir='ltr'>in</span> <span class='ocrx_word' id='word_1_26' title='bbox 828 384 1043 424; x_wconf 89' lang='lat' dir='ltr'>Chronico.</span> <span class='ocrx_word' id='word_1_27' title='bbox 1104 383 1311 422; x_wconf 90' lang='lat' dir='ltr'>Cedrenus</span> <span class='ocrx_word' id='word_1_28' title='bbox 1339 396 1460 435; x_wconf 90' lang='lat' dir='ltr'>supra</span> <span class='ocrx_word' id='word_1_29' title='bbox 1486 380 1613 422; x_wconf 82' lang='lat' dir='ltr'>dictos</span> <span class='ocrx_word' id='word_1_30' title='bbox 1646 382 1739 422; x_wconf 80' lang='lat' dir='ltr'>Gle-</span> 
     </span>
     <span class='ocr_line' id='line_1_5' title="bbox 299 437 1431 493; baseline -0.01 -7"><span class='ocrx_word' id='word_1_31' title='bbox 299 449 404 486; x_wconf 81' lang='lat' dir='ltr'>ricos</span> <span class='ocrx_word' id='word_1_32' title='bbox 434 443 619 484; x_wconf 82' lang='lat' dir='ltr'>adulterii</span> <span class='ocrx_word' id='word_1_33' title='bbox 647 440 873 493; x_wconf 83' lang='lat' dir='ltr'>suspicione</span> <span class='ocrx_word' id='word_1_34' title='bbox 902 445 1106 478; x_wconf 80' lang='lat' dir='ltr'>contactos</span> <span class='ocrx_word' id='word_1_35' title='bbox 1134 437 1255 477; x_wconf 87' lang='lat' dir='ltr'>fuisse</span> <span class='ocrx_word' id='word_1_36' title='bbox 1284 437 1431 491; x_wconf 79' lang='lat' dir='ltr'>prodit.</span> 
     </span>
    </p>

    <p class='ocr_par' dir='ltr' id='par_1_3' title="bbox 299 485 1748 1425">
     <span class='ocr_line' id='line_1_6' title="bbox 409 485 1736 550; baseline -0.004 -14"><span class='ocrx_word' id='word_1_37' title='bbox 409 500 511 550; x_wconf 82' lang='lat' dir='ltr'>Pag.</span> <span class='ocrx_word' id='word_1_38' title='bbox 546 496 612 549; x_wconf 85' lang='lat'>69.</span> <span class='ocrx_word' id='word_1_39' title='bbox 633 495 679 534; x_wconf 87' lang='grc' dir='ltr'>Β.</span> <span class='ocrx_word' id='word_1_40' title='bbox 707 494 827 550; x_wconf 83' lang='lat'>[208‚</span> <span class='ocrx_word' id='word_1_41' title='bbox 870 491 954 546; x_wconf 56' lang='grc' dir='ltr'>πα]</span> <span class='ocrx_word' id='word_1_42' title='bbox 995 489 1147 544; x_wconf 78' lang='grc' dir='ltr'><em>Ζήνων</em></span> <span class='ocrx_word' id='word_1_43' title='bbox 1174 488 1377 538; x_wconf 76' lang='grc' dir='ltr'><strong><em>ὑπατικὸς</em></strong></span> <span class='ocrx_word' id='word_1_44' title='bbox 1406 485 1528 544; x_wconf 74' lang='grc' dir='ltr'>ἄνῆρ.</span> <span class='ocrx_word' id='word_1_45' title='bbox 1566 490 1736 531; x_wconf 84' lang='lat' dir='ltr'>Flavius</span> 
     </span>
     <span class='ocr_line' id='line_1_7' title="bbox 299 544 1741 604; baseline -0.007 -11"><span class='ocrx_word' id='word_1_46' title='bbox 299 556 410 593; x_wconf 86' lang='lat' dir='ltr'><strong>Zeno</strong></span> <span class='ocrx_word' id='word_1_47' title='bbox 465 552 542 604; x_wconf 87' lang='lat' dir='ltr'>(sic</span> <span class='ocrx_word' id='word_1_48' title='bbox 581 551 689 589; x_wconf 85' lang='lat' dir='ltr'>enim</span> <span class='ocrx_word' id='word_1_49' title='bbox 731 556 900 589; x_wconf 87' lang='lat' dir='ltr'>vocatur</span> <span class='ocrx_word' id='word_1_50' title='bbox 941 549 983 586; x_wconf 93' lang='lat' dir='ltr'>in</span> <span class='ocrx_word' id='word_1_51' title='bbox 1021 547 1133 586; x_wconf 87' lang='lat' dir='ltr'>Actis</span> <span class='ocrx_word' id='word_1_52' title='bbox 1168 546 1338 586; x_wconf 89' lang='lat' dir='ltr'>Concilii</span> <span class='ocrx_word' id='word_1_53' title='bbox 1377 544 1741 596; x_wconf 77' lang='lat' dir='ltr'>Chalcedonensis)</span> 
     </span>
     <span class='ocr_line' id='line_1_8' title="bbox 301 600 1742 654; baseline -0.006 -7"><span class='ocrx_word' id='word_1_54' title='bbox 301 606 452 648; x_wconf 86' lang='lat' dir='ltr'>Consul</span> <span class='ocrx_word' id='word_1_55' title='bbox 480 606 555 645; x_wconf 88' lang='lat' dir='ltr'>fuit</span> <span class='ocrx_word' id='word_1_56' title='bbox 582 618 688 644; x_wconf 87' lang='lat' dir='ltr'>anno</span> <span class='ocrx_word' id='word_1_57' title='bbox 717 603 872 652; x_wconf 74' lang='lat' dir='ltr'>Natalis</span> <span class='ocrx_word' id='word_1_58' title='bbox 898 602 1099 641; x_wconf 85' lang='lat' dir='ltr'>Dominici</span> <span class='ocrx_word' id='word_1_59' title='bbox 1117 600 1212 653; x_wconf 79' lang='lat'><strong><em>448.</em></strong></span> <span class='ocrx_word' id='word_1_60' title='bbox 1243 601 1374 640; x_wconf 92' lang='lat' dir='ltr'>Huius</span> <span class='ocrx_word' id='word_1_61' title='bbox 1408 601 1487 640; x_wconf 85' lang='lat' dir='ltr'>viri</span> <span class='ocrx_word' id='word_1_62' title='bbox 1522 602 1742 654; x_wconf 84' lang='lat' dir='ltr'>potentiam</span> 
     </span>
     <span class='ocr_line' id='line_1_9' title="bbox 301 653 1743 715; baseline -0.006 -13"><span class='ocrx_word' id='word_1_63' title='bbox 301 663 393 702; x_wconf 81' lang='lat' dir='ltr'>satis</span> <span class='ocrx_word' id='word_1_64' title='bbox 421 674 620 715; x_wconf 83' lang='lat' dir='ltr'>superque</span> <span class='ocrx_word' id='word_1_65' title='bbox 651 658 856 698; x_wconf 87' lang='lat' dir='ltr'>declarant</span> <span class='ocrx_word' id='word_1_66' title='bbox 884 671 952 697; x_wconf 88' lang='lat' dir='ltr'>ea:</span> <span class='ocrx_word' id='word_1_67' title='bbox 1002 670 1104 710; x_wconf 86' lang='lat' dir='ltr'>quae</span> <span class='ocrx_word' id='word_1_68' title='bbox 1132 655 1293 695; x_wconf 89' lang='lat' dir='ltr'>subiicit</span> <span class='ocrx_word' id='word_1_69' title='bbox 1322 653 1608 710; x_wconf 66' lang='lat' dir='ltr'>Priscusleum</span> <span class='ocrx_word' id='word_1_70' title='bbox 1636 653 1743 694; x_wconf 90' lang='lat' dir='ltr'>scili-</span> 
     </span>
     <span class='ocr_line' id='line_1_10' title="bbox 300 710 1742 770; baseline -0.006 -13"><span class='ocrx_word' id='word_1_71' title='bbox 300 725 363 757; x_wconf 87' lang='lat' dir='ltr'>cet</span> <span class='ocrx_word' id='word_1_72' title='bbox 391 715 648 770; x_wconf 81' lang='lat' dir='ltr'>Imperatoris</span> <span class='ocrx_word' id='word_1_73' title='bbox 675 712 872 753; x_wconf 86' lang='lat' dir='ltr'>voluntati</span> <span class='ocrx_word' id='word_1_74' title='bbox 903 725 1032 750; x_wconf 87' lang='lat' dir='ltr'>unum</span> <span class='ocrx_word' id='word_1_75' title='bbox 1060 712 1274 760; x_wconf 80' lang='lat' dir='ltr'>restitisse,</span> <span class='ocrx_word' id='word_1_76' title='bbox 1316 724 1409 749; x_wconf 85' lang='lat' dir='ltr'>cum</span> <span class='ocrx_word' id='word_1_77' title='bbox 1434 724 1597 763; x_wconf 78' lang='lat' dir='ltr'>magnas</span> <span class='ocrx_word' id='word_1_78' title='bbox 1627 710 1742 749; x_wconf 64' lang='lat' dir='ltr'>Isan÷</span> 
     </span>
     <span class='ocr_line' id='line_1_11' title="bbox 300 764 1743 824; baseline -0.006 -13"><span class='ocrx_word' id='word_1_79' title='bbox 300 786 441 811; x_wconf 87' lang='lat' dir='ltr'>rorum</span> <span class='ocrx_word' id='word_1_80' title='bbox 468 771 600 824; x_wconf 87' lang='lat' dir='ltr'>copias</span> <span class='ocrx_word' id='word_1_81' title='bbox 629 769 736 807; x_wconf 79' lang='lat' dir='ltr'>circa</span> <span class='ocrx_word' id='word_1_82' title='bbox 761 782 803 807; x_wconf 90' lang='lat' dir='ltr'>se</span> <span class='ocrx_word' id='word_1_83' title='bbox 844 766 1012 806; x_wconf 87' lang='lat' dir='ltr'>haberet</span> <span class='ocrx_word' id='word_1_84' title='bbox 1050 766 1102 805; x_wconf 85' lang='lat' dir='ltr'>ad</span> <span class='ocrx_word' id='word_1_85' title='bbox 1141 765 1255 804; x_wconf 86' lang='lat' dir='ltr'>urbis</span> <span class='ocrx_word' id='word_1_86' title='bbox 1292 765 1373 806; x_wconf 84' lang='lat' dir='ltr'>GP.</span> <span class='ocrx_word' id='word_1_87' title='bbox 1413 764 1662 804; x_wconf 78' lang='lat' dir='ltr'>custodiam:</span> <span class='ocrx_word' id='word_1_88' title='bbox 1701 770 1743 804; x_wconf 87' lang='lat' dir='ltr'>et</span> 
     </span>
     <span class='ocr_line' id='line_1_12' title="bbox 301 819 1745 880; baseline -0.006 -14"><span class='ocrx_word' id='word_1_89' title='bbox 301 841 404 880; x_wconf 86' lang='lat' dir='ltr'>quae</span> <span class='ocrx_word' id='word_1_90' title='bbox 435 841 474 880; x_wconf 91' lang='lat' dir='ltr'>p.</span> <span class='ocrx_word' id='word_1_91' title='bbox 503 839 569 879; x_wconf 77' lang='lat'>7²·</span> <span class='ocrx_word' id='word_1_92' title='bbox 606 825 660 863; x_wconf 89' lang='lat' dir='ltr'>D.</span> <span class='ocrx_word' id='word_1_93' title='bbox 696 823 856 863; x_wconf 75' lang='lat' dir='ltr'>Priscus</span> <span class='ocrx_word' id='word_1_94' title='bbox 888 827 1175 860; x_wconf 80' lang='lat' dir='ltr'>commemorat</span> <span class='ocrx_word' id='word_1_95' title='bbox 1193 849 1205 870; x_wconf 90' lang='lat'>,</span> <span class='ocrx_word' id='word_1_96' title='bbox 1243 820 1380 872; x_wconf 87' lang='lat' dir='ltr'>sopitis</span> <span class='ocrx_word' id='word_1_97' title='bbox 1422 819 1610 859; x_wconf 85' lang='lat' dir='ltr'>omnibus</span> <span class='ocrx_word' id='word_1_98' title='bbox 1650 832 1745 859; x_wconf 88' lang='lat' dir='ltr'>cum</span> 
     </span>
     <span class='ocr_line' id='line_1_13' title="bbox 301 875 1744 928; baseline -0.006 -7"><span class='ocrx_word' id='word_1_99' title='bbox 301 881 431 921; x_wconf 78' lang='lat' dir='ltr'>Attila</span> <span class='ocrx_word' id='word_1_100' title='bbox 459 879 796 928; x_wconf 82' lang='lat' dir='ltr'>dissensionibus,</span> <span class='ocrx_word' id='word_1_101' title='bbox 843 878 1009 915; x_wconf 87' lang='lat' dir='ltr'>unicum</span> <span class='ocrx_word' id='word_1_102' title='bbox 1035 875 1262 914; x_wconf 81' lang='lat' dir='ltr'>Theodosio</span> <span class='ocrx_word' id='word_1_103' title='bbox 1292 875 1391 928; x_wconf 88' lang='lat' dir='ltr'><strong>Imp.</strong></span> <span class='ocrx_word' id='word_1_104' title='bbox 1421 881 1574 914; x_wconf 88' lang='lat' dir='ltr'>metum</span> <span class='ocrx_word' id='word_1_105' title='bbox 1602 887 1744 927; x_wconf 68' lang='lat' dir='ltr'>super*-</span> 
     </span>
     <span class='ocr_line' id='line_1_14' title="bbox 300 928 1743 985; baseline -0.006 -10"><span class='ocrx_word' id='word_1_106' title='bbox 300 936 419 975; x_wconf 85' lang='lat' dir='ltr'>fuisse</span> <span class='ocrx_word' id='word_1_107' title='bbox 438 964 450 985; x_wconf 86' lang='lat'>‚</span> <span class='ocrx_word' id='word_1_108' title='bbox 505 948 556 973; x_wconf 88' lang='lat' dir='ltr'>ne</span> <span class='ocrx_word' id='word_1_109' title='bbox 599 933 700 973; x_wconf 80' lang='lat' dir='ltr'>forte</span> <span class='ocrx_word' id='word_1_110' title='bbox 740 933 850 971; x_wconf 89' lang='lat' dir='ltr'>Zeno</span> <span class='ocrx_word' id='word_1_111' title='bbox 891 929 1146 984; x_wconf 84' lang='lat' dir='ltr'>tyrannidem</span> <span class='ocrx_word' id='word_1_112' title='bbox 1187 928 1407 969; x_wconf 88' lang='lat' dir='ltr'>invaderet.</span> <span class='ocrx_word' id='word_1_113' title='bbox 1477 929 1554 968; x_wconf 88' lang='lat' dir='ltr'>Hic</span> <span class='ocrx_word' id='word_1_114' title='bbox 1605 935 1743 981; x_wconf 80' lang='lat' dir='ltr'>postea</span> 
     </span>
     <span class='ocr_line' id='line_1_15' title="bbox 301 986 1740 1041; baseline -0.005 -12"><span class='ocrx_word' id='word_1_115' title='bbox 301 989 679 1041; x_wconf 78' lang='lat' dir='ltr'>MarcianiAugusti</span> <span class='ocrx_word' id='word_1_116' title='bbox 697 986 945 1039; x_wconf 85' lang='lat' dir='ltr'>temporibus</span> <span class='ocrx_word' id='word_1_117' title='bbox 967 986 1116 1024; x_wconf 88' lang='lat' dir='ltr'>interiit</span> <span class='ocrx_word' id='word_1_118' title='bbox 1135 991 1340 1037; x_wconf 86' lang='lat' dir='ltr'>suspectus</span> <span class='ocrx_word' id='word_1_119' title='bbox 1365 997 1502 1023; x_wconf 86' lang='lat' dir='ltr'>rerum</span> <span class='ocrx_word' id='word_1_120' title='bbox 1528 997 1740 1023; x_wconf 83' lang='lat' dir='ltr'>novarum.</span> 
     </span>
     <span class='ocr_line' id='line_1_16' title="bbox 300 1038 1745 1092; baseline -0.006 -8"><span class='ocrx_word' id='word_1_121' title='bbox 300 1045 367 1084; x_wconf 87' lang='lat' dir='ltr'>Sic</span> <span class='ocrx_word' id='word_1_122' title='bbox 397 1044 503 1083; x_wconf 91' lang='lat' dir='ltr'>enim</span> <span class='ocrx_word' id='word_1_123' title='bbox 535 1043 724 1081; x_wconf 88' lang='lat' dir='ltr'>Iordanes</span> <span class='ocrx_word' id='word_1_124' title='bbox 753 1042 804 1080; x_wconf 89' lang='lat' dir='ltr'>de</span> <span class='ocrx_word' id='word_1_125' title='bbox 832 1041 1078 1080; x_wconf 84' lang='lat' dir='ltr'>successione</span> <span class='ocrx_word' id='word_1_126' title='bbox 1105 1053 1320 1092; x_wconf 87' lang='lat' dir='ltr'>regnorum</span> <span class='ocrx_word' id='word_1_127' title='bbox 1347 1039 1484 1078; x_wconf 81' lang='lat' dir='ltr'>scribit</span> <span class='ocrx_word' id='word_1_128' title='bbox 1519 1038 1570 1078; x_wconf 89' lang='lat' dir='ltr'>de</span> <span class='ocrx_word' id='word_1_129' title='bbox 1597 1039 1745 1077; x_wconf 86' lang='lat' dir='ltr'>Marci-</span> 
     </span>
     <span class='ocr_line' id='line_1_17' title="bbox 301 1093 1747 1152; baseline -0.005 -14"><span class='ocrx_word' id='word_1_130' title='bbox 301 1113 407 1139; x_wconf 79' lang='lat' dir='ltr'>ano:</span> <span class='ocrx_word' id='word_1_131' title='bbox 470 1098 700 1152; x_wconf 76' lang='lat' dir='ltr'>Obz&#39;twnque</span> <span class='ocrx_word' id='word_1_132' title='bbox 731 1096 902 1144; x_wconf 81' lang='lat' dir='ltr'>Attilae,</span> <span class='ocrx_word' id='word_1_133' title='bbox 950 1103 989 1133; x_wconf 81' lang='lat' dir='ltr'>ec</span> <span class='ocrx_word' id='word_1_134' title='bbox 1013 1094 1188 1134; x_wconf 76' lang='lat' dir='ltr'>Zenonis</span> <span class='ocrx_word' id='word_1_135' title='bbox 1215 1093 1350 1132; x_wconf 80' lang='lat' dir='ltr'>Isauri</span> <span class='ocrx_word' id='word_1_136' title='bbox 1379 1094 1574 1133; x_wconf 79' lang='lat' dir='ltr'>interitum</span> <span class='ocrx_word' id='word_1_137' title='bbox 1587 1122 1600 1141; x_wconf 93' lang='lat'>,</span> <span class='ocrx_word' id='word_1_138' title='bbox 1635 1101 1747 1132; x_wconf 81' lang='lat' dir='ltr'>ante-</span> 
     </span>
     <span class='ocr_line' id='line_1_18' title="bbox 300 1147 1744 1208; baseline -0.004 -16"><span class='ocrx_word' id='word_1_139' title='bbox 300 1168 420 1208; x_wconf 77' lang='lat' dir='ltr'>quam</span> <span class='ocrx_word' id='word_1_140' title='bbox 456 1161 671 1192; x_wconf 70' lang='lat' dir='ltr'>moreretur</span> <span class='ocrx_word' id='word_1_141' title='bbox 687 1181 698 1201; x_wconf 87' lang='lat'>‚</span> <span class='ocrx_word' id='word_1_142' title='bbox 721 1152 841 1204; x_wconf 76' lang='lat' dir='ltr'>filix</span> <span class='ocrx_word' id='word_1_143' title='bbox 880 1150 1080 1204; x_wconf 80' lang='lat' dir='ltr'>comperit.</span> <span class='ocrx_word' id='word_1_144' title='bbox 1151 1149 1387 1188; x_wconf 83' lang='lat' dir='ltr'>Damascius</span> <span class='ocrx_word' id='word_1_145' title='bbox 1417 1149 1458 1188; x_wconf 89' lang='lat' dir='ltr'>in</span> <span class='ocrx_word' id='word_1_146' title='bbox 1488 1147 1632 1187; x_wconf 83' lang='lat' dir='ltr'>Isidori</span> <span class='ocrx_word' id='word_1_147' title='bbox 1660 1148 1744 1186; x_wconf 88' lang='lat' dir='ltr'>vita</span> 
     </span>
     <span class='ocr_line' id='line_1_19' title="bbox 301 1202 1745 1258; baseline -0.005 -11"><span class='ocrx_word' id='word_1_148' title='bbox 301 1209 457 1258; x_wconf 79' lang='lat' dir='ltr'>scribit,</span> <span class='ocrx_word' id='word_1_149' title='bbox 485 1207 593 1249; x_wconf 85' lang='lat' dir='ltr'>hunc</span> <span class='ocrx_word' id='word_1_150' title='bbox 619 1208 823 1246; x_wconf 87' lang='lat' dir='ltr'>Zenonem</span> <span class='ocrx_word' id='word_1_151' title='bbox 853 1204 1054 1244; x_wconf 89' lang='lat' dir='ltr'>idolorum</span> <span class='ocrx_word' id='word_1_152' title='bbox 1081 1202 1234 1244; x_wconf 88' lang='lat' dir='ltr'>cultum</span> <span class='ocrx_word' id='word_1_153' title='bbox 1262 1204 1486 1254; x_wconf 81' lang='lat' dir='ltr'>restituere,</span> <span class='ocrx_word' id='word_1_154' title='bbox 1507 1210 1547 1242; x_wconf 87' lang='lat' dir='ltr'>et</span> <span class='ocrx_word' id='word_1_155' title='bbox 1575 1202 1745 1242; x_wconf 83' lang='lat' dir='ltr'>Christi-</span> 
     </span>
     <span class='ocr_line' id='line_1_20' title="bbox 302 1256 1748 1315; baseline -0.005 -13"><span class='ocrx_word' id='word_1_156' title='bbox 302 1276 472 1303; x_wconf 82' lang='lat' dir='ltr'>anorum</span> <span class='ocrx_word' id='word_1_157' title='bbox 499 1262 733 1315; x_wconf 83' lang='lat' dir='ltr'>religionem</span> <span class='ocrx_word' id='word_1_158' title='bbox 761 1258 924 1298; x_wconf 87' lang='lat' dir='ltr'>abolere</span> <span class='ocrx_word' id='word_1_159' title='bbox 948 1257 1139 1307; x_wconf 86' lang='lat' dir='ltr'>voluisse,</span> <span class='ocrx_word' id='word_1_160' title='bbox 1170 1257 1240 1298; x_wconf 89' lang='lat' dir='ltr'>sed</span> <span class='ocrx_word' id='word_1_161' title='bbox 1266 1256 1444 1298; x_wconf 82' lang='lat' dir='ltr'>violenta</span> <span class='ocrx_word' id='word_1_162' title='bbox 1471 1263 1599 1297; x_wconf 84' lang='lat' dir='ltr'>morte</span> <span class='ocrx_word' id='word_1_163' title='bbox 1625 1257 1748 1296; x_wconf 80' lang='lat' dir='ltr'>fuisse</span> 
     </span>
     <span class='ocr_line' id='line_1_21' title="bbox 301 1311 1747 1371; baseline -0.005 -14"><span class='ocrx_word' id='word_1_164' title='bbox 301 1317 593 1371; x_wconf 87' lang='lat' dir='ltr'>praepeditum.</span> <span class='ocrx_word' id='word_1_165' title='bbox 625 1316 730 1355; x_wconf 81' lang='lat' dir='ltr'>Nam</span> <span class='ocrx_word' id='word_1_166' title='bbox 757 1329 803 1354; x_wconf 85' lang='lat' dir='ltr'>ex</span> <span class='ocrx_word' id='word_1_167' title='bbox 831 1328 934 1366; x_wconf 85' lang='lat' dir='ltr'>equo</span> <span class='ocrx_word' id='word_1_168' title='bbox 965 1312 1115 1366; x_wconf 84' lang='lat' dir='ltr'>lapsus,</span> <span class='ocrx_word' id='word_1_169' title='bbox 1144 1327 1261 1352; x_wconf 86' lang='lat' dir='ltr'>crure</span> <span class='ocrx_word' id='word_1_170' title='bbox 1290 1312 1510 1362; x_wconf 85' lang='lat' dir='ltr'>confracto,</span> <span class='ocrx_word' id='word_1_171' title='bbox 1539 1326 1621 1351; x_wconf 90' lang='lat' dir='ltr'>non</span> <span class='ocrx_word' id='word_1_172' title='bbox 1648 1311 1747 1351; x_wconf 93' lang='lat' dir='ltr'>mul-</span> 
     </span>
     <span class='ocr_line' id='line_1_22' title="bbox 302 1366 1747 1425; baseline -0.005 -14"><span class='ocrx_word' id='word_1_173' title='bbox 302 1379 345 1411; x_wconf 84' lang='lat' dir='ltr'>to</span> <span class='ocrx_word' id='word_1_174' title='bbox 372 1379 462 1425; x_wconf 90' lang='lat' dir='ltr'>post</span> <span class='ocrx_word' id='word_1_175' title='bbox 489 1371 717 1424; x_wconf 74' lang='lat' dir='ltr'>exspiravit.</span> <span class='ocrx_word' id='word_1_176' title='bbox 774 1370 829 1408; x_wconf 81' lang='lat' dir='ltr'>Et</span> <span class='ocrx_word' id='word_1_177' title='bbox 856 1369 1094 1407; x_wconf 83' lang='lat' dir='ltr'>Damascius</span> <span class='ocrx_word' id='word_1_178' title='bbox 1125 1368 1289 1422; x_wconf 83' lang='lat' dir='ltr'>quidem</span> <span class='ocrx_word' id='word_1_179' title='bbox 1322 1381 1415 1406; x_wconf 89' lang='lat' dir='ltr'>eum</span> <span class='ocrx_word' id='word_1_180' title='bbox 1445 1380 1636 1420; x_wconf 85' lang='lat' dir='ltr'>magnum</span> <span class='ocrx_word' id='word_1_181' title='bbox 1647 1366 1747 1405; x_wconf 84' lang='lat' dir='ltr'>Ori-</span> 
     </span>
    </p>
   </div>
   <div class='ocr_carea' id='block_1_3' title="bbox 171 1420 1746 1478">
    <p class='ocr_par' dir='ltr' id='par_1_4' title="bbox 171 1420 1746 1478">
     <span class='ocr_line' id='line_1_23' title="bbox 171 1420 1746 1478; baseline -0.003 -14"><span class='ocrx_word' id='word_1_182' title='bbox 171 1430 207 1464; x_wconf 85' lang='grc' dir='ltr'>Ρ.</span> <span class='ocrx_word' id='word_1_183' title='bbox 231 1426 452 1467; x_wconf 64' lang='lat' dir='ltr'>nosentalis</span> <span class='ocrx_word' id='word_1_184' title='bbox 480 1425 645 1464; x_wconf 89' lang='lat' dir='ltr'>militiae</span> <span class='ocrx_word' id='word_1_185' title='bbox 671 1425 908 1478; x_wconf 84' lang='lat' dir='ltr'>Magistrum</span> <span class='ocrx_word' id='word_1_186' title='bbox 938 1422 1134 1475; x_wconf 84' lang='lat' dir='ltr'>appellat,</span> <span class='ocrx_word' id='word_1_187' title='bbox 1166 1420 1188 1460; x_wconf 83' lang='grc' dir='ltr'><strong><em>ὅ</em></strong></span> <span class='ocrx_word' id='word_1_188' title='bbox 1222 1422 1353 1473; x_wconf 81' lang='grc' dir='ltr'><em>μέγας</em></span> <span class='ocrx_word' id='word_1_189' title='bbox 1382 1422 1455 1473; x_wconf 73' lang='grc' dir='ltr'>τῆς</span> <span class='ocrx_word' id='word_1_190' title='bbox 1480 1420 1540 1461; x_wconf 73' lang='grc' dir='ltr'>ἕω</span> <span class='ocrx_word' id='word_1_191' title='bbox 1570 1434 1746 1473; x_wconf 80' lang='grc' dir='ltr'><strong><em>στρατη-</em></strong></span> 
     </span>
    </p>
   </div>
   <div class='ocr_carea' id='block_1_4' title="bbox 285 1475 1748 2788">
    <p class='ocr_par' dir='ltr' id='par_1_5' title="bbox 301 1475 1748 1965">
     <span class='ocr_line' id='line_1_24' title="bbox 301 1475 1744 1532; baseline -0.005 -12"><span class='ocrx_word' id='word_1_192' title='bbox 301 1476 442 1532; x_wconf 74' lang='grc' dir='ltr'><strong><em>λάτης.</em></strong></span> <span class='ocrx_word' id='word_1_193' title='bbox 499 1481 602 1518; x_wconf 87' lang='lat' dir='ltr'>Sunt</span> <span class='ocrx_word' id='word_1_194' title='bbox 630 1479 681 1517; x_wconf 76' lang='lat' dir='ltr'>acl</span> <span class='ocrx_word' id='word_1_195' title='bbox 720 1479 829 1518; x_wconf 90' lang='lat' dir='ltr'>hunc</span> <span class='ocrx_word' id='word_1_196' title='bbox 857 1479 1062 1516; x_wconf 89' lang='lat' dir='ltr'>Zenonem</span> <span class='ocrx_word' id='word_1_197' title='bbox 1089 1477 1327 1529; x_wconf 85' lang='lat' dir='ltr'>Magistrum</span> <span class='ocrx_word' id='word_1_198' title='bbox 1367 1476 1540 1515; x_wconf 90' lang='lat' dir='ltr'>militum</span> <span class='ocrx_word' id='word_1_199' title='bbox 1569 1483 1608 1514; x_wconf 90' lang='lat' dir='ltr'>et</span> <span class='ocrx_word' id='word_1_200' title='bbox 1637 1475 1744 1514; x_wconf 86' lang='lat' dir='ltr'>Con-</span> 
     </span>
     <span class='ocr_line' id='line_1_25' title="bbox 302 1530 1746 1585; baseline -0.003 -11"><span class='ocrx_word' id='word_1_201' title='bbox 302 1535 429 1574; x_wconf 82' lang='lat' dir='ltr'>sulem</span> <span class='ocrx_word' id='word_1_202' title='bbox 460 1534 566 1573; x_wconf 83' lang='lat' dir='ltr'>duae</span> <span class='ocrx_word' id='word_1_203' title='bbox 591 1533 836 1573; x_wconf 81' lang='lat' dir='ltr'>Theodoreti</span> <span class='ocrx_word' id='word_1_204' title='bbox 866 1531 1076 1585; x_wconf 82' lang='lat' dir='ltr'>epistolae,</span> <span class='ocrx_word' id='word_1_205' title='bbox 1108 1532 1255 1585; x_wconf 90' lang='lat' dir='ltr'>quibus</span> <span class='ocrx_word' id='word_1_206' title='bbox 1281 1530 1397 1569; x_wconf 89' lang='lat' dir='ltr'>illum</span> <span class='ocrx_word' id='word_1_207' title='bbox 1423 1530 1603 1569; x_wconf 91' lang='lat' dir='ltr'>nondum</span> <span class='ocrx_word' id='word_1_208' title='bbox 1633 1542 1746 1569; x_wconf 87' lang='lat' dir='ltr'>sacro</span> 
     </span>
     <span class='ocr_line' id='line_1_26' title="bbox 303 1583 1747 1643; baseline -0.003 -14"><span class='ocrx_word' id='word_1_209' title='bbox 303 1589 540 1643; x_wconf 86' lang='lat' dir='ltr'>baptismate</span> <span class='ocrx_word' id='word_1_210' title='bbox 567 1588 767 1627; x_wconf 86' lang='lat' dir='ltr'>initiatum</span> <span class='ocrx_word' id='word_1_211' title='bbox 796 1587 914 1626; x_wconf 84' lang='lat' dir='ltr'>fuisse</span> <span class='ocrx_word' id='word_1_212' title='bbox 942 1593 1125 1625; x_wconf 85' lang='lat' dir='ltr'>testatur.</span> <span class='ocrx_word' id='word_1_213' title='bbox 1185 1587 1372 1626; x_wconf 80' lang='lat' dir='ltr'>Ceterum</span> <span class='ocrx_word' id='word_1_214' title='bbox 1411 1599 1457 1624; x_wconf 87' lang='lat' dir='ltr'>ex</span> <span class='ocrx_word' id='word_1_215' title='bbox 1497 1584 1573 1623; x_wconf 92' lang='lat' dir='ltr'>hoc</span> <span class='ocrx_word' id='word_1_216' title='bbox 1617 1583 1747 1624; x_wconf 89' lang='lat' dir='ltr'>Prisci</span> 
     </span>
     <span class='ocr_line' id='line_1_27' title="bbox 305 1638 1744 1696; baseline -0.004 -13"><span class='ocrx_word' id='word_1_217' title='bbox 305 1643 392 1683; x_wconf 92' lang='lat' dir='ltr'>loco</span> <span class='ocrx_word' id='word_1_218' title='bbox 421 1643 627 1682; x_wconf 83' lang='lat' dir='ltr'>manifeste</span> <span class='ocrx_word' id='word_1_219' title='bbox 654 1644 848 1696; x_wconf 85' lang='lat' dir='ltr'>sequitur,</span> <span class='ocrx_word' id='word_1_220' title='bbox 875 1641 979 1680; x_wconf 86' lang='lat' dir='ltr'>hanc</span> <span class='ocrx_word' id='word_1_221' title='bbox 995 1642 1203 1681; x_wconf 86' lang='lat' dir='ltr'>Maximini</span> <span class='ocrx_word' id='word_1_222' title='bbox 1231 1639 1464 1679; x_wconf 82' lang='lat' dir='ltr'>adAttilam</span> <span class='ocrx_word' id='word_1_223' title='bbox 1490 1638 1744 1692; x_wconf 84' lang='lat' dir='ltr'>legationem,</span> 
     </span>
     <span class='ocr_line' id='line_1_28' title="bbox 304 1693 1748 1752; baseline -0.003 -15"><span class='ocrx_word' id='word_1_224' title='bbox 304 1713 408 1752; x_wconf 88' lang='lat' dir='ltr'>qnae</span> <span class='ocrx_word' id='word_1_225' title='bbox 436 1699 501 1737; x_wconf 90' lang='lat' dir='ltr'>hic</span> <span class='ocrx_word' id='word_1_226' title='bbox 529 1696 729 1737; x_wconf 80' lang='lat' dir='ltr'>luculente</span> <span class='ocrx_word' id='word_1_227' title='bbox 761 1695 999 1735; x_wconf 84' lang='lat' dir='ltr'>describitur</span> <span class='ocrx_word' id='word_1_228' title='bbox 1018 1726 1029 1744; x_wconf 87' lang='lat'>,</span> <span class='ocrx_word' id='word_1_229' title='bbox 1079 1696 1291 1748; x_wconf 80' lang='lat' dir='ltr'>contigisse</span> <span class='ocrx_word' id='word_1_230' title='bbox 1310 1695 1473 1733; x_wconf 88' lang='lat' dir='ltr'>Zenone</span> <span class='ocrx_word' id='word_1_231' title='bbox 1507 1701 1547 1732; x_wconf 89' lang='lat' dir='ltr'>et</span> <span class='ocrx_word' id='word_1_232' title='bbox 1570 1693 1748 1733; x_wconf 86' lang='lat' dir='ltr'>Posthu-</span> 
     </span>
     <span class='ocr_line' id='line_1_29' title="bbox 303 1748 1747 1803; baseline -0.003 -11"><span class='ocrx_word' id='word_1_233' title='bbox 303 1755 437 1792; x_wconf 86' lang='lat' dir='ltr'>miano</span> <span class='ocrx_word' id='word_1_234' title='bbox 454 1753 587 1803; x_wconf 81' lang='lat' dir='ltr'>Coss.‚</span> <span class='ocrx_word' id='word_1_235' title='bbox 615 1752 695 1790; x_wconf 88' lang='lat' dir='ltr'>sub</span> <span class='ocrx_word' id='word_1_236' title='bbox 720 1753 869 1790; x_wconf 86' lang='lat' dir='ltr'>exitum</span> <span class='ocrx_word' id='word_1_237' title='bbox 897 1752 1006 1798; x_wconf 89' lang='lat' dir='ltr'>anni,</span> <span class='ocrx_word' id='word_1_238' title='bbox 1038 1750 1147 1803; x_wconf 83' lang='lat' dir='ltr'>quod</span> <span class='ocrx_word' id='word_1_239' title='bbox 1176 1750 1410 1788; x_wconf 84' lang='lat' dir='ltr'>confirmare</span> <span class='ocrx_word' id='word_1_240' title='bbox 1439 1749 1559 1788; x_wconf 86' lang='lat' dir='ltr'>etiam</span> <span class='ocrx_word' id='word_1_241' title='bbox 1586 1748 1747 1788; x_wconf 87' lang='lat' dir='ltr'>videtur</span> 
     </span>
     <span class='ocr_line' id='line_1_30' title="bbox 305 1803 1746 1858; baseline -0.004 -11"><span class='ocrx_word' id='word_1_242' title='bbox 305 1807 562 1847; x_wconf 87' lang='lat' dir='ltr'>Marcellinus</span> <span class='ocrx_word' id='word_1_243' title='bbox 592 1808 635 1845; x_wconf 89' lang='lat' dir='ltr'>in</span> <span class='ocrx_word' id='word_1_244' title='bbox 671 1806 883 1845; x_wconf 88' lang='lat' dir='ltr'>Chronico.</span> <span class='ocrx_word' id='word_1_245' title='bbox 947 1806 1065 1844; x_wconf 77' lang='lat' dir='ltr'>Certe</span> <span class='ocrx_word' id='word_1_246' title='bbox 1092 1805 1254 1844; x_wconf 88' lang='lat' dir='ltr'>Priscus</span> <span class='ocrx_word' id='word_1_247' title='bbox 1281 1819 1323 1857; x_wconf 92' lang='lat' dir='ltr'>p.</span> <span class='ocrx_word' id='word_1_248' title='bbox 1358 1818 1426 1858; x_wconf 89' lang='lat'>70·</span> <span class='ocrx_word' id='word_1_249' title='bbox 1460 1804 1508 1842; x_wconf 87' lang='lat' dir='ltr'>C.</span> <span class='ocrx_word' id='word_1_250' title='bbox 1538 1803 1588 1842; x_wconf 89' lang='lat' dir='ltr'>de</span> <span class='ocrx_word' id='word_1_251' title='bbox 1616 1803 1746 1842; x_wconf 92' lang='lat' dir='ltr'>Areo-</span> 
     </span>
     <span class='ocr_line' id='line_1_31' title="bbox 303 1858 1744 1915; baseline -0.003 -15"><span class='ocrx_word' id='word_1_252' title='bbox 303 1861 426 1900; x_wconf 88' lang='lat' dir='ltr'>bindo</span> <span class='ocrx_word' id='word_1_253' title='bbox 455 1869 646 1915; x_wconf 82' lang='lat' dir='ltr'>tanquam</span> <span class='ocrx_word' id='word_1_254' title='bbox 675 1861 805 1900; x_wconf 87' lang='lat' dir='ltr'>adhuc</span> <span class='ocrx_word' id='word_1_255' title='bbox 833 1861 994 1900; x_wconf 84' lang='lat' dir='ltr'>vivente</span> <span class='ocrx_word' id='word_1_256' title='bbox 1022 1859 1200 1912; x_wconf 85' lang='lat' dir='ltr'>loquitur</span> <span class='ocrx_word' id='word_1_257' title='bbox 1218 1888 1232 1910; x_wconf 88' lang='lat'>‚</span> <span class='ocrx_word' id='word_1_258' title='bbox 1272 1859 1343 1913; x_wconf 89' lang='lat' dir='ltr'>qui</span> <span class='ocrx_word' id='word_1_259' title='bbox 1379 1860 1558 1912; x_wconf 84' lang='lat' dir='ltr'>sequenti</span> <span class='ocrx_word' id='word_1_260' title='bbox 1588 1858 1744 1897; x_wconf 89' lang='lat' dir='ltr'>Consu-</span> 
     </span>
     <span class='ocr_line' id='line_1_32' title="bbox 304 1914 1126 1965; baseline -0.004 -10"><span class='ocrx_word' id='word_1_261' title='bbox 304 1916 387 1956; x_wconf 86' lang='lat' dir='ltr'>latu</span> <span class='ocrx_word' id='word_1_262' title='bbox 417 1917 545 1965; x_wconf 81' lang='lat' dir='ltr'>obiit,</span> <span class='ocrx_word' id='word_1_263' title='bbox 575 1923 674 1955; x_wconf 86' lang='lat' dir='ltr'>teste</span> <span class='ocrx_word' id='word_1_264' title='bbox 703 1915 844 1955; x_wconf 89' lang='lat' dir='ltr'>eodem</span> <span class='ocrx_word' id='word_1_265' title='bbox 878 1914 1126 1955; x_wconf 83' lang='lat' dir='ltr'>Marcellino.</span> 
     </span>
    </p>

    <p class='ocr_par' dir='ltr' id='par_1_6' title="bbox 304 1964 1745 2133">
     <span class='ocr_line' id='line_1_33' title="bbox 415 1964 1745 2025; baseline -0.003 -14"><span class='ocrx_word' id='word_1_266' title='bbox 415 1972 513 2025; x_wconf 80' lang='lat' dir='ltr'>Pag.</span> <span class='ocrx_word' id='word_1_267' title='bbox 549 1985 616 2024; x_wconf 84' lang='lat'>7¹·</span> <span class='ocrx_word' id='word_1_268' title='bbox 637 1971 684 2009; x_wconf 90' lang='lat' dir='ltr'>C.</span> <span class='ocrx_word' id='word_1_269' title='bbox 721 1970 817 2024; x_wconf 79' lang='lat'>[212</span> <span class='ocrx_word' id='word_1_270' title='bbox 838 2001 849 2018; x_wconf 91' lang='lat'>,</span> <span class='ocrx_word' id='word_1_271' title='bbox 884 1969 969 2024; x_wconf 58' lang='grc' dir='ltr'>αα]</span> <span class='ocrx_word' id='word_1_272' title='bbox 1001 1970 1098 2009; x_wconf 88' lang='lat' dir='ltr'>Post</span> <span class='ocrx_word' id='word_1_273' title='bbox 1125 1969 1223 2008; x_wconf 90' lang='lat' dir='ltr'>haec</span> <span class='ocrx_word' id='word_1_274' title='bbox 1252 1968 1377 2007; x_wconf 84' lang='lat' dir='ltr'>verba</span> <span class='ocrx_word' id='word_1_275' title='bbox 1397 1997 1410 2020; x_wconf 87' lang='lat'>,</span> <span class='ocrx_word' id='word_1_276' title='bbox 1442 1965 1486 2014; x_wconf 78' lang='grc' dir='ltr'>ἐς</span> <span class='ocrx_word' id='word_1_277' title='bbox 1511 1964 1584 2020; x_wconf 74' lang='grc' dir='ltr'>τήν</span> <span class='ocrx_word' id='word_1_278' title='bbox 1621 1967 1745 2007; x_wconf 81' lang='grc' dir='ltr'><em>Κων-</em></span> 
     </span>
     <span class='ocr_line' id='line_1_34' title="bbox 304 2017 1745 2077; baseline -0.002 -12"><span class='ocrx_word' id='word_1_279' title='bbox 304 2023 517 2065; x_wconf 66' lang='grc' dir='ltr'><strong><em>σταντίνου</em></strong></span> <span class='ocrx_word' id='word_1_280' title='bbox 534 2056 543 2074; x_wconf 87' lang='grc'><em>,</em></span> <span class='ocrx_word' id='word_1_281' title='bbox 576 2025 762 2065; x_wconf 82' lang='lat' dir='ltr'>collocari</span> <span class='ocrx_word' id='word_1_282' title='bbox 789 2025 936 2065; x_wconf 88' lang='lat' dir='ltr'>debent</span> <span class='ocrx_word' id='word_1_283' title='bbox 968 2039 1030 2074; x_wconf 87' lang='lat' dir='ltr'>ea,</span> <span class='ocrx_word' id='word_1_284' title='bbox 1073 2038 1175 2077; x_wconf 89' lang='lat' dir='ltr'>quae</span> <span class='ocrx_word' id='word_1_285' title='bbox 1202 2023 1325 2063; x_wconf 85' lang='lat' dir='ltr'>habes</span> <span class='ocrx_word' id='word_1_286' title='bbox 1351 2037 1445 2077; x_wconf 83' lang='lat' dir='ltr'>pag.</span> <span class='ocrx_word' id='word_1_287' title='bbox 1477 2021 1543 2077; x_wconf 80' lang='lat'>59.</span> <span class='ocrx_word' id='word_1_288' title='bbox 1563 2021 1645 2062; x_wconf 90' lang='lat' dir='ltr'>A.:</span> <span class='ocrx_word' id='word_1_289' title='bbox 1677 2017 1745 2062; x_wconf 74' lang='grc' dir='ltr'>ὅτι</span> 
     </span>
     <span class='ocr_line' id='line_1_35' title="bbox 306 2080 1742 2133; baseline -0.001 -15"><span class='ocrx_word' id='word_1_290' title='bbox 306 2080 558 2133; x_wconf 75' lang='grc' dir='ltr'><em>φωραθέντα</em></span> <span class='ocrx_word' id='word_1_291' title='bbox 576 2109 586 2127; x_wconf 84' lang='grc'>,</span> <span class='ocrx_word' id='word_1_292' title='bbox 618 2087 663 2119; x_wconf 88' lang='lat' dir='ltr'>ut</span> <span class='ocrx_word' id='word_1_293' title='bbox 691 2081 784 2119; x_wconf 87' lang='lat' dir='ltr'>satis</span> <span class='ocrx_word' id='word_1_294' title='bbox 812 2080 1066 2119; x_wconf 83' lang='lat' dir='ltr'>manifestum</span> <span class='ocrx_word' id='word_1_295' title='bbox 1094 2086 1166 2118; x_wconf 84' lang='lat' dir='ltr'>est.</span> <span class='ocrx_word' id='word_1_296' title='bbox 1740 2081 1742 2083; x_wconf 82' lang='grc'><strong>’</strong></span> 
     </span>
    </p>

    <p class='ocr_par' dir='ltr' id='par_1_7' title="bbox 304 2128 1747 2296">
     <span class='ocr_line' id='line_1_36' title="bbox 415 2128 1747 2187; baseline -0.002 -14"><span class='ocrx_word' id='word_1_297' title='bbox 415 2135 566 2187; x_wconf 83' lang='lat' dir='ltr'>Legas:</span> <span class='ocrx_word' id='word_1_298' title='bbox 616 2133 776 2187; x_wconf 69' lang='grc' dir='ltr'><em>ἐδήχθη</em></span> <span class='ocrx_word' id='word_1_299' title='bbox 809 2148 853 2173; x_wconf 81' lang='grc' dir='ltr'>τε</span> <span class='ocrx_word' id='word_1_300' title='bbox 898 2132 920 2173; x_wconf 80' lang='grc' dir='ltr'>ὁ</span> <span class='ocrx_word' id='word_1_301' title='bbox 955 2131 1174 2186; x_wconf 76' lang='grc' dir='ltr'><em>Θεόδωρος</em></span> <span class='ocrx_word' id='word_1_302' title='bbox 1209 2128 1281 2172; x_wconf 74' lang='grc' dir='ltr'>τόν</span> <span class='ocrx_word' id='word_1_303' title='bbox 1310 2128 1482 2183; x_wconf 74' lang='grc' dir='ltr'><strong><em>θυμὸν,</em></strong></span> <span class='ocrx_word' id='word_1_304' title='bbox 1528 2133 1593 2184; x_wconf 84' lang='lat'>39.</span> <span class='ocrx_word' id='word_1_305' title='bbox 1626 2130 1674 2170; x_wconf 85' lang='lat' dir='ltr'>G.</span> <span class='ocrx_word' id='word_1_306' title='bbox 1703 2138 1747 2171; x_wconf 84' lang='lat' dir='ltr'>et</span> 
     </span>
     <span class='ocr_line' id='line_1_37' title="bbox 304 2182 1745 2242; baseline -0.002 -15"><span class='ocrx_word' id='word_1_307' title='bbox 304 2196 392 2240; x_wconf 88' lang='lat' dir='ltr'>post</span> <span class='ocrx_word' id='word_1_308' title='bbox 419 2188 516 2228; x_wconf 82' lang='lat' dir='ltr'>haec</span> <span class='ocrx_word' id='word_1_309' title='bbox 545 2189 654 2242; x_wconf 85' lang='lat' dir='ltr'>sequi</span> <span class='ocrx_word' id='word_1_310' title='bbox 685 2189 859 2239; x_wconf 85' lang='lat' dir='ltr'>debent,</span> <span class='ocrx_word' id='word_1_311' title='bbox 910 2183 974 2228; x_wconf 76' lang='grc' dir='ltr'>ὅτι</span> <span class='ocrx_word' id='word_1_312' title='bbox 1009 2185 1080 2226; x_wconf 71' lang='grc' dir='ltr'>ὑπ’</span> <span class='ocrx_word' id='word_1_313' title='bbox 1111 2182 1361 2241; x_wconf 75' lang='grc' dir='ltr'><em>ἀμφοτέρων</em></span> <span class='ocrx_word' id='word_1_314' title='bbox 1383 2216 1395 2238; x_wconf 86' lang='lat'>,</span> <span class='ocrx_word' id='word_1_315' title='bbox 1425 2199 1529 2239; x_wconf 84' lang='lat' dir='ltr'>quae</span> <span class='ocrx_word' id='word_1_316' title='bbox 1554 2185 1745 2240; x_wconf 87' lang='lat' dir='ltr'>leguntur</span> 
     </span>
     <span class='ocr_line' id='line_1_38' title="bbox 305 2243 1035 2296; baseline 0.003 -15"><span class='ocrx_word' id='word_1_317' title='bbox 305 2243 454 2295; x_wconf 84' lang='lat' dir='ltr'>71.C.,</span> <span class='ocrx_word' id='word_1_318' title='bbox 485 2251 530 2282; x_wconf 88' lang='lat' dir='ltr'>ut</span> <span class='ocrx_word' id='word_1_319' title='bbox 558 2243 647 2282; x_wconf 90' lang='lat' dir='ltr'>luce</span> <span class='ocrx_word' id='word_1_320' title='bbox 676 2244 760 2296; x_wconf 89' lang='lat' dir='ltr'>ipsa</span> <span class='ocrx_word' id='word_1_321' title='bbox 788 2243 933 2283; x_wconf 87' lang='lat' dir='ltr'>clarius</span> <span class='ocrx_word' id='word_1_322' title='bbox 963 2249 1035 2283; x_wconf 80' lang='lat' dir='ltr'>est.</span> 
     </span>
    </p>

    <p class='ocr_par' dir='ltr' id='par_1_8' title="bbox 285 2286 1743 2675">
     <span class='ocr_line' id='line_1_39' title="bbox 415 2286 1743 2352; baseline -0.002 -16"><span class='ocrx_word' id='word_1_323' title='bbox 415 2298 514 2350; x_wconf 84' lang='lat' dir='ltr'>Pag.</span> <span class='ocrx_word' id='word_1_324' title='bbox 529 2298 778 2352; x_wconf 70' lang='lat' dir='ltr'>71.C.[2¹5,</span> <span class='ocrx_word' id='word_1_325' title='bbox 796 2297 858 2352; x_wconf 84' lang='lat'>2.]</span> <span class='ocrx_word' id='word_1_326' title='bbox 888 2293 1120 2338; x_wconf 80' lang='grc' dir='ltr'><strong><em>Ἀνατόλιον</em></strong></span> <span class='ocrx_word' id='word_1_327' title='bbox 1144 2295 1227 2335; x_wconf 76' lang='grc' dir='ltr'>τῶν</span> <span class='ocrx_word' id='word_1_328' title='bbox 1253 2293 1369 2348; x_wconf 73' lang='grc' dir='ltr'><em>οἶμφί</em></span> <span class='ocrx_word' id='word_1_329' title='bbox 1394 2294 1570 2346; x_wconf 82' lang='grc' dir='ltr'><strong><em>βασιλέα</em></strong></span> <span class='ocrx_word' id='word_1_330' title='bbox 1588 2286 1743 2346; x_wconf 68' lang='grc' dir='ltr'><strong><em>ἔρχον-</em></strong></span> 
     </span>
     <span class='ocr_line' id='line_1_40' title="bbox 303 2349 1743 2403; baseline -0.001 -13"><span class='ocrx_word' id='word_1_331' title='bbox 303 2364 359 2390; x_wconf 80' lang='grc' dir='ltr'>τα</span> <span class='ocrx_word' id='word_1_332' title='bbox 384 2352 524 2391; x_wconf 76' lang='grc' dir='ltr'><em>τελῶν.</em></span> <span class='ocrx_word' id='word_1_333' title='bbox 581 2352 689 2391; x_wconf 86' lang='lat' dir='ltr'>Male</span> <span class='ocrx_word' id='word_1_334' title='bbox 715 2352 976 2392; x_wconf 82' lang='lat' dir='ltr'>Cantoclarus</span> <span class='ocrx_word' id='word_1_335' title='bbox 1003 2352 1140 2400; x_wconf 86' lang='lat' dir='ltr'>vertit,</span> <span class='ocrx_word' id='word_1_336' title='bbox 1159 2351 1353 2403; x_wconf 74' lang='lat' dir='ltr'>regiorum</span> <span class='ocrx_word' id='word_1_337' title='bbox 1377 2349 1602 2387; x_wconf 72' lang='lat' dir='ltr'>tributorum</span> <span class='ocrx_word' id='word_1_338' title='bbox 1627 2364 1743 2403; x_wconf 80' lang='lat' dir='ltr'>prae·</span> 
     </span>
     <span class='ocr_line' id='line_1_41' title="bbox 285 2403 1739 2459; baseline 0 -16"><span class='ocrx_word' id='word_1_339' title='bbox 285 2407 458 2458; x_wconf 71' lang='lat' dir='ltr'>fictum.</span> <span class='ocrx_word' id='word_1_340' title='bbox 529 2407 617 2459; x_wconf 81' lang='lat' dir='ltr'>Ego</span> <span class='ocrx_word' id='word_1_341' title='bbox 646 2407 880 2459; x_wconf 76' lang='lat' dir='ltr'>llIagz‘sct-zcm</span> <span class='ocrx_word' id='word_1_342' title='bbox 933 2407 1099 2446; x_wconf 78' lang='lat' dir='ltr'>militum</span> <span class='ocrx_word' id='word_1_343' title='bbox 1144 2405 1428 2459; x_wconf 74' lang='lat' dir='ltr'>praesentalem</span> <span class='ocrx_word' id='word_1_344' title='bbox 1482 2403 1739 2456; x_wconf 82' lang='lat' dir='ltr'>interpretor.</span> 
     </span>
     <span class='ocr_line' id='line_1_42' title="bbox 305 2457 1743 2513; baseline 0 -15"><span class='ocrx_word' id='word_1_345' title='bbox 305 2460 456 2499; x_wconf 83' lang='lat' dir='ltr'>Fuerat</span> <span class='ocrx_word' id='word_1_346' title='bbox 500 2460 564 2498; x_wconf 83' lang='lat' dir='ltr'>hic</span> <span class='ocrx_word' id='word_1_347' title='bbox 610 2461 822 2500; x_wconf 71' lang='lat' dir='ltr'>Anatolius</span> <span class='ocrx_word' id='word_1_348' title='bbox 864 2469 981 2501; x_wconf 82' lang='lat' dir='ltr'>antea</span> <span class='ocrx_word' id='word_1_349' title='bbox 1021 2461 1213 2513; x_wconf 83' lang='lat' dir='ltr'>Magister</span> <span class='ocrx_word' id='word_1_350' title='bbox 1253 2459 1424 2497; x_wconf 83' lang='lat' dir='ltr'>militum</span> <span class='ocrx_word' id='word_1_351' title='bbox 1452 2457 1656 2507; x_wconf 85' lang='lat' dir='ltr'>Orientis,</span> <span class='ocrx_word' id='word_1_352' title='bbox 1696 2466 1743 2498; x_wconf 87' lang='lat' dir='ltr'>ut</span> 
     </span>
     <span class='ocr_line' id='line_1_43' title="bbox 305 2512 1739 2569; baseline -0.001 -16"><span class='ocrx_word' id='word_1_353' title='bbox 305 2521 472 2554; x_wconf 84' lang='lat' dir='ltr'>testatur</span> <span class='ocrx_word' id='word_1_354' title='bbox 495 2516 529 2553; x_wconf 85' lang='lat' dir='ltr'>T</span> <span class='ocrx_word' id='word_1_355' title='bbox 534 2515 771 2555; x_wconf 77' lang='lat' dir='ltr'>heodoretus</span> <span class='ocrx_word' id='word_1_356' title='bbox 799 2519 840 2555; x_wconf 90' lang='lat' dir='ltr'>in</span> <span class='ocrx_word' id='word_1_357' title='bbox 874 2519 989 2569; x_wconf 81' lang='lat' dir='ltr'>epist.</span> <span class='ocrx_word' id='word_1_358' title='bbox 1019 2514 1089 2566; x_wconf 74' lang='lat'>45.</span> <span class='ocrx_word' id='word_1_359' title='bbox 1121 2521 1159 2553; x_wconf 90' lang='lat' dir='ltr'>et</span> <span class='ocrx_word' id='word_1_360' title='bbox 1182 2513 1438 2553; x_wconf 82' lang='lat' dir='ltr'>Marcellinus</span> <span class='ocrx_word' id='word_1_361' title='bbox 1470 2512 1509 2550; x_wconf 90' lang='lat' dir='ltr'>in</span> <span class='ocrx_word' id='word_1_362' title='bbox 1525 2513 1739 2552; x_wconf 75' lang='lat' dir='ltr'>Chronico.</span> 
     </span>
     <span class='ocr_line' id='line_1_44' title="bbox 307 2567 1740 2622; baseline -0.001 -15"><span class='ocrx_word' id='word_1_363' title='bbox 307 2570 401 2620; x_wconf 84' lang='lat' dir='ltr'>Quo</span> <span class='ocrx_word' id='word_1_364' title='bbox 424 2577 607 2608; x_wconf 86' lang='lat' dir='ltr'>revocato</span> <span class='ocrx_word' id='word_1_365' title='bbox 630 2578 674 2608; x_wconf 89' lang='lat' dir='ltr'>ut</span> <span class='ocrx_word' id='word_1_366' title='bbox 700 2572 945 2622; x_wconf 79' lang='lat' dir='ltr'>praesentale</span> <span class='ocrx_word' id='word_1_367' title='bbox 973 2570 1245 2622; x_wconf 82' lang='lat' dir='ltr'>Magisterium</span> <span class='ocrx_word' id='word_1_368' title='bbox 1273 2567 1466 2619; x_wconf 82' lang='lat' dir='ltr'>acciperet</span> <span class='ocrx_word' id='word_1_369' title='bbox 1490 2596 1500 2616; x_wconf 90' lang='lat'>‚</span> <span class='ocrx_word' id='word_1_370' title='bbox 1516 2568 1624 2606; x_wconf 86' lang='lat' dir='ltr'>Zeno</span> <span class='ocrx_word' id='word_1_371' title='bbox 1636 2567 1740 2607; x_wconf 86' lang='lat' dir='ltr'>Isan-</span> 
     </span>
     <span class='ocr_line' id='line_1_45' title="bbox 306 2622 1735 2675; baseline -0.001 -13"><span class='ocrx_word' id='word_1_372' title='bbox 306 2637 376 2662; x_wconf 85' lang='lat' dir='ltr'>rus</span> <span class='ocrx_word' id='word_1_373' title='bbox 404 2625 445 2662; x_wconf 92' lang='lat' dir='ltr'>in</span> <span class='ocrx_word' id='word_1_374' title='bbox 474 2626 556 2663; x_wconf 84' lang='lat' dir='ltr'>eius</span> <span class='ocrx_word' id='word_1_375' title='bbox 584 2625 714 2663; x_wconf 83' lang='lat' dir='ltr'>locum</span> <span class='ocrx_word' id='word_1_376' title='bbox 743 2626 862 2664; x_wconf 86' lang='lat' dir='ltr'>subro</span> <span class='ocrx_word' id='word_1_377' title='bbox 889 2634 977 2665; x_wconf 87' lang='lat' dir='ltr'>atus</span> <span class='ocrx_word' id='word_1_378' title='bbox 1005 2633 1080 2672; x_wconf 86' lang='lat' dir='ltr'>est,</span> <span class='ocrx_word' id='word_1_379' title='bbox 1109 2631 1155 2662; x_wconf 85' lang='lat' dir='ltr'>ut</span> <span class='ocrx_word' id='word_1_380' title='bbox 1180 2623 1327 2663; x_wconf 88' lang='lat' dir='ltr'>indicat</span> <span class='ocrx_word' id='word_1_381' title='bbox 1355 2622 1515 2660; x_wconf 86' lang='lat' dir='ltr'>Priscus</span> <span class='ocrx_word' id='word_1_382' title='bbox 1535 2637 1578 2675; x_wconf 82' lang='lat' dir='ltr'>p.</span> <span class='ocrx_word' id='word_1_383' title='bbox 1603 2622 1656 2673; x_wconf 81' lang='lat'>69</span> <span class='ocrx_word' id='word_1_384' title='bbox 1688 2623 1735 2661; x_wconf 88' lang='lat' dir='ltr'>B.</span> 
     </span>
    </p>

    <p class='ocr_par' dir='ltr' id='par_1_9' title="bbox 307 2673 1741 2788">
     <span class='ocr_line' id='line_1_46' title="bbox 415 2673 1740 2733; baseline -0.002 -15"><span class='ocrx_word' id='word_1_385' title='bbox 415 2678 516 2733; x_wconf 83' lang='lat' dir='ltr'>Pag.</span> <span class='ocrx_word' id='word_1_386' title='bbox 536 2693 602 2733; x_wconf 83' lang='lat'>7¹·</span> <span class='ocrx_word' id='word_1_387' title='bbox 617 2680 666 2717; x_wconf 89' lang='lat' dir='ltr'>D.</span> <span class='ocrx_word' id='word_1_388' title='bbox 684 2678 801 2733; x_wconf 80' lang='lat'>[213,</span> <span class='ocrx_word' id='word_1_389' title='bbox 821 2680 861 2719; x_wconf 87' lang='grc'>6.</span> <span class='ocrx_word' id='word_1_390' title='bbox 908 2677 945 2719; x_wconf 80' lang='grc' dir='ltr'>οἱ</span> <span class='ocrx_word' id='word_1_391' title='bbox 962 2676 1012 2731; x_wconf 69' lang='grc' dir='ltr'>δή</span> <span class='ocrx_word' id='word_1_392' title='bbox 1029 2677 1104 2725; x_wconf 71' lang='grc' dir='ltr'>τὰς</span> <span class='ocrx_word' id='word_1_393' title='bbox 1132 2673 1267 2730; x_wconf 80' lang='grc' dir='ltr'><em>ἆρχὰς</em></span> <span class='ocrx_word' id='word_1_394' title='bbox 1286 2674 1568 2727; x_wconf 69' lang='grc' dir='ltr'><em>ἀναβεβήκασι</em></span> <span class='ocrx_word' id='word_1_395' title='bbox 1588 2673 1740 2723; x_wconf 79' lang='grc' dir='ltr'><strong><em>πάσας.</em></strong></span> 
     </span>
     <span class='ocr_line' id='line_1_47' title="bbox 307 2730 1741 2788; baseline 0.001 -16"><span class='ocrx_word' id='word_1_396' title='bbox 307 2732 417 2773; x_wconf 77' lang='lat' dir='ltr'>naec</span> <span class='ocrx_word' id='word_1_397' title='bbox 457 2733 579 2774; x_wconf 82' lang='lat' dir='ltr'>verba</span> <span class='ocrx_word' id='word_1_398' title='bbox 624 2747 829 2788; x_wconf 78' lang='lat' dir='ltr'>perperam</span> <span class='ocrx_word' id='word_1_399' title='bbox 865 2737 983 2777; x_wconf 78' lang='lat' dir='ltr'>vertit</span> <span class='ocrx_word' id='word_1_400' title='bbox 1011 2735 1210 2787; x_wconf 81' lang='lat' dir='ltr'>Interpres</span> <span class='ocrx_word' id='word_1_401' title='bbox 1223 2763 1237 2783; x_wconf 86' lang='lat'>,</span> <span class='ocrx_word' id='word_1_402' title='bbox 1283 2732 1353 2786; x_wconf 84' lang='lat' dir='ltr'>qui</span> <span class='ocrx_word' id='word_1_403' title='bbox 1388 2731 1592 2771; x_wconf 76' lang='lat' dir='ltr'>notionem</span> <span class='ocrx_word' id='word_1_404' title='bbox 1627 2730 1741 2773; x_wconf 74' lang='lat' dir='ltr'>verbi</span> 
     </span>
    </p>
   </div>
  </div>
 </body>
</html>
