1924 3164
292 171 368 228 66
868 184 1147 233 EXCERPTA

293 292 469 334 διπλοῦν
494 292 645 347 θηρίον
671 288 903 339 ἀποκαλῶν,
934 284 1128 328 ἀλώπεκα
1154 286 1227 327 καί
1252 287 1409 339 λέοντα,
1437 287 1594 339 μᾶλλον
1623 284 1730 340 ἔφα-

290 374 364 401 σκε
392 360 618 414 φοβεῖσθαι
652 354 727 411 τήν
757 351 973 395 ἀλώπεκα·
1031 353 1312 408 Κωνσταντίῳ
1343 352 1389 393 δὲ
1416 354 1522 394 λέων
1548 354 1627 404 μὲν
1654 346 1731 391 οὖ-

291 421 376 473 δείς
404 423 569 478 παρῆν,
629 417 782 471 πολλαὶ
807 418 854 459 δὲ
882 414 1094 466 ἀλώπεκες
1122 414 1258 476 κύκλῳ
1287 417 1612 474 περι-τρέχουσαι
1642 418 1729 458 διε-

289 489 503 546 θορύβουν
527 486 596 528 τὸν
625 484 845 540 Καίσαρα.

399 553 439 596 ι’.
494 554 630 594 Πᾶσα
667 552 703 592 δ’
745 549 771 606 ἦ
814 552 888 604 βία
925 547 1000 603 τὴν
1037 547 1207 606 γραφὴν
1246 546 1350 590 κατὰ
1387 547 1519 603 μικρὰ
1560 546 1634 589 καὶ
1663 545 1759 599 ἒπίὄ

289 617 583 663 Κωνστάντιον
622 616 818 673 φέρεται,
856 614 929 657 καί
963 616 1048 657 τών
1090 614 1159 655 ὑπ’
1188 613 1343 657 ἐκείνου
1373 614 1662 669 πραττομένων
1687 611 1734 655 ἕ-

287 700 436 728 καστον
471 684 696 737 ἀναγαγεῖν
734 680 806 723 ἐπὶ
839 680 1012 738 καιρούς
1050 683 1150 724 καθ’
1201 677 1277 729 οὓς
1311 681 1464 734 ἐγίνετο
1501 678 1575 721 καὶ
1612 679 1735 721 συνέη
1766 695 1769 697 “

287 766 448 793 πιπτεν.

404 814 504 858 Τότε
533 812 585 869 δὴ
614 812 637 855 ὅ
667 810 955 861 Κωνστάντιος
980 814 1046 869 ἐφ’
1090 808 1151 862 οἷς
1185 810 1271 854 ἔδει
1311 812 1561 868 δυσφορῶν,
1604 811 1677 851 καί
1710 804 1736 849 ὃ

287 879 494 937 ἔπραττεν
531 877 759 928 Ἰουλιανὸς
807 877 976 933 ἔλεγχον
1002 880 1078 933 τῆς
1106 876 1215 927 ἰδίας
1241 875 1457 932 βασιλείας
1483 870 1786 929 ὖπολαμβάηιο

287 962 392 999 νων,
442 942 518 994 τάς
552 961 596 987 τε
643 945 900 1000 δηλουμένας
935 943 1162 993 ἐπινικίους
1202 941 1349 1000 ἑορτὰς
1389 944 1448 992 εἷς
1485 943 1638 991 πένθος
1664 940 1737 982 καὶ

286 1009 515 1068 συμφορὰν
554 1013 804 1065 μετέβαλλε,
847 1012 919 1052 καί
958 1008 1290 1066 διοιστρούμενος
1336 1008 1420 1050 ὖπὸ
1461 1008 1625 1066 φθόνου
1664 1009 1737 1049 καί

287 1076 421 1134 λύπης
448 1075 552 1134 πρὸς
579 1076 652 1120 τὸν
678 1075 886 1133 ἐμφύλιον
911 1075 1123 1131 ἐξώγκωτο
1152 1074 1347 1130 πόλεμον.

385 1138 519 1186 ’Έοικε
549 1144 628 1197 μὲν
655 1138 730 1184 οὖν
758 1144 831 1185 καί
859 1138 994 1191 ἄλλως
1021 1142 1042 1184 ὃ
1070 1139 1223 1198 χρόνος
1251 1142 1296 1184 ἐν
1321 1145 1414 1190 ταῖς
1450 1144 1632 1196 μακραῖς
1659 1155 1734 1181 πε-

289 1209 445 1266 ριόδοις
482 1205 561 1251 καῖ
590 1208 775 1264 κινήσεσι
822 1205 1019 1258 πολλάκις
1066 1207 1138 1249 ἐπὶ
1186 1209 1363 1250 τοιαῦτα
1413 1205 1789 1263 καταφέρεσθαιιό·

287 1272 580 1328 συμπτώματα
592 1288 607 1327 ,’
654 1272 843 1329 καθάπερ
885 1272 925 1315 οἱ
963 1275 1022 1330 τῷ
1062 1274 1228 1331 Δαρείῳ
1269 1270 1494 1320 συστάντες
1533 1273 1605 1313 ἐπὶ
1641 1267 1737 1319 τούς

287 1340 450 1395 μάγους
476 1335 585 1395 ἦσαν
613 1336 739 1391 ἔπτὰ,
781 1337 853 1380 καί
879 1338 919 1380 οἱ
947 1342 1113 1388 πολλοῖς
1151 1334 1323 1395 ὕστερον
1342 1335 1514 1393 χρόνοις
1548 1333 1735 1392 Ἀρσάκῃ

290 1404 398 1448 κατὰ
427 1402 691 1447 Μακεδόνων
719 1406 1034 1459 συνεγερθέντες
1061 1402 1146 1445 ἴσοι
1173 1402 1247 1446 τὸν
1276 1401 1461 1460 ἀριθμόν
1489 1400 1652 1456 ἔτυχον.
1721 1455 1731 1468 ⁸

166 1480 286 1529 R·²⁵9
402 1470 619 1526 Συνορῶσι
647 1471 708 1523 δὲ,
746 1465 813 1510 ὅτι
854 1468 1107 1524 θερμότητος
1150 1470 1228 1522 μὲν
1268 1470 1403 1510 δεῖται
1428 1469 1502 1510 καί
1528 1466 1660 1523 ὅρμῆς
1687 1481 1733 1508 το
1769 1507 1773 1510 ,

291 1535 495 1592 ἀσφαλές·
535 1534 582 1577 τὸ
619 1533 701 1590 γὰρ
741 1536 818 1590 τῆς
857 1532 1037 1589 ἀνάγκης
1079 1533 1195 1590 παρὰ
1239 1532 1372 1584 πόδας
1409 1530 1555 1585 ἑστὸς,
1583 1533 1794 1587 σκῆψιναο

291 1598 446 1656 ἥκιστα
473 1598 758 1654 ἐκδεχόμενον,
786 1598 1094 1656 προσχρότερον
1121 1601 1295 1641 α’παιτεῖ
1313 1598 1386 1642 τὸν
1413 1599 1615 1648 κίνδυνον.

404 1664 473 1712 ια’.
521 1663 615 1707 ’Ότι
646 1667 746 1721 περί
773 1667 849 1720 τῆς
891 1664 1115 1720 στρατείας
1147 1666 1222 1719 τῆς
1261 1664 1367 1706 κατὰ
1408 1664 1633 1720 Ναρδινῶν
1663 1677 1741 1704 πο-

383 1779 417 1812 9.
443 1764 533 1813 ἔδει]
558 1767 710 1812 χαίρειν
733 1765 811 1800 ἔδει
833 1765 875 1798 Ν.
972 1777 1026 1800 no.
1040 1763 1148 1803 ἑστὸς
1163 1791 1173 1807 ,
1203 1766 1348 1809 σκῆψιν
1370 1765 1423 1805 Β.,
1448 1763 1658 1808 ἔπισκῆψιν
1681 1762 1736 1797 ed.

385 1824 441 1848 αι.
466 1811 766 1859 προχειρότερον
789 1812 882 1847 coni.
915 1812 953 1845 B.
1071 1823 1127 1846 22.
1150 1810 1371 1858 ’Λλαμανῶν
1395 1811 1488 1844 coni.
1509 1811 1548 1843 B.

291 1903 367 1936 lare
394 1902 555 1942 solebat,
579 1902 724 1947 vulpem
751 1906 860 1946 atque
887 1900 1051 1946 leonem;
1078 1899 1143 1934 sed
1165 1904 1287 1934 tamen
1310 1900 1422 1946 magis
1443 1900 1588 1945 vulpem
1608 1899 1736 1932 timere

291 1960 329 1983 se
355 1949 487 1983 aiebat.
537 1947 748 1982 Constantio
778 1947 898 1982 hercle
921 1947 1050 1989 nullu-s⁴
1069 1948 1126 1992 leo
1166 1947 1309 1989 aderat,
1343 1946 1408 1981 sed
1441 1947 1576 1981 multae
1608 1945 1734 1991 vulpes

292 1995 590 2030 circumsilientes
615 1996 800 2040 negotium
827 1994 971 2027 Caesari
999 1993 1232 2035 facessebant.

388 2052 440 2077 ιο.
489 2041 562 2075 Sed
583 2042 692 2087 plane
716 2051 861 2074 necesse
886 2046 951 2081 est,
971 2045 1012 2074 ut
1039 2040 1212 2086 paulatim
1237 2040 1390 2074 historia
1412 2038 1459 2081 ad
1484 2038 1736 2072 Constantium

292 2099 438 2135 quoque
463 2087 652 2130 deflectat,
677 2092 788 2134 atque
813 2092 855 2122 ut
879 2088 956 2121 eius
982 2099 1036 2122 tes
1062 2092 1177 2133 gestas
1200 2087 1422 2132 temporibus
1447 2095 1628 2132 quamque
1660 2085 1735 2118 suis

292 2135 455 2169 collocet.

384 2182 489 2215 Tunc
513 2192 597 2216 vero
627 2180 883 2221 Constantius,
912 2190 1005 2226 quae
1033 2190 1098 2223 par
1121 2185 1220 2220 erat,
1252 2174 1405 2214 moleste
1427 2179 1570 2220 ferens,
1605 2183 1642 2213 et
1673 2179 1735 2212 Iu·

291 2226 382 2259 liani
409 2227 571 2263 facinora
595 2228 696 2272 regni
722 2228 778 2260 sui
803 2227 1107 2271 vituperationem
1128 2226 1354 2267 existimans,
1383 2225 1653 2271 triumphales,
1668 2226 1734 2279 qui

292 2272 424 2306 indicti
462 2279 584 2314 erant,
620 2274 730 2307 festos
767 2272 845 2306 dies
879 2273 926 2304 ad
962 2273 1099 2305 luctum
1133 2274 1344 2319 txistemque
1381 2284 1501 2307 casum
1526 2273 1734 2317 transtu11t3

292 2319 503 2365 invidiaque
530 2326 567 2354 et
591 2319 714 2354 dolore
739 2319 861 2353 furens
898 2318 945 2351 ad
970 2319 1076 2352 civile
1102 2318 1238 2352 bellum
1261 2320 1438 2365 prorupit·

387 2365 568 2410 Tempora
593 2377 850 2411 saepenumero
875 2365 950 2399 visa
978 2371 1063 2399 sunt
1084 2366 1199 2411 longis
1221 2365 1382 2410 periodis
1415 2378 1455 2400 ac
1486 2366 1732 2409 conversioni—

292 2410 362 2445 bus
387 2411 433 2445 ad
457 2412 602 2446 eosdem
626 2413 745 2447 redire
770 2423 880 2447 casus,
928 2412 1054 2445 Veluti
1077 2412 1145 2458 qui¹
1168 2423 1249 2446 cum
1273 2412 1385 2446 Dario
1411 2412 1581 2446 adversus
1611 2423 1732 2456 magos

294 2458 600 2503 conspiraverunt,
629 2466 765 2504 septem
783 2464 1070 2493 numeroerant:
1105 2463 1143 2492 et
1165 2463 1250 2502 post
1267 2463 1430 2504 tempora
1457 2459 1569 2492 multa
1591 2457 1644 2499 hi,
1667 2457 1732 2504 qui

295 2515 375 2538 cum
399 2504 528 2538 Arsace
554 2512 679 2539 contra
701 2506 914 2540 Macedonas
940 2505 1228 2545 rebellaverunt,
1254 2505 1333 2550 pari
1356 2515 1505 2546 numero
1540 2504 1700 2542 suerunt,

385 2551 599 2596 Intelligunt
630 2558 762 2594 autem,
794 2562 883 2596 opus
921 2563 998 2585 esse
1027 2550 1153 2584 ardore
1190 2556 1226 2584 et
1256 2551 1392 2596 impetu
1431 2550 1476 2584 ad
1510 2550 1731 2585 efficiendam

295 2598 531 2632 securitatem.
580 2597 744 2643 Namque
784 2599 918 2632 instans
956 2599 1168 2638 necessitas,
1214 2597 1538 2631 considerationem
1580 2598 1730 2635 minime

293 2644 459 2689 patiens,
479 2644 678 2689 proximius
701 2644 862 2678 vindicat
885 2645 956 2678 sibi
980 2644 1191 2689 periculum.

392 2702 443 2724 ιι.
490 2688 543 2724 De
567 2690 699 2724 bellica
724 2689 955 2734 expeditione
981 2690 1146 2725 adversus
1171 2689 1372 2729 Naulinos,
1412 2700 1503 2736 quae
1527 2691 1644 2725 varios
1669 2701 1744 2730 car

297 2747 355 2770 sus
382 2741 529 2783 experta
554 2742 628 2778 est,
652 2736 779 2770 scribit
802 2736 880 2781 ipse
908 2737 1068 2771 Iulianus
1094 2748 1173 2770 cum
1196 2735 1286 2770 alibi
1312 2735 1403 2777 alia,
1427 2743 1506 2770 tum
1528 2738 1570 2771 iu
1593 2738 1729 2783 episto·

1911 2079 1921 2504 mae-52:⁶22<
