1838 3210
689 181 762 224 DE
798 179 1039 224 MALGHO.
1464 181 1595 223 XXXI

145 292 218 324 aut
245 292 401 340 partem
426 298 529 340 quae
564 284 821 339 praecederet
857 285 910 325 ab
935 284 1072 339 aliquo
1102 284 1172 339 qui
1199 285 1381 325 catenam
1407 284 1598 325 historiae

148 352 409 404 conficiebat,
438 351 662 392 cuiusmodi
691 350 827 404 plures
859 353 1051 391 exstitisse
1077 357 1233 391 constat
1246 380 1259 403 ‚
1304 352 1497 402 recisam3
1527 359 1599 390 aut

147 431 212 457 res
254 432 278 457 a
319 418 583 458 Constantino
619 417 681 457 M.
720 431 848 472 usque
889 418 943 458 ad
967 418 1095 458 Prisci
1140 417 1263 457 finem
1289 418 1448 458 diverso
1475 432 1598 472 opere

145 483 453 538 comprehensas
481 483 616 523 fuisse.

255 550 419 604 Ingenio
451 556 492 589 et
511 546 742 604 eloquentia
757 549 861 589 infra
878 550 1079 602 Priscum,
1110 564 1133 591 a
1151 551 1296 592 Photio
1315 550 1496 605 quidem,
1525 551 1596 604 qui

146 629 240 654 eum
269 618 433 657 canonis
451 615 642 656 historiae
668 617 794 656 instar
821 631 904 657 esse
923 619 981 657 ait
996 647 1008 669 ‚
1037 617 1144 658 ultra
1171 619 1382 658 veritatem
1409 616 1597 656 laudibus

148 681 277 721 elatus
291 711 304 733 ‚
332 689 466 721 tamen
495 683 601 722 inter
619 682 739 722 valde
758 682 887 735 bonos
906 682 1097 723 historiae
1112 691 1297 723 auctores
1322 682 1596 722 numerandus

145 754 222 786 est.
279 747 317 787 A
345 748 573 788 Christiana
591 747 786 803 religione
811 763 895 788 non
923 749 1101 789 alienum
1127 750 1248 790 fuisse
1263 780 1274 799 ‚
1305 749 1475 789 Photius
1502 763 1596 802 per-

145 809 282 854 hibet:
319 815 429 868 quod
455 828 529 868 per
555 828 598 855 se
623 829 770 869 parum
799 823 887 866 est3
917 830 1062 856 verum
1091 816 1133 855 id
1164 817 1325 870 ipsum,
1355 823 1403 855 ut
1429 830 1454 855 a
1482 814 1596 854 Clas-

147 892 245 918 seno
271 881 378 920 inter
407 879 774 921 confabulationem
801 881 904 921 mihi
934 881 1193 922 observatum
1221 882 1313 933 fuit,
1347 880 1440 936 plus
1475 896 1598 935 quam

147 945 192 983 in
218 944 335 985 illum
362 946 504 987 cadere
525 946 690 987 videtur
715 948 787 1000 qui
815 947 1059 1002 Pamprepio
1078 954 1161 987 tam
1189 956 1326 1002 aperte
1352 948 1498 988 faveat.

257 1012 402 1053 Suidas
439 1028 473 1053 s.
515 1027 560 1053 v.
583 1028 596 1053 ε
643 1011 829 1065 Μάλχος
868 1008 1104 1063 Βυζάντιος
1145 1009 1368 1069 σοφιστής·
1415 1010 1599 1066 ἔγραψεν

149 1072 344 1131 ἱστορίαν
379 1075 462 1117 άπὸ
507 1078 582 1131 τῆς
622 1077 840 1130 βασιλείας
868 1078 1212 1130 Κωνσταντίνου,
1255 1077 1329 1119 καὶ
1353 1079 1432 1126 ἕως
1462 1078 1600 1119 Ἀνα-

145 1141 346 1195 στασίου,
373 1142 418 1183 ἐν
443 1135 472 1199 ᾗ
500 1140 552 1184 τά
580 1140 685 1184 κατὰ
713 1140 891 1197 Ζήνωνα
922 1141 996 1184 καὶ
1020 1141 1291 1195 Βασιλίσκον,
1319 1142 1394 1184 καί
1417 1140 1490 1184 τὸν
1520 1144 1597 1194 ἐμν-

147 1208 341 1263 πρησμὸν
366 1209 440 1262 τῆς
469 1209 673 1263 δημοσιάς
702 1204 997 1264 βιβλιοθήκης,
1040 1207 1114 1250 καί
1139 1210 1221 1250 τῶν
1249 1207 1500 1262 α’γαλμάτων
1526 1211 1600 1249 τοῦ

147 1266 473 1327 Αιῖγουστείου,
510 1273 584 1314 καὶ
607 1269 716 1315 ἄλλά
745 1289 838 1315 τινα
871 1274 1130 1329 διεξέρχεται
1161 1272 1278 1327 μάλα
1305 1275 1494 1327 σεμνῶς,
1526 1272 1602 1315 καὶ

147 1337 379 1396 τραγῳδίας
405 1337 523 1394 δίκην
551 1338 804 1394 άποθρηνῶν
832 1336 958 1381 affui.

257 1407 444 1447 Pno‘rtus
473 1407 563 1447 cod.
596 1406 665 1462 78.
690 1422 703 1447 ε
754 1402 1024 1460 Ἀνεγνιόσθη
1053 1403 1240 1459 Μάλχου
1279 1405 1481 1461 σοφιστοῦ
1506 1407 1598 1446 Βυ-

147 1470 349 1523 ζαντιακά
379 1504 392 1526 ,
420 1470 465 1514 ἓν
489 1473 667 1526 βιβλίοις
694 1467 812 1514 ἑπτά.
868 1467 1043 1527 ἄρχεται
1069 1472 1148 1524 μὲν
1173 1473 1218 1522 ἐξ
1247 1464 1298 1512 οὗ
1324 1471 1494 1513 Λέοντα
1524 1468 1597 1512 τὸν

145 1539 326 1592 βασιλέα
353 1537 379 1593 ἦ
407 1535 529 1586 νόσος
558 1539 721 1592 ἐπίεζε,
761 1537 894 1596 τούτῳ
932 1538 979 1579 δὲ
1007 1537 1082 1591 τῆς
1109 1537 1326 1590 βασιλείας
1351 1534 1444 1585 ἔτος
1471 1532 1598 1577 ἑπτα-

146 1604 386 1645 καιδέκατον
412 1606 672 1659 παρετείνετο
689 1619 700 1631 ·
748 1603 960 1660 διέρχεται
998 1604 1045 1644 δὲ
1072 1603 1149 1657 τήν
1173 1618 1216 1644 τε
1244 1600 1438 1658 Ζήνωνος
1464 1598 1596 1658 ἄνᾶρ’-

146 1668 297 1725 ρησιν,
327 1667 401 1710 καὶ
433 1667 511 1724 τὴν
550 1666 777 1726 ὑπερόριον
815 1671 890 1725 τῆς
930 1665 1313 1724 βασιλείου-δόξης
1341 1665 1596 1723 διατριβήν,

145 1737 220 1777 καί
243 1734 320 1791 τὴν
345 1737 605 1777 Βασιλίσκου
637 1732 895 1792 ἄνᾶρ’ῥησιν,
917 1733 991 1776 καὶ
1015 1733 1092 1790 τήν
1116 1735 1190 1790 τῆς
1215 1733 1463 1789 ἁλουργίδος
1489 1734 1597 1774 cind-

145 1803 288 1854 θεσιν,
315 1799 391 1842 καί
414 1799 493 1855 τήν
519 1799 592 1842 ἐπὶ
614 1803 667 1858 τῇ
692 1804 886 1859 βασιλείᾳ
915 1798 1043 1843 πάλιν
1071 1799 1252 1842 κάθοδον
1272 1798 1492 1854 Ζήνωνος,
1519 1798 1597 1853 τήν

146 1880 195 1907 τε
224 1867 303 1907 τοῦ
331 1868 633 1921 προειρημένου
661 1867 922 1909 Βασιλίσκου
962 1864 1034 1907 διὰ
1072 1865 1221 1922 ξάρους
1261 1865 1507 1921 ἀναίρεσιν,
1546 1859 1599 1919 ἧς

144 1929 220 1972 καὶ
262 1928 367 1985 γυνή
395 1929 471 1972 καὶ
495 1933 618 1973 τέκνα
660 1931 891 1988 παρανόμῳ
920 1930 1055 1986 κρίσει
1082 1929 1374 1984 ἐκοινώνησαν.
1430 1931 1502 1971 καί
1530 1926 1597 1971 ὅτι

137 1995 356 2051 Ἀρμάτος
384 1996 406 2037 ὃ
437 1994 615 2052 Ζήνωνα
642 1995 832 2051 κατάγων
860 1993 1055 2050 τοιαύτης
1085 1995 1358 2049 α’ντιμισθίας
1386 1991 1629 2048 οἶποόνατο,’Ὶ

148 2061 220 2104 διὰ
254 2059 486 2119 Ὀνούλφου
531 2061 754 2115 δεξάμενος
792 2061 869 2116 τὴν
896 2058 1079 2116 σφαγήν.
1138 2057 1418 2114 διαλαμβάνει
1445 2062 1493 2103 δὲ
1523 2059 1599 2102 καί

144 2127 221 2184 τήν
255 2129 516 2183 Θευδερίχου
550 2131 626 2170 τοῦ
650 2124 886 2182 Ὀτριαρίου
918 2129 1037 2184 (Τρ.)
1069 2127 1244 2180 στάσιν,
1275 2125 1350 2168 καὶ
1374 2124 1450 2182 τήν
1482 2128 1594 2168 Θευ-

146 2195 316 2249 δερίχου
344 2195 417 2236 τοῦ
444 2194 729 2248 Μαλαμείρου
763 2193 911 2251 (Βαλ.)
950 2194 1115 2249 φιλίαν,
1166 2196 1240 2236 καί
1275 2192 1350 2235 τὸν
1379 2190 1486 2248 πρὸς
1518 2190 1595 2235 τὸν

144 2263 222 2302 τοῦ
245 2260 483 2316 Ὀτριαρίου
515 2262 631 2318 (Ty.)
662 2260 921 2314 Θευδέριχον
947 2256 1151 2313 πόλεμον,
1179 2257 1255 2301 καί
1278 2257 1354 2314 τὴν
1378 2257 1483 2300 κατὰ
1504 2257 1594 2313 Ζή-

122 2325 276 2375 ’νωνος
302 2323 428 2367 πάλιν
455 2326 626 2379 στάσιν,
665 2326 738 2367 καί
776 2323 853 2380 τήν
882 2327 1145 2380 ΙΥΙαρκιανοῦ
1172 2321 1454 2368 ἐπανάστασιν
1474 2357 1485 2374 ,
1522 2325 1598 2365 καί

146 2390 229 2446 πρό
270 2407 315 2446 γε
342 2388 494 2434 τούτου
519 2390 595 2448 τὴν
620 2395 693 2448 τῆς
722 2392 929 2447 πενθερᾶς
943 2393 1130 2447 Βηρίνης
1153 2388 1404 2446 ἐπιβουλὴν,
1428 2389 1501 2432 καί
1518 2388 1597 2445 τήν

146 2455 219 2499 διὰ
249 2457 374 2498 τοῦτο
415 2459 649 2513 φυγαδειάν
675 2456 753 2513 τὴν
782 2458 942 2509 ἀΐδιον,
983 2456 1056 2499 καί
1079 2455 1151 2513 τὴν
1176 2454 1283 2499 κατά
1311 2450 1459 2498 Ἴλλου
1488 2455 1594 2512 πρό-

146 2537 266 2578 τερον
292 2521 516 2578 ἐπιβουλήν
535 2526 697 2582 Βηρίνῃ
726 2525 1112 2576 συσκευασθεῖσαν,
1141 2521 1213 2565 καί
1239 2521 1315 2578 τὴν
1336 2518 1594 2575 Ἐπιδάμνου

145 2586 229 2629 ’ὕπὸ
259 2589 519 2644 Θευδερίχου
548 2591 625 2631 τοῦ
651 2588 939 2644 Μαλαμείρου
969 2590 1116 2647 (Βαλ.)
1149 2589 1194 2631 ἐν
1237 2587 1344 2646 δόλῳ
1384 2587 1594 2641 κατάσχε-

146 2668 228 2695 σιν.
282 2656 415 2696 ταῦτα
461 2653 626 2705 διεξιών
667 2657 836 2708 διέξεισι
871 2654 945 2697 καὶ
968 2653 1022 2697 τὰ
1048 2654 1121 2697 ἐπὶ
1139 2655 1332 2710 Ῥώμης,
1379 2654 1454 2695 καί
1477 2655 1593 2703 τέλος

145 2721 223 2762 τοῦ
262 2717 448 2773 ἑβδόμου
490 2719 614 2776 λόγου
643 2728 820 2764 ποιεῖται
846 2719 919 2764 τὸν
947 2722 1147 2771 Νέπωτος
1173 2721 1369 2774 θάνατον,
1398 2717 1442 2769 ὅς
1467 2719 1592 2773 ἐκβα-

146 2782 230 2827 λών
253 2787 322 2841 τῆς
352 2786 486 2842 ἀρχῆς
524 2788 752 2845 Γλυκέριον
792 2784 866 2844 τήν
893 2803 939 2830 τε
978 2786 1216 2843 Ῥωμαϊκὴν
1241 2785 1367 2842 ἰσχὺν
1394 2784 1590 2843 περιεβά-
