1924 3164
311 142 422 214 ‚248
560 194 564 198 Δ
897 150 1179 194 EXCERPTA

123 271 217 314 ΑΕ.
234 260 562 318 &mutuandum
589 255 816 303 συστάντες
843 254 888 296 ἒν
915 254 968 309 τῇ
986 251 1267 307 Θεσσαλονίκῃ
1295 247 1367 292 τὸν
1393 246 1586 306 ὕπαρχον
1609 244 1755 292 'leodr-

191 318 380 381 Ιῐι(1·2νην
402 322 605 380 προϊόντα
628 318 880 378 φυλάξαντες
900 315 1091 373 ξιφήρεις
1114 312 1326 372 ὥρμησαν·
1358 316 1432 357 καί
1447 312 1612 371 ὡρίσθη
1634 311 1752 369 παρὰ

131 365 395 441 Zenon-615²)
421 389 616 444 Ζήνωνος
639 381 940 437 Ἀδαμάντιος,
970 385 1043 424 καί
1071 384 1208 423 ταῦτα
1235 382 1499 435 κατέστησεν.
1537 377 1558 420 ὅ
1588 381 1635 422 δὲ
1663 382 1755 421 Βα-

314 457 520 511 λαμήρου,
550 454 595 494 ἐν
623 444 657 509 ᾧ
683 447 736 491 τοὶ
766 451 838 504 τῆς
853 448 1157 502 Θεσσαλονίκης
1183 448 1355 501 ἐγένετο,
1375 446 1473 500 περὶ
1502 444 1755 500 “Ηράκλειαν

314 519 477 574 ἔμενεν,
520 515 594 558 καί
633 513 704 557 ἐπὶ
729 512 805 569 τήν
835 508 1039 568 ’Ἠπειρον
1065 514 1219 565 πέμπει
1246 509 1352 567 πρὸς
1379 510 1678 564 Σιδιμοῢνδον,
1707 503 1780 551 ἐκό

316 587 395 640 μὲν
431 584 507 637 τῆς
549 580 678 635 αὐτῆς
722 580 859 635 φυλῆς
898 576 943 620 τό
975 574 1175 620 ἀνέκαθεν
1203 571 1324 630 ὅντα,
1366 577 1566 618 δοκοῦντα
1595 575 1640 616 δὲ
1666 573 1758 622 τότε

314 647 425 695 εἶναι
460 648 686 700 Ῥωμαίοις
715 642 1006 697 ὑπόσπονδον,
1038 645 1110 690 καί
1136 645 1180 685 ἐν
1209 645 1260 700 τῇ
1287 644 1374 687 κατ’
1397 642 1648 695 Ἐπίδαμνον
1679 640 1759 682 Ἠ-

314 716 445 771 πείρῳ
475 712 623 769 χώραν
650 727 697 753 τε
725 710 947 764 νεμόμενον
974 708 1049 752 καὶ
1071 706 1300 762 εὐδαίμονα
1329 711 1506 764 κλῆρον,
1544 708 1616 749 καί
1639 702 1757 761 παρὰ

315 779 524 834 βασιλέως
554 774 780 831 δεχόμενον
811 773 1040 825 συντάξεις.
1086 773 1263 828 ἄνεψιός
1291 775 1338 815 δὲ
1360 769 1411 829 ἦν
1440 767 1558 823 οὗτος
1585 772 1762 826 Αἰδοΐγ-

278 853 416 900 βγου,
444 845 629 900 Βηρίνης
654 858 699 884 τε
726 842 908 895 μάλιστα
937 836 1054 890 ὄντος
1091 836 1341 885 οἰκειοτάτου
1371 837 1444 881 καί
1468 837 1544 895 τήν
1581 839 1666 884 τῶν
1693 840 1815 878 λε-ῐο

315 910 504 965 γομένων
531 906 786 961 δομεστίκων
814 905 950 963 οἰρχήν
987 901 1217 962 ἄρχοντος,
1261 902 1445 961 μεγάλην
1487 901 1583 947 τινὰ
1630 897 1761 945 οὖσαν

317 979 403 1026 τῶν
429 973 529 1031 περὶ
553 975 747 1029 βασιλέα,
793 971 900 1029 πρὸς
925 973 1069 1015 τοῦτον
1098 965 1173 1014 οὖν
1199 969 1357 1024 ἔπεμπε
1367 1005 1381 1025 ,
1410 972 1481 1026 τῆς
1506 986 1550 1013 τε
1579 970 1763 1018 παλαιᾶς

321 1040 450 1084 αὐτὸν
476 1042 717 1095 συγγενείας
744 1036 1083 1094 ἀναμιμνήσκων,
1111 1039 1187 1079 καί
1212 1037 1341 1088 ἀξιῶν
1361 1039 1544 1092 ἐξευρεῖν
1563 1038 1636 1078 καί
1653 1051 1764 1087 ovav-

321 1109 484 1164 πρᾶξαι
507 1103 673 1162 τρόπον,
714 1105 766 1146 δι’
797 1099 850 1146 οὗ
883 1106 959 1159 τῆς
989 1120 1033 1146 τε
1054 1101 1306 1156 Ἐπιδάμνου
1334 1105 1407 1144 καί
1431 1104 1501 1157 τῆς
1529 1095 1657 1157 ἄλλης
1688 1101 1764 1142 Ἠ·-

321 1173 470 1227 πείρου
500 1172 699 1227 δυνηθείη
728 1166 939 1226 κρατήσας
966 1170 1113 1224 στῆναι
1151 1170 1227 1224 τῆς
1251 1169 1404 1223 πολλῆς
1430 1167 1598 1222 πλάνης,
1625 1168 1699 1208 καί
1724 1164 1817 1214 ἶ-ιό

325 1234 486 1293 δρυσας
522 1233 671 1278 ἑαυτὸν
709 1237 754 1278 ἐν
797 1234 917 1276 πόλει
953 1236 1028 1276 καί
1063 1233 1244 1288 τείχεσιν
1272 1234 1466 1276 ἐντεῦθεν
1497 1230 1554 1283 ὥς
1581 1227 1632 1274 ἂν
1660 1231 1762 1288 διδῷ

322 1302 529 1354 δέχεσθαι
557 1298 604 1342 τὸ
634 1303 877 1354 συμβαῖνον.
933 1301 1210 1352 Σιδιμοῧνδος
1250 1300 1297 1341 δὲ
1333 1301 1472 1341 ταῦτα
1499 1299 1598 1353 παρ’
1627 1297 1764 1339 αὐτοῦ’

323 1364 570 1419 δεξάμενος,
620 1364 694 1407 καί
737 1364 952 1420 βάρβαρος
986 1361 1188 1424 βαρβάρῳ
1229 1368 1435 1407 συνοικεῖν
1470 1358 1499 1418 ἢ
1537 1363 1774 1417 Ῥωμαίοις

318 1427 581 1486 ἡγησάμενος
604 1436 816 1486 κρεῖττον,
854 1428 992 1473 ἐλθών
1019 1432 1079 1480 εἰς
1100 1427 1352 1483 Ἐπίδαμνον
1381 1428 1456 1472 καὶ
1487 1430 1575 1488 ἰδίᾳ
1608 1427 1763 1482 μετιών

280 1497 407 1541 praba
443 1496 626 1542 πολιτῶν
669 1497 839 1541 ἕκαστον
881 1493 938 1544 οἷς
976 1497 1105 1550 δῆθεν
1143 1497 1235 1542 κατ’
1263 1490 1429 1543 εὔνοιαν
1465 1492 1816 1548 συνεβούλευεναο

323 1560 483 1614 ᾳῦτοΐς,
514 1557 542 1602 ἅ
560 1575 605 1603 τε
633 1560 804 1610 ἕκαστος
832 1558 944 1616 ἔχει,
973 1562 1127 1603 θᾶττον
1153 1560 1483 1614 ὖπεκτίθεσθαι,
1511 1558 1584 1602 καί
1610 1555 1767 1607 αὐτους

323 1622 354 1682 ἢ
379 1628 439 1676 εἷς
466 1623 617 1682 νήσους
640 1620 666 1683 ἢ
694 1624 814 1674 πόλιν
842 1640 914 1667 ποι
941 1625 1154 1678 σώζεσθαι
1188 1628 1339 1681 λέγων,
1368 1625 1425 1676 (ὃς
1450 1622 1665 1681 βάρβαρος
1695 1625 1769 1667 ἐπὶ

416 1717 450 1750 3.
475 1717 543 1748 τοῦ
568 1714 609 1749 Ζ.
640 1716 732 1754 coni.
758 1717 795 1750 B.
937 1716 1164 1763 Βαλαμήρου
1188 1716 1288 1757 val„
1321 1713 1390 1751 τὸν
1413 1712 1643 1762 Βαλαμὴρου
1668 1714 1765 1760 ναις,

424 1773 476 1797 ιο.
495 1763 657 1809 Βηρίνης
682 1763 784 1805 vat,
808 1762 969 1810 Γηρήνης
992 1764 1085 1814 vulg.
1183 1763 1234 1808 14.
1258 1771 1298 1797 τε
1319 1763 1379 1803 Β.,
1403 1763 1472 1796 τοῦ
1495 1762 1590 1811 vulg.

326 1841 395 1882 tii,
433 1839 582 1881 milites,
609 1840 673 1884 qui
698 1840 978 1875 Thessalonicae
1003 1842 1043 1875 in
1067 1841 1257 1886 praesidiis
1282 1847 1402 1883 erant,
1427 1842 1599 1876 Ioannem
1620 1840 1767 1886 praefe-

327 1893 447 1928 ctum,
472 1896 544 1931 qua
570 1888 698 1928 exiret,
735 1888 968 1922 observantes
1002 1887 1130 1932 gladiis
1164 1889 1320 1933 aggressi
1352 1894 1445 1923 sunt.
1494 1888 1588 1921 Huic
1618 1887 1766 1932 negotio

327 1933 440 1966 finem
474 1933 651 1976 imposuit
673 1933 909 1968 Adamantius
944 1946 988 1968 ex
1016 1935 1238 1979 praescripto
1263 1936 1414 1969 Zenonis
1440 1940 1478 1970 et
1503 1935 1592 1969 haec
1613 1934 1765 1978 pacavit.

274 2013 288 2022 ,
327 1978 426 2012 Dum
447 1978 538 2012 haec
561 1978 841 2013 Thessalonicae
873 1981 1110 2026 gerebantur,
1136 1981 1421 2024 Theuderichus,
1448 1981 1622 2015 Valamiri
1648 1980 1768 2023 filius,

329 2025 423 2061 circa
443 2025 654 2059 Heracleam
680 2031 918 2060 commoratus
933 2052 943 2068 ‚
967 2028 1006 2060 in
1019 2028 1168 2072 Epirum
1198 2028 1246 2061 ad
1269 2027 1521 2062 Sidimundum
1546 2026 1669 2060 mittit.
1718 2027 1768 2068 ls,

331 2082 377 2105 ex
401 2071 529 2106 eodem
553 2082 683 2115 genere
710 2078 748 2105 et
770 2073 970 2107 maioribus
996 2079 1114 2115 ortus,
1140 2080 1227 2108 tunc
1247 2075 1418 2119 temporis
1452 2072 1666 2108 credebatur
1692 2073 1769 2107 Ro-.-

328 2128 520 2151 manorum
553 2120 687 2152 amicus
716 2130 802 2155 esse.
852 2120 997 2153 Etenim
1028 2121 1211 2166 regionem
1242 2122 1335 2154 circa
1358 2119 1596 2166 Epidamnum
1628 2120 1768 2153 incole«

329 2163 413 2204 bat,
439 2175 532 2208 quae
556 2166 613 2206 illi
646 2176 689 2201 ex.
712 2165 916 2199 hereditate
942 2167 1117 2210 opulenta
1142 2166 1356 2208 obvenerat,
1391 2172 1428 2200 et
1454 2167 1521 2199 sub
1546 2167 1767 2209 Imperatore

331 2210 515 2253 stipendia
538 2211 711 2245 merebat.
760 2213 846 2246 Erat
867 2212 928 2246 hic
946 2212 1123 2257 Aedoingi
1145 2213 1340 2258 patruelis,
1364 2213 1428 2259 qui
1451 2213 1555 2247 valde
1579 2211 1770 2247 familiar-i·

330 2259 389 2288 ter
412 2257 540 2292 Berina
565 2257 754 2299 utebatur,
789 2264 826 2292 et
851 2269 924 2299 eos,
951 2260 1015 2312 qui
1040 2260 1228 2293 domestici
1250 2264 1443 2299 vocantur,
1481 2259 1648 2302 regebat,
1674 2270 1768 2306 quae

332 2300 486 2346 dignitas
511 2315 673 2349 magnam
698 2304 810 2338 habet
833 2305 872 2338 in
896 2316 1001 2349 regiaN
1018 2307 1277 2339 auctoritatem.
1327 2306 1383 2340 Ad
1398 2304 1496 2338 hunc
1519 2305 1631 2350 igitur
1654 2307 1769 2347 misit,

332 2347 523 2391 antiquam
555 2352 806 2394 cognationem
841 2352 881 2384 in
911 2353 1119 2385 memoriam
1143 2351 1335 2386 revocabat
1359 2357 1396 2386 et
1419 2352 1568 2392 orabat,
1608 2356 1650 2385 ut
1672 2353 1769 2387 viam

332 2394 510 2438 reperiret
533 2402 570 2430 et
594 2397 765 2437 efficeret,
792 2408 863 2443 qua
887 2398 1088 2442 Epidamno
1113 2404 1151 2432 et
1173 2399 1337 2444 reliquae
1355 2398 1456 2442 Epiri
1487 2397 1674 2433 dominatu
1700 2410 1768 2444 po-

329 2441 482 2481 tiretur,
519 2443 584 2475 ubi
609 2448 693 2486 post
716 2448 773 2476 tot
797 2455 935 2478 errores
961 2445 1325 2489 consistereposset,
1359 2449 1397 2477 et
1431 2445 1504 2477 suis
1541 2444 1648 2478 rebus
1675 2445 1767 2479 urhe

333 2490 371 2519 et
393 2487 584 2521 moenib‘us
610 2489 770 2529 firmatis,
796 2500 898 2523 casus
935 2502 1026 2537 quos
1051 2491 1197 2524 fortuna
1226 2490 1347 2531 daret,
1373 2496 1604 2534 exspectaret.
1640 2492 1687 2524 Ut
1707 2492 1767 2525 Si,

334 2532 529 2567 dimundus
560 2534 649 2567 haec
682 2534 726 2568 ab
760 2536 825 2568 illo
863 2539 1021 2581 accepit,
1064 2536 1238 2571 barbarus
1273 2548 1353 2570 cum
1383 2536 1535 2570 barbaro
1577 2538 1767 2583 coniungi,

333 2589 441 2624 quam
469 2590 548 2613 cum
566 2580 752 2621 Romanis,
777 2583 888 2617 satius
916 2594 992 2616 esse
1018 2583 1131 2617 duxit.
1179 2585 1304 2628 Itaque
1319 2582 1556 2627 Epidamnum
1580 2584 1711 2625 venit,'
1730 2589 1769 2617 et

330 2624 502 2668 privatim
529 2637 823 2673 unumquemque
847 2630 980 2664 civium
1007 2630 1245 2669 circumiens,
1268 2634 1440 2674 tanquam
1465 2630 1624 2674 ipsorum
1657 2631 1767 2664 saluti

333 2671 540 2715 providens,
562 2673 754 2706 consilium
778 2674 899 2715 dedit,
923 2681 964 2708 ut
987 2675 1122 2718 omnia,
1145 2686 1237 2722 quae
1261 2676 1416 2721 quisque
1440 2675 1609 2721 haberet,
1636 2688 1767 2722 exporv

334 2719 449 2760 taret,
487 2723 524 2753 et
547 2729 584 2753 se
611 2729 748 2766 suaque
774 2722 894 2761 omnia
916 2722 956 2755 in
978 2723 1133 2764 insulas,
1167 2726 1232 2756 aut
1253 2723 1295 2764 in
1324 2722 1483 2769 aliquam
1507 2724 1615 2764 aliam
1639 2723 1766 2763 urbem
