1924 3164
514 176 571 217 lN
609 175 857 218 ECLOGAS
902 175 1297 219 oLYMPmnom.
1518 158 1629 215 563

208 281 212 283 “
274 295 277 297 “
296 277 402 331 Pag.
419 276 460 317 5.
474 278 658 343 D.·[451‚
678 279 764 334 17.]
777 281 980 320 Iulianum
1012 281 1155 320 deinde
1174 271 1220 321 eo
1244 282 1330 336 ipso
1355 290 1529 336 tempor-e
1549 282 1634 322 No-

163 332 412 373 bilissimum
435 337 669 374 nommavit.
726 336 792 374 Sic
819 337 969 389 quippe
997 337 1279 390 corrigendum
1297 337 1489 375 mendum
1517 344 1635 391 typo-

163 389 322 428 ·thetae
366 388 608 442 negligentia
654 389 882 430 inductum.
940 390 1184 430 Nobilissimi
1227 391 1462 445 dignitatem
1490 407 1563 446 per
1590 407 1638 432 ea

168 449 369 497 »tempora
397 444 676 498 Augustorum
705 445 796 484 filiis
817 453 887 484 aut
903 447 1140 499 propinquis
1158 447 1352 486 tributam
1368 448 1508 486 videor
1536 447 1639 487 mihi

187 499 418 539 observasse
445 500 648 552 quendam
675 500 802 539 veluti
831 502 1001 554 gradum
1028 502 1079 540 ad
1125 502 1303 541 Caesaris
1330 517 1479 542 nomen
1507 502 1639 556 digni-

186 561 392 608 tatemque
420 556 628 594 exstitisse.
686 556 824 609 Neque
858 555 976 609 longe
1014 556 1260 605 abeundum,
1302 572 1396 596 cum
1423 557 1640 612 Olympio-

189 609 312 649 dorus
339 617 476 649 noster
502 610 625 663 paulo
653 617 744 662 post
773 618 910 663 aperte
938 612 1532 664 pronuntiet,Valentinianum
1545 610 1636 662 HL,

189 666 261 717 qui
288 666 498 718 superstite
538 667 759 703 etiamnum
790 667 972 704 Honorio
1002 666 1132 705 dictus
1173 667 1303 706 fuerat
1341 668 1641 720 Nobffissimus,

189 719 419 772 impellente
451 720 618 759 fratrem
649 719 854 767 Placidia‚
897 728 986 774 post
1030 722 1201 760 Honorii
1237 730 1410 762 mortem
1451 725 1766 765 restitutov.201

175 796 178 799 v
188 775 368 828 primum
396 774 743 828 Constantinopoli
772 775 1019 815 Nobilissimi
1047 776 1195 827 titulo,
1234 785 1322 816 tum
1360 779 1468 817 iussu
1507 778 1646 818 Theo-

189 829 291 868 dosii
320 830 627 869 Thessalonicae
657 831 869 870 Caesarem
895 839 1175 884 nuncupatum
1192 862 1202 879 ‚
1245 847 1291 871 ac
1320 829 1465 872 deinde
1493 830 1646 874 'Romae

189 884 244 923 ab
274 884 443 924 Helione
471 886 648 924 Patricio
674 893 714 925 et
751 886 976 925 officiorum
1012 888 1206 940 Magistro
1236 888 1498 940 Imperatoria
1535 895 1646 929 veste

190 940 381 979 indutum
409 940 546 979 fuisse.
604 942 667 979 De
700 955 798 980 voce
824 941 989 980 consule
1018 942 1167 980 Iulium
1193 942 1401 982 Caesarem
1433 943 1647 998 Bullenge-

174 1009 285 1034 rrum
313 995 363 1034 de
393 996 499 1049 Imp.
529 995 735 1044 Romano,
770 997 963 1035 Iacobum
983 996 1226 1035 Gutherium
1254 997 1305 1037 de
1332 995 1472 1038 officiis
1489 999 1647 1039 Domus

191 1049 424 1104 Augustae,
462 1051 685 1090 Meur’sium
724 1058 763 1089 et
803 1051 838 1089 F
841 1052 1046 1090 abrottum
1093 1052 1134 1090 in
1180 1052 1416 1101 Glossariis‚
1448 1053 1644 1108 aliosque.

193 1106 279 1144 Nec
303 1104 548 1158 superfluum
581 1106 685 1145 forte
711 1106 833 1144 fuerit
859 1107 926 1145 hic
955 1108 1181 1155 monuisse,
1222 1108 1374 1161 duplici
1406 1109 1647 1163 plerumque

174 1161 432 1213 ·compendio
461 1175 609 1199 nomen
639 1161 741 1199 illud
782 1161 938 1208 efferri,
973 1161 1039 1200 vel
1082 1162 1251 1214 simplici
1292 1164 1359 1211 N„
1390 1171 1436 1202 ut
1463 1166 1506 1202 in
1536 1165 1647 1204 fastis
1677 1196 1687 1209 „

191 1217 447 1269 nummisque
475 1216 696 1267 veteribus,
722 1215 788 1254 vel
817 1216 970 1270 syllaba
998 1217 1150 1270 integra
1168 1217 1290 1267 Nob.‚
1328 1226 1374 1257 ut
1412 1219 1520 1272 apud
1552 1218 1646 1258 lda-

193 1272 299 1309 tium
337 1272 379 1308 in
430 1271 540 1309 fastis
578 1270 889 1322 consularibus,
936 1272 1135 1310 Ricimere
1184 1279 1222 1310 et
1262 1270 1458 1313 Clearcho
1490 1272 1643 1313 Coss.:

194 1326 290 1380 Ipso
314 1340 420 1364 anno
442 1335 555 1364 natus
575 1335 631 1364 est
647 1326 852 1365 Honorius
879 1326 983 1365 Nob.
1005 1328 1046 1365 in
1063 1328 1253 1380 purpuris
1276 1328 1343 1366 die
1355 1328 1411 1367 ss.
1430 1330 1499 1368 Id.
1518 1329 1645 1383 Sept.²

194 1395 270 1434 pro
298 1395 378 1433 quo
418 1381 583 1433 quidam
610 1381 714 1419 male
753 1382 1001 1420 substituunt
1029 1381 1165 1419 Nobis.
1225 1382 1459 1422 Notandum
1487 1394 1650 1438 quoque

194 1434 513 1489 Philostorgium
541 1443 730 1474 tmemate
768 1450 827 1475 10.
858 1436 929 1475 lib.
969 1450 1033 1474 12.
1065 1448 1147 1475 non
1177 1434 1363 1476 Latinam
1391 1453 1560 1485 vocem,
1603 1446 1650 1477 ut

195 1489 535 1558 Olympiodorus,
567 1491 637 1530 sed
665 1492 860 1530 Graecam
886 1504 1111 1544 usurpasse,
1156 1487 1230 1542 τήν
1265 1492 1340 1530 τοῦ
1366 1488 1651 1547 ἐπιφανεστάε-

194 1558 270 1584 του
306 1545 343 1584 οἷ’
359 1560 442 1584 ιαν.

309 1550 414 1653 Ιὲας.
436 1599 476 1640 5.
497 1601 551 1639 D.
573 1599 686 1654 [45¹³
707 1597 796 1656 πο]
826 1603 888 1641 De
917 1602 1036 1651 Iovii,
1052 1598 1249 1641 Praefecti
1263 1598 1474 1641 Praetorio
1503 1610 1542 1642 et
1570 1603 1651 1643 Pa-

196 1656 379 1694 triciatus
407 1655 601 1708 dignitate
629 1657 809 1696 sublimis
828 1687 840 1707 ,
880 1656 1132 1709 aliorumque
1160 1657 1212 1695 ab
1242 1658 1424 1695 Honorio
1451 1656 1571 1697 missa
1600 1659 1653 1697 ad

199 1710 386 1750 Attalum
416 1710 613 1762 legatione
631 1740 642 1760 ‚
682 1712 942 1764 eiusdemque
985 1712 1086 1750 Iovii
1123 1711 1290 1774 perfidia
1318 1710 1510 1764 legendus
1539 1714 1654 1752 Zosi-=

199 1779 291 1804 mus
306 1795 321 1811 ‚
356 1764 449 1803 licet
474 1764 671 1803 nonnulla
699 1767 901 1812 omiserit,
933 1780 1036 1818 quae
1053 1766 1104 1804 ad
1126 1765 1405 1804 illustrandam
1422 1774 1654 1819 temporum

198 1818 364 1859 illorum
393 1819 601 1858 historiam
630 1823 822 1873 excerpsit
837 1817 1023 1859 Photius.
1085 1821 1224 1873 Neque
1250 1820 1350 1858 mihi
1378 1820 1536 1872 placere
1556 1830 1649 1874 pot-

203 1882 263 1914 est
295 1875 529 1926 Interpretis
555 1876 682 1913 nostri
710 1877 835 1913 nimia
863 1877 904 1913 in
934 1875 1072 1914 eadem
1101 1888 1200 1913 voce
1230 1874 1523 1924 inconstantia,
1553 1877 1653 1916 dum

203 1930 325 1969 modo
355 1930 533 1976 Iovium‚
566 1930 686 1968 modo
715 1931 923 1969 Iobz‘cmum
941 1961 951 1978 ,
982 1930 1104 1968 modo
1133 1927 1390 1968 Iovim'anum
1420 1938 1552 1972 vocat.

318 1984 420 2036 Pag.
439 1985 477 2022 5.
498 1985 552 2022 D.
569 1984 679 2038 [455
697 1984 783 2038 21.]
810 1981 960 2024 Valens
975 1986 1170 2039 utriusque
1192 1985 1358 2023 militiae
1380 1986 1482 2024 dax·
1543 1984 1657 2025 Ζοεί-1

203 2054 295 2079 mus
334 2039 651 2078 Dalmaticarum
691 2040 893 2093 legionum
922 2039 1176 2078 Praefectum
1205 2053 1250 2077 ac
1278 2041 1517 2093 Magistrum
1545 2043 1660 2094 equi-1

202 2102 294 2133 tum
310 2096 503 2141 nominat,
537 2101 577 2132 et
607 2094 658 2132 ab
678 2095 899 2145 Alaricho,
930 2095 1027 2133 dum
1056 2094 1187 2132 adhuc
1215 2095 1259 2132 in
1286 2094 1364 2133 fide
1392 2094 1532 2134 Attalo
1562 2097 1657 2135 data

194 2156 505 2202 perseveraret,
535 2149 588 2187 ob
616 2150 854 2201 proditionis
882 2151 1146 2202 suspicionem
1178 2146 1432 2188 interfectum
1461 2150 1616 2189 scribit.

323 2205 428 2257 Pag.
450 2204 491 2242 6.
512 2204 561 2243 A.
587 2203 698 2258 [452‚
728 2204 790 2257 8.]
819 2205 1042 2244 Eusebium
1071 2204 1349 2257 Praepositum
1379 2201 1550 2258 φύλακα
1582 2202 1658 2245 τοῦ

207 2259 425 2308 κοιτῶνος,
455 2259 532 2297 hoc
558 2267 636 2308 est,
677 2259 919 2313 προεστῶτα
958 2260 1042 2298 τῶν
1073 2259 1304 2306 βασιλικῶν
1331 2255 1555 2310 κοιτοόνων,
1585 2275 1659 2313 ap-

209 2314 336 2367 pellat
363 2314 546 2352 Zosimus
574 2314 646 2352 lib.
679 2314 718 2354 5.
752 2315 843 2368 pag.
875 2313 971 2353 821.
1004 2314 1191 2353 editionis
1219 2313 1510 2380 SJlburgianae
1529 2330 1540 2365 3
1559 2357 1564 2366 .
1581 2315 1658 2354 Al-

211 2368 418 2407 lobichum
453 2383 550 2407 vero
588 2369 672 2408 sive
702 2369 960 2408 Ellebichum
998 2363 1070 2407 τὸν
1113 2369 1196 2408 τῶν
1239 2368 1396 2409 ennean)
1429 2367 1659 2422 ἡγούμενον

212 2420 287 2462 καί
314 2420 417 2474 μετὰ
446 2420 714 2474 Βιγιλάντιον
739 2418 951 2476 ὕπαρχον.
980 2424 1080 2462 Eius
1107 2438 1246 2463 necem
1270 2425 1408 2476 paucis
1428 2425 1660 2479 perstringit

216 2478 401 2517 Hermias
432 2479 675 2517 Sozomenus
706 2478 779 2517 lib.
808 2493 849 2532 9.
882 2492 970 2531 cap.
1011 2492 1091 2525 12„
1117 2479 1189 2517 ubi
1217 2479 1439 2519 Alabichus
1469 2486 1660 2531 corrupta

212 2546 314 2572 voce
341 2533 502 2572 dicitur.
561 2532 678 2571 Alius
704 2547 802 2572 vero
840 2533 892 2572 ab
933 2547 979 2572 eo
1007 2535 1291 2573 existimandus
1319 2541 1379 2587 est
1415 2531 1628 2572 Edobccus
1645 2562 1656 2583 ‚

216 2589 301 2626 sive
319 2588 568 2637 Edobincus,
591 2588 844 2626 Constantini
870 2595 888 2626 t
917 2589 1033 2626 ranni
1060 2589 1242 2641 partibus
1263 2589 1467 2637 addictus,
1499 2589 1549 2627 de
1577 2598 1658 2641 quo

217 2641 336 2695 plura
371 2643 478 2681 idem
523 2644 705 2682 Hermias
733 2643 844 2681 citati
883 2602 955 2681 llib.
985 2657 1103 2697 capp.
1138 2644 1201 2683 13.
1235 2652 1274 2683 et
1310 2639 1371 2695 14.
1403 2651 1443 2683 ct
1479 2643 1659 2681 Renatus

207 2697 463 2736 *Profuturus
490 2697 724 2751 Frigeridus
739 2727 750 2746 ‚
791 2698 907 2736 cuius
933 2712 1016 2736 non
1044 2697 1219 2752 ignobile
1246 2699 1515 2751 fragmentum
1543 2695 1584 2736 in
1610 2697 1660 2736 Ιί-1

216 2751 338 2791 hrum
368 2765 409 2791 2.
468 2753 669 2792 Historiae
703 2753 923 2792 Francicae
949 2753 1118 2794 coniecit
1152 2753 1369 2807 Gregorius
1397 2749 1706 2793 Turonensisffl.
1729 2751 1773 2800 93
