1924 3164
563 176 632 217 Ex
672 174 889 219 EUNAPn
916 174 1195 218 ‘mm-oum.
1433 195 1436 198 ⁴
1514 157 1593 232 49

148 280 219 323 ὑπ’
244 276 590 334 ἄντιζηλοτυπίας
615 274 730 335 αὐτῷ
753 276 859 336 πρὸς
884 277 983 327 τούς
1000 274 1401 332 συμβασιλεύοντας,
1431 279 1476 321 οἳ
1494 282 1644 326 παῖ’-Α,
1657 288 1779 334 (3.370

150 347 220 395 δες
244 347 322 400 μὲν
349 340 460 400 ἦσαν
487 339 690 400 ἀδελφοῦ,
725 342 819 399 (καὶ
842 345 1068 399 γέγραπται
1096 340 1207 386 οὕτω
1233 342 1471 400 πρότερον,)
1518 343 1594 399 τὴν
1604 337 1681 371 1¹⁸¹·
1699 336 1721 379 4

149 412 368 466 βασιλείαν
408 410 456 450 δὲ
495 409 728 465 διῃρῆσθαι
770 406 875 449 κατὰ
905 411 1018 464 σφᾶς
1044 407 1241 462 ἐδόκουν,
1285 404 1364 463 τήν
1391 381 1776 464 διανομῆνἾιιᾸΛὸ

152 473 230 518 οὔκ
257 472 480 529 ἐνεγκόντες
497 472 570 516 ε’πί
583 471 652 515 τὸν
670 476 811 515 θεῖον.
837 473 995 515 τούτων
1023 472 1074 528 δὴ
1104 477 1236 527 ἕνεκα,
1253 471 1328 517 καί
1353 473 1410 523 ὥς
1435 472 1595 530 μεγάλῃ

126 538 370 598 ὅπροσθήκῃ
406 537 456 581 τὸ
479 537 713 591 Ῥωμαϊκὸν
737 537 945 592 αὐξήσων,
976 541 1182 594 δεχθῆναι
1210 537 1370 580 κελεύει
1398 538 1496 588 τοὺς
1525 534 1599 582 ἇν-

152 609 272 663 δρας,
289 605 342 649 τὰ
370 602 478 647 ὅπλα
495 605 813 656 καταθεμένους.
842 603 942 660 πρὶν
961 606 1006 647 δὲ
1018 604 1093 660 την
1111 603 1306 659 διάβασιν
1328 605 1374 646 ἐκ
1395 606 1599 658 βασιλέως

151 673 450 727 ἐπιτραπῆναι,
497 671 675 711 Σκυθῶν
705 667 744 711 οἱ
769 668 1075 724 τολμηρότατοι
1101 669 1175 712 καὶ
1201 671 1409 719 αὐθάδεις
1440 670 1597 725 βιάσα-

152 739 256 778 σθαι
281 734 350 779 τὸν
377 732 507 790 πόρον
533 733 739 789 ἔγνωσαν,
766 733 842 775 καὶ
862 733 1105 789 βιαζόμενοι
1132 733 1430 790 κατεκόπησαν.
1483 735 1523 778 οἱ
1555 738 1641 779 δὲῙ)

155 803 482 858 διαφθείραντες
508 797 579 842 τὸν
609 799 871 858 ἆπόδασμον,
897 801 1048 843 τοῦτον
1075 802 1151 856 τῆς
1177 816 1222 842 τε
1252 796 1385 856 ἀρχῆς
1412 803 1596 856 παρελύ-

101 871 290 923 ιοθησαν
315 864 512 922 καὶπερὶ
536 870 623 915 τοῖς
660 864 851 918 σώμασιν
891 866 1212 920 ἐκινδύνευσαν,
1263 862 1331 908 ὅτι
1374 870 1707 929 πολεμιόυςν,,4

157 935 420 990 διέφθειραν.
474 930 518 979 οἳ
539 946 585 972 τε
612 929 1050 990 παραδυναστεόοντες
1085 934 1260 985 βασιλεῖ
1280 932 1354 973 καί
1377 931 1604 985 δυνάμενοι

158 1001 353 1052 μέγιστον
379 997 606 1051 κατεγέλων
633 995 773 1038 αὐτῶν
811 994 856 1038 τὸ
900 991 1180 1053 φιλοπόλεμον
1219 997 1295 1038 καί
1319 995 1605 1062 στρατηγικὸν,

153 1061 394 1112 πολιτικούς
420 1064 467 1105 δὲ
495 1058 570 1103 οὐκ
598 1060 762 1119 ἔφασαν
789 1057 908 1104 εἶναι.
951 1059 973 1102 ὃ
1000 1064 1079 1116 μὲν
1104 1061 1186 1118 γὰρ
1216 1061 1416 1116 βασιλεὺς
1443 1064 1487 1114 ἐξ
1509 1059 1607 1106 ’.Αν-

159 1128 344 1183 τιοχείας
372 1118 592 1186 ἐπέτρεπεν
619 1128 763 1178 αὐτοῖς
800 1126 875 1184 τήν
909 1128 1087 1183 ,ἀχρεῖον
1115 1127 1280 1182 ἡλικίαν
1307 1130 1473 1183 πρῶτον
1500 1128 1606 1169 ὑπο-

101 1196 402 1249 Διόδεξαμένοις
432 1195 506 1235 καί
530 1195 865 1249 παραπέμψασιν
887 1194 946 1243 εἰς
970 1192 1044 1249 τὴν
1069 1191 1308 1248 Ῥωμαϊκήν
1330 1191 1606 1250 ἐπικράτειαν,

164 1262 238 1302 καί
261 1259 417 1316 ταύτην
444 1261 505 1308 εἷς
533 1256 733 1314 ὁμηρείαν
759 1260 963 1319 ἀσφαλῶς
985 1261 1248 1313 κατέχουσιν,
1277 1260 1494 1312 ἐπιστῆναι
1517 1264 1608 1307 ταῖς

159 1322 334 1380 ὄχθαις,
358 1324 438 1374 καὶ
460 1322 520 1379 μὴ
549 1321 749 1380 πρότερον
775 1321 876 1373 τούς
901 1324 1116 1380 μαχίμους
1140 1326 1342 1375 δέξασθαι
1369 1325 1610 1376 διαβαίνον-

157 1407 274 1444 tac,
299 1392 408 1446 μηδὲ
434 1388 486 1432 τὰ
514 1393 640 1432 πλοῖα
667 1379 903 1446 παρασχεῖν
940 1393 984 1439 ἐς
1009 1389 1084 1445 τὴν
1110 1392 1365 1446 περαιῖοαιν,
1406 1391 1447 1432 εἰ
1471 1388 1530 1446 μή
1558 1385 1611 1431 vd

161 1452 270 1498 ὅπλα
299 1457 576 1508 καταθέμενοι
601 1457 754 1510 γυμνοί
779 1457 1033 1509 διαβαίνοιεν
1048 1486 1061 1499 .
1117 1454 1158 1499 οἱ
1201 1456 1247 1497 δὲ
1273 1458 1406 1499 ταῦτα
1433 1456 1707 1511 §natea-{pao

103 1526 332 1574 nonense,
385 1520 425 1569 ὅ,
436 1522 516 1575 μὲν
553 1522 599 1569 ἐκ
635 1523 719 1564 τῶν
758 1521 1068 1576 διαβεβηκότων
1102 1516 1188 1576 ἤρα
1223 1520 1452 1575 παιδαρίου
1491 1519 1607 1568 τινος

161 1589 317 1643 λευκοῦ
343 1588 418 1631 καί
438 1586 663 1642 χαρίεντος
691 1584 766 1642 τὴν
795 1581 911 1640 ὄψιν,
942 1585 965 1628 ὅ
994 1588 1042 1629 δὲ
1067 1586 1180 1643 ἦλέει
1204 1584 1397 1641 γυναικὸς
1425 1581 1607 1643 εὖπροσ-

220 1711 222 1714 ,
255 1677 287 1711 5.
312 1675 486 1718 αὐξήσων
496 1675 540 1710 Ν.
554 1700 567 1718 ,
592 1675 762 1719 αὐξῆσαν
783 1676 880 1722 vulg,
1013 1678 1048 1712 6.
1082 1675 1260 1723 διάβασιν
1296 1676 1484 1717 Boisson.,
1521 1673 1606 1708 διά-

253 1726 368 1758 θεσιν
392 1723 486 1770 vulg.
584 1724 635 1759 16.
661 1722 865 1758 ἐπιστάναι
887 1723 983 1769 vulg.

163 1805 326 1841 habebat
337 1817 418 1840 cum
442 1805 514 1846 his,
539 1807 603 1852 qui
634 1808 828 1852 imperium
852 1818 932 1841 cum
957 1818 1000 1841 eo
1025 1806 1210 1842 tenebant.
1258 1806 1371 1840 Erant
1394 1811 1515 1841 autem
1539 1806 1609 1840 filii

162 1854 310 1895 fratris,
351 1852 654 1898 quemadmodum
687 1859 725 1886 et
746 1865 855 1897 supra
887 1853 1023 1887 dictum
1048 1861 1122 1894 est,
1160 1853 1224 1887 sed
1245 1854 1303 1886 illi
1338 1854 1609 1898 imperatoriam

161 1905 385 1946 potestatem
419 1899 515 1932 inter
539 1910 577 1932 se
602 1899 834 1933 dividendam
858 1904 1071 1941 statuerant,
1102 1910 1176 1932 non
1191 1901 1323 1945 *patrui
1346 1899 1499 1933 arbitrio
1523 1911 1609 1945 per-

163 1948 274 1981 missa
299 1944 492 1980 divisione.
540 1945 605 1977 His
630 1946 746 1978 causis
771 1945 972 1990 impulsus,
1004 1951 1084 1978 tum
1108 1947 1219 1979 etiam
1246 1946 1333 1990 quia
1366 1947 1522 1980 maxims
1546 1956 1611 1980 ac-

166 1995 284 2027 cessio
313 1991 502 2037 potentiae
527 1990 622 2025 foret
647 1991 840 2031 Romania,
875 1991 984 2025 iussit
1011 1990 1160 2035 Scythas
1185 1991 1352 2031 admitti,
1374 1992 1484 2025 modo
1511 2003 1609 2025 arma

166 2040 405 2085 deponerent.
428 2038 635 2084 Antequam
647 2039 822 2072 traiectus
836 2036 988 2070 essetab
998 2038 1220 2083 Imperatore
1238 2048 1441 2079 concessus,
1458 2038 1610 2082 Scytha-

167 2098 248 2120 rum
274 2084 486 2119 audaciores
511 2090 549 2117 et
572 2085 742 2118 elatiores
775 2084 967 2119 transitum
991 2085 1064 2118 sibi
1087 2085 1123 2116 vi
1148 2084 1289 2129 aperire
1314 2085 1606 2126 constituerunt,

169 2133 235 2166 sed
256 2133 294 2166 vi
318 2130 455 2176 repulsi
479 2129 592 2164 deleti
616 2137 712 2165 sunt.
747 2131 795 2164 At
818 2130 888 2170 illi,
913 2131 978 2175 qui
1002 2142 1080 2164 eam
1100 2131 1310 2174 Scytharum
1334 2133 1512 2165 exercitus
1528 2143 1614 2176 par·-

168 2185 244 2213 tem
268 2188 479 2224 oppressam
505 2178 758 2218 confecerant,
790 2177 1000 2220 magistratu
1023 2178 1156 2222 privati
1180 2181 1266 2210 sunt
1289 2181 1326 2211 et
1357 2178 1487 2222 capitis
1511 2179 1612 2222 peri—

169 2226 292 2259 culum
314 2224 504 2265 adierunt,
536 2225 624 2270 quia
649 2225 774 2258 hostes
798 2222 1080 2262 trucidaverant.
1127 2223 1202 2268 Qui
1225 2229 1346 2258 autem
1371 2224 1468 2268 apud
1492 2225 1612 2268 Impe-

168 2276 326 2305 ratorem
349 2271 484 2316 primas
507 2275 626 2314 partes
659 2272 797 2316 gratiae
822 2270 1047 2314 occupabant
1091 2276 1129 2304 et
1149 2270 1345 2315 plurimum
1369 2271 1466 2315 apud
1491 2272 1612 2316 ipsum

169 2318 360 2358 valebant,
384 2327 446 2349 eos
471 2316 675 2351 irridebant
689 2343 700 2359 ‚
723 2323 898 2362 tanquam
922 2317 1088 2350 homines
1111 2316 1304 2356 militares,
1338 2321 1376 2350 et
1399 2317 1499 2351 bello
1523 2317 1610 2362 qui-

172 2365 407 2409 demaptos,
442 2362 508 2396 sed
535 2373 681 2407 prorsus
704 2375 823 2402 rerum
855 2363 1016 2396 civilium
1038 2363 1145 2397 rudes
1168 2373 1246 2397 esse
1269 2362 1450 2397 dicebant.
1499 2363 1611 2397 Prae-

165 2416 319 2455 ·ceperat
341 2410 439 2443 enim
461 2409 661 2453 Imperator
685 2411 731 2444 ab
756 2409 949 2443 Antiochia
964 2434 974 2451 ,
1005 2415 1048 2444 ut
1062 2411 1217 2456 primum
1241 2409 1426 2443 imbellem
1453 2414 1491 2443 et
1514 2410 1611 2448 nulli

171 2457 266 2491 usui·
280 2462 400 2502 aptam
439 2457 667 2501 susciperent
696 2462 852 2490 aetatem
897 2461 935 2490 et
958 2466 1022 2500 per
1055 2456 1295 2490 Romanorum
1321 2456 1471 2490 ditionis
1495 2461 1610 2490 terras

174 2503 421 2542 dimitterent,
455 2507 493 2536 et
524 2507 695 2549 tanquam
728 2502 872 2536 obsides
903 2506 984 2536 tuto
1010 2502 1092 2537 loco
1113 2502 1308 2546 haberent;
1339 2513 1460 2548 neque
1484 2513 1527 2535 eo
1552 2514 1612 2536 se·

175 2551 252 2583 cius
277 2549 324 2582 ad
345 2550 443 2593 ripas
467 2550 718 2590 consisterent,
742 2554 784 2582 ut
810 2548 934 2582 turbas
950 2559 1088 2594 pugnae
1112 2555 1214 2594 aptas
1239 2549 1387 2583 minime
1411 2548 1612 2595 transgredi

175 2598 358 2635 sinerent,
387 2604 506 2639 neque
522 2595 671 2640 navigia
693 2596 768 2629 illis
791 2595 837 2628 ad
859 2596 1108 2629 traiectionem
1130 2595 1368 2642 praeberent,
1401 2597 1613 2641 priusquam

177 2653 275 2676 arma
301 2641 565 2686 deposuissent,
580 2653 653 2687 quo
678 2643 795 2677 nudos
819 2642 1115 2676 transmitterent.
1138 2644 1270 2676 Eorum
1295 2647 1430 2683 autem,
1452 2643 1516 2686 qui
1540 2642 1612 2674 ista

177 2687 346 2722 mandata
369 2694 601 2731 exceperunt,
625 2690 760 2722 exarsit
781 2689 842 2722 hic
866 2698 987 2722 amore
1007 2690 1112 2733 pueri
1127 2689 1279 2722 alicuius
1305 2688 1451 2722 candidi
1476 2693 1512 2721 et
1532 2685 1614 2719 vul-

177 2739 220 2768 tu
243 2734 337 2780 grati
369 2743 416 2768 ex
438 2733 517 2775 his,
539 2736 606 2779 qui
630 2735 773 2770 traiecti
797 2735 962 2776 fuerant,
994 2736 1086 2769 alter
1109 2735 1279 2770 misertus
1305 2740 1362 2769 est
1390 2735 1511 2770 uxoris
1533 2733 1612 2768 for-

224 2803 412 2850 Dexippus
422 2829 432 2847 ,
457 2802 654 2848 Eunapius
678 2811 743 2838 etc.
1322 2802 1345 2846 4
