1924 3164
539 192 609 230 Ex
647 188 866 230 EUNAPn
907 189 1176 231 ms'romA.
1504 175 1537 230 8
1550 195 1569 229 1

142 292 227 346 νῆς.
283 290 468 332 ἐνταῦθα
495 289 521 331 ο“
549 290 762 348 τραγῳδὸς
801 286 925 346 ἆφείς
951 288 1101 333 ἑαυτὸν
1128 292 1199 334 ἐπὶ
1223 290 1297 347 τὴν
1328 293 1482 350 σκηνὴν
1509 298 1582 338 καὶ

139 358 186 398 τὸ
205 353 355 408 πάθος,
381 382 436 389 -
465 359 599 397 καίτοι
633 371 679 409 γε
708 357 759 397 τὰ
799 359 971 398 πλεῖστα
991 356 1212 414 περιῄρητο
1238 359 1312 414 τῆς
1336 362 1581 418 ’τραγῳὸῗας

142 419 246 477 πρὸς
275 417 525 476 ἀνθρώπους
563 417 812 474 ἀξυνέτους,
862 415 981 476 ὄγκος
1011 438 1054 464 τε
1082 421 1155 464 καί
1178 421 1363 480 βαρύτης
1400 427 1574 478 λέξεων,

141 487 215 528 καί
239 483 287 527 τὸ
317 484 418 541 περὶ
442 487 577 528 ταῦτα
604 481 737 539 εἶδος,
785 487 859 528 καί
886 484 912 541 ἢ
949 489 1025 528 τοῦ
1058 489 1215 544 μέτρου
1257 487 1401 545 χάρις,
1456 488 1610 544 roscen
1634 506 1703 550 276

117 553 227 599 5τῶν
254 553 374 607 ἠθῶν
401 553 570 606 ἐναργὲς
610 547 807 602 ὄξύτατόν
841 568 886 595 τε
914 554 987 595 καί
1011 553 1323 610 ἐπιφορώτατον
1349 558 1421 611 εἰς,
1452 552 1581 612 οἷκοῆς

138 620 310 673 κίνησιν,
326 617 400 659 καί
425 615 529 673 πρὸς
554 614 717 666 τούτοις
734 615 779 659 τὸ
799 617 1076 672 γινώσκεσθαι
1095 619 1171 674 την
1190 618 1403 675 ὑπόθεσιν,
1422 624 1583 665 -οἷλλ’

142 681 258 738 ὅμως
285 682 445 726 τούτων
472 682 667 725 ἁπάντων
692 685 1005 738 γεγυμνωμένος
1027 686 1071 734 ἐς
1095 684 1262 729 τοσόνδε
1287 690 1340 746 τῇ
1367 705 1412 731 τε
1440 690 1584 746 εὔφω-

139 752 209 808 νίᾳ
251 750 326 792 καί
359 751 416 807 τῷ
453 751 571 803 μέλει
603 748 719 808 μόνῳ
746 749 1072 806 κατεκράτησεν,
1118 748 1227 794 ὥστε
1256 751 1294 795 οἱ
1320 755 1398 806 μὲν
1423 754 1584 808 οἶνεχώ-

143 831 247 873 ρουν
298 815 623 872 προσκυνοῦντες
663 813 721 864 ὥς
758 813 884 869 θεὸν,
930 817 1005 858 καὶ
1045 815 1098 858 τὰ
1138 819 1328 874 ἐξαίρετα
1357 822 1438 862 τῶν
1466 837 1580 876 παρα

95 897 290 938 ιοσφισιν
317 878 464 930 αὖτοΐς
491 882 607 937 δῶρα
635 880 852 934 ἐκόμιζον,
900 881 975 923 καί
1008 881 1080 924 τὸν
1120 886 1300 926 πλοῦτον
1327 883 1350 925 ὅ
1377 884 1586 943 τραγῳδὸς

142 945 391 1003 ἐβαρύνετο·
458 945 564 1001 μετὰ
605 948 652 989 δὲ
680 945 771 1007 ’τήν
811 944 994 1003 ἑβδόμην
1032 951 1104 1003 τῆς
1141 950 1376 1001 ἐπιδείξεως
1423 951 1586 1007 ἡμέραν

142 1010 307 1068 νόσημα
334 1014 593 1067 κατέσκηψεν
620 1013 679 1061 εἰς
708 1010 784 1068 τὴν
810 1010 959 1066 πόλιν,
1006 1014 1080 1055 καί
1108 1013 1258 1063 πάντες
1286 1017 1337 1056 οὔ
1356 1015 1429 1065 τὰς
1456 1020 1586 1068 λέξεις

142 1080 305 1134 σαφῶς,
334 1078 442 1120 ἄλλα
469 1077 517 1119 τὸ
545 1080 694 1132 μέλος,
733 1078 790 1128 ὥς
817 1077 989 1128 ἕκαστος
1016 1076 1104 1133 εἶχε
1133 1078 1352 1133 δυνάμεως
1387 1081 1462 1124 καί
1502 1080 1587 1139 ‹pii-
1600 1087 1685 1121 Cod.
1706 1086 1769 1120 128

141 1158 269 1196 σεως,
297 1146 548 1198 ἐκβοῶντες,
593 1142 666 1185 καί
691 1141 1144 1200 διαρρξοιῖιςιᾶκρατοῦς
1181 1143 1273 1199 ἅμα
1300 1145 1589 1204 ἐπιπεσούσης,

95 1210 190 1254 ι5ἐν
230 1215 314 1259 τοῖς
351 1215 576 1259 στενωποῖς
612 1210 861 1263 παρεθέντες
887 1207 1039 1252 ἔκειντο
1054 1244 1067 1263 ,
1114 1214 1251 1260 κακῶς
1276 1210 1360 1253 ὑπὸ
1387 1215 1460 1267 τῆς
1491 1209 1591 1256 ’Λν-

141 1277 349 1332 δρομέδας
389 1274 721 1331 ἐπιτριβόμενοι·
777 1274 851 1316 καί
875 1276 1075 1331 ἐχηρώθη
1103 1279 1178 1319 *τε
1212 1277 1380 1332 ἀνδρῶν
1416 1280 1490 1320 καί
1514 1295 1593 1332 γυ-

140 1343 298 1384 ναικῶν
324 1339 350 1395 ἦ
393 1338 534 1393 πόλις,
577 1336 685 1382 ὥστε
710 1342 756 1382 ἐκ
782 1342 866 1382 τῶν
893 1342 1125 1395 προσοίκων
1152 1342 1457 1398 ἐποικισθῆναι.
1501 1344 1591 1386 ἀλλ’

138 1407 202 1449 ἐπ’
247 1407 412 1449 ἐκείνων
458 1407 538 1459 μὲν
594 1407 807 1462 εὐφωνίαν
849 1422 894 1448 τε
938 1401 990 1462 ἦν
1032 1405 1312 1449 αἰτιάσασθαι
1366 1407 1440 1450 καὶ
1467 1408 1593 1465 ιῖέρος

139 1470 488 1528 ὖπερβοίλλουσαν
526 1470 786 1528 θερμότητα,
827 1470 855 1527 ἢ
891 1471 936 1514 τὸ
963 1474 1089 1525 μέλος
1122 1471 1195 1514 διὰ
1246 1474 1320 1528 τῆς
1357 1468 1502 1529 ἀκοῆς
1522 1475 1596 1517 ἐπὶ

88 1540 197 1586 ποτὰ
239 1536 366 1595 κύρια
413 1539 498 1580 τῶν
539 1539 737 1592 ψυχικῶν
789 1534 975 1594 ὀργάνων
1013 1539 1210 1593 συνέτηξε
1247 1540 1320 1581 καί
1361 1541 1593 1582 διέκαυσεν·

143 1604 216 1648 ἐπὶ
241 1606 288 1646 δὲ
315 1605 398 1646 τῶν
423 1606 519 1645 καθ’
547 1603 663 1658 ἡμᾶς
697 1602 933 1660 ἀνθρώπων
977 1603 1022 1645 αῖ
1047 1605 1127 1658 μὲν
1156 1604 1292 1646 αἰτίαι
1321 1608 1397 1646 τοῦ
1422 1603 1593 1654 πάθους

138 1669 411 1726 εὕθεοόρητοι,
445 1670 464 1725 <
476 1669 576 1725 περὶ
612 1668 664 1711 τὰ
697 1668 844 1726 ἔντερα
870 1668 946 1726 γὰρ
977 1664 1086 1725 ἦσαν
1113 1666 1279 1713 ἅπασαι
1304 1671 1380 1714 καί
1403 1669 1486 1713 ὑπὸ
1513 1688 1590 1727 ya-

235 1752 286 1786 13.
309 1749 422 1797 μέλος
442 1749 497 1790 Β.,
528 1747 639 1794 γένος
660 1748 717 1782 ed.

144 1820 322 1852 stitueret.
370 1817 474 1849 Tune
498 1827 536 1849 se
560 1817 599 1849 in
626 1827 770 1849 scenam
795 1820 832 1849 et
866 1815 912 1850 ad
944 1815 1197 1851 vehementem
1227 1819 1406 1852 actionem
1442 1822 1591 1864 tragoe-

146 1866 213 1899 dus
236 1863 440 1909 proripiens
456 1887 466 1902 ,
508 1862 578 1895 etsi
601 1862 778 1906 pleraque
809 1862 1017 1907 tragoediae
1042 1863 1171 1897 decora
1197 1864 1368 1907 peribant
1401 1865 1497 1909 apud
1521 1865 1590 1900 ho-

144 1914 262 1946 mines
289 1909 479 1949 indoctos,
514 1909 582 1941 etsi
609 1909 788 1941 incassum
814 1915 892 1941 erat
915 1908 1118 1942 sublimitas
1143 1910 1359 1955 pondusque
1378 1911 1593 1953 verborum,

145 1964 185 1992 et
207 1956 335 1991 modus
362 1955 421 1989 his
442 1953 619 1995 idoneus,
650 1958 688 1987 et
714 1954 820 1987 metri
847 1955 975 1999 gratia,
1001 1959 1038 1986 et
1061 1956 1171 1989 moris
1199 1956 1397 1997 evidentia,
1422 1967 1593 2002 quaeve-

145 2002 418 2038 hementissime
443 2012 484 2034 ao
505 2000 772 2045 promptissime
802 2001 1000 2044 percellere
1034 2001 1199 2034 auditum
1223 2003 1334 2045 solet;
1374 2014 1594 2050 quamquam

147 2051 308 2097 denique
332 2060 402 2083 nec
427 2048 629 2092 argumenti
656 2046 815 2091 cognitio
840 2052 927 2080 erat:
951 2046 1192 2081 nihilominus
1219 2054 1318 2082 actor
1340 2048 1398 2082 his
1423 2051 1594 2084 omnibus

149 2097 361 2137 destitutus,
389 2100 534 2129 tantum
558 2093 678 2128 valuit
702 2093 880 2127 suavitate
902 2094 1000 2128 vocis
1025 2094 1176 2138 solaque
1199 2094 1389 2129 harmonia
1400 2120 1414 2136 ,
1448 2102 1490 2130 ut
1513 2107 1598 2142 spe-

148 2150 304 2178 ctatores
336 2141 384 2175 ad
417 2152 501 2174 eum
535 2140 770 2174 adcurrerent
800 2141 986 2186 instarque
1019 2140 1180 2174 numinis
1217 2140 1430 2183 adorarent,
1463 2148 1500 2176 et
1529 2154 1596 2176 sua

175 2200 317 2236 uaeque
349 2187 509 2233 pretiosa
540 2187 768 2227 conferrent,
802 2187 853 2220 ita
876 2191 919 2219 ut
941 2195 980 2219 re
1007 2185 1104 2220 bona
1136 2188 1326 2232 tragoedus
1365 2189 1592 2224 obrueretur.

148 2203 234 2271 gost
265 2236 458 2281 septimum
490 2238 611 2267 autem
649 2234 694 2267 ab
732 2232 876 2266 actione
924 2232 1021 2266 diem
1066 2232 1222 2267 morbus>
1246 2234 1374 2268 urbem
1399 2236 1595 2281 corripuit5

150 2295 223 2329 quo
249 2283 471 2323 stimulante,
496 2290 619 2314 omnes
655 2277 902 2314 inclamabant
933 2291 1007 2313 non
1043 2279 1123 2324 ipsa
1156 2280 1304 2325 quidem
1330 2281 1502 2316 distincte
1522 2288 1598 2317 tra-

153 2329 303 2374 goediae
326 2358 331 2368 ,
399 2368 401 2370 q
450 2353 461 2369 ‚
497 2326 562 2360 sed
585 2337 753 2360 numeros
778 2326 976 2361 carminum
998 2337 1063 2370 pro
1089 2337 1154 2359 sua
1178 2329 1334 2373 quisque
1357 2329 1529 2363 facultate
1554 2341 1598 2363 ac

152 2382 299 2411 natura:
405 2373 514 2408 simul
544 2372 737 2406 diarrhoea»
764 2372 972 2406 vehementi
1006 2372 1232 2414 labefactati,
1269 2374 1438 2411 iacebant
1462 2376 1501 2409 in
1528 2377 1597 2409 viis

156 2422 359 2463 exanimes,
391 2421 485 2455 male
509 2418 701 2454 admodum
726 2418 771 2452 ab
795 2417 1024 2452 Andromeda
1055 2419 1204 2454 adflicti.
1250 2420 1371 2466 Atque
1394 2421 1485 2455 adeo
1509 2423 1597 2456 viris

156 2470 374 2515 feminisque
394 2467 547 2502 viduata
570 2466 656 2500 urbs
683 2467 766 2506 suit,
792 2471 834 2498 ut
859 2475 936 2498 eam
961 2465 1106 2499 finitimi
1131 2467 1364 2512 frequentare
1388 2468 1598 2502 debuerint.

156 2516 230 2561 Age
252 2525 336 2549 vero
361 2514 436 2548 illis
460 2513 624 2546 barbaris
649 2523 792 2547 causam
817 2511 935 2546 morbi
965 2512 1077 2546 fuisse
1103 2512 1330 2547 harmoniam
1356 2521 1524 2559 reputare
1548 2516 1598 2548 li-

157 2568 237 2603 cet,
267 2572 335 2595 nec
358 2572 434 2594 non
456 2561 548 2594 aeris
575 2560 729 2593 calorem
753 2557 1007 2600 immodicum,
1036 2559 1096 2593 vel
1117 2561 1237 2604 ipsum
1260 2566 1405 2594 cantum
1419 2587 1429 2602 ‚
1462 2561 1526 2606 qui
1556 2563 1598 2595 in

158 2610 300 2641 animae
332 2606 522 2641 facultates
549 2606 688 2639 infusus
724 2605 890 2640 dissolvit
914 2604 996 2638 illas
1026 2610 1140 2651 atque
1165 2606 1333 2652 perussit.
1381 2608 1424 2640 In
1450 2612 1596 2641 nostrae

156 2666 242 2688 vero
260 2653 389 2688 aetatis
416 2652 626 2687 hominihus
651 2664 770 2686 causas
793 2651 972 2696 passionis
997 2650 1105 2686 facile
1129 2663 1322 2699 agnoscas:
1350 2655 1484 2687 etenim
1507 2664 1596 2687 cun-

159 2707 236 2735 ctae
269 2702 308 2734 in
342 2705 468 2734 ventre
502 2700 653 2733 fuerunt
686 2704 794 2744 atquc
817 2698 856 2730 in
884 2698 951 2738 iis,
977 2709 1069 2744 quae
1094 2698 1161 2732 sub
1192 2705 1317 2732 ventre
1342 2705 1436 2732 sunt.
1486 2699 1596 2745 Quod

159 2754 282 2789 autem
317 2746 488 2780 nonnulli
513 2757 660 2792 quoque
685 2757 704 2780 e
730 2755 879 2779 numero
902 2755 977 2779 non
1003 2743 1257 2790 insipientium
1290 2746 1329 2780 in
1364 2756 1447 2780 eum
1473 2757 1595 2781 casum

203 2816 410 2862 Dexippus,
434 2815 629 2860 Eunapius
656 2822 722 2848 etc.
1307 2815 1331 2847 6
