1924 3164
468 149 523 189 IN
561 146 804 190 ECLOGAS
845 146 1067 198 CANmm
1102 147 1296 189 lsAUm.
1492 127 1597 184 581

137 279 144 290 .
173 256 243 288 aut
257 279 269 301 ‚
297 257 343 288 ut
372 249 440 289 alii
469 250 620 290 habent
640 281 651 302 ,
679 250 825 290 Basilio
864 250 1128 290 Consulatum
1155 252 1294 304 gessit,
1344 250 1605 303 quemadmo-

171 304 270 342 dum
298 305 486 345 discimus
514 320 560 344 ex
577 307 711 345 Fastis
732 305 1019 345 consularibus
1036 306 1143 358 apud
1164 305 1444 345 Cassiodorum
1462 335 1474 356 ,
1494 306 1605 344 Mar-

169 357 358 398 cellinum
387 367 426 398 et
454 360 673 399 Auctorem
702 360 893 399 Chronici
919 360 1194 398 Alexandrini.

263 414 367 467 Pag.
389 415 451 461 18.
465 414 638 469 A.[475,
652 414 740 467 2o.]
773 416 1102 462 Tarasicodisam,
1125 413 1601 469 Rasumbladeotifilium.

166 467 332 507 Patrem
356 471 528 508 Zenonis
554 468 682 516 solus,
726 469 836 522 quod
864 471 985 508 sciam
1002 499 1013 518 ,
1055 476 1339 508 commemorat
1367 469 1569 507 Candidus
1589 484 1601 507 ε

167 522 218 561 de
244 525 375 575 patria
403 538 522 563 nemo
561 523 742 577 ambigit.
802 524 1092 576 Primigenium
1119 532 1252 563 autem
1285 523 1391 562 illius
1427 537 1473 562 ac
1508 523 1604 562 bar-

167 576 314 616 barum
350 593 496 620 nomen
535 579 646 616 varie
689 593 712 616 a
753 580 875 617 variis
912 580 1162 631 concipitur,
1202 586 1248 617 ut
1292 579 1378 616 fieri
1417 585 1523 616 amat
1559 580 1604 617 in

168 633 385 686 peregrinis
414 633 596 672 vocibus.
653 633 847 671 Omnium
875 635 1045 672 maxime
1073 634 1230 672 aberrat
1258 647 1282 671 a
1307 640 1416 671 recto
1443 634 1603 671 tramite

161 686 362 740 Euagrius
397 688 470 726 lib.
511 701 550 725 2.
595 702 682 739 cap.
723 687 784 726 15.
817 702 828 725 ε
863 687 989 726 Λέων
1019 688 1065 726 δὲ
1092 684 1283 739 γαμβρὸν
1310 685 1382 725 ἐπί
1419 683 1606 739 θυγατρὶ

159 737 360 796 Ἀριάδνῃ
388 737 754 794 προσλαμβάνεται
782 739 970 793 Ζήνωνα,
1013 741 1266 794 Ἀρικμῆσον
1290 740 1368 791 μὲν
1394 740 1439 779 ἐκ
1467 756 1604 793 σπαρ-

163 793 299 845 γάνων
338 792 606 845 καλούμενον.
662 796 824 835 Rectius
861 796 1055 848 Agathias
1103 796 1369 834 Scholasticus
1419 795 1523 834 libro
1559 795 1601 847 4.

144 863 258 912 ,Pag-
298 851 387 892 135.
425 851 610 890 editionis
639 851 839 889 Graecae:
885 849 1034 900 Ζήνων
1065 847 1085 887 ὃ
1108 849 1326 899 Ῥωμαίων
1352 847 1551 898 βασιλεύς
1578 847 1602 887 ὅ

165 905 368 956 Ισαυρος,
401 899 445 952 ὃς
474 902 526 956 δὴ
557 901 700 956 πρώην
736 905 1122 957 Ταρασισκωὸϊσεος
1161 901 1475 953 ἐπωνομάζετο,
1516 900 1599 942 ὑπὸ

149 950 290 997 ''Il-tou
321 973 366 997 τε
394 958 468 998 καί
482 958 739 999 Βασιλίσκου
769 959 841 998 καί
860 953 1056 1005 Κόνωνος
1083 957 1423 1008 ἐπιβουλευθείς,
1453 971 1603 1009 συνερ-

157 1010 315 1065 γούσης
342 1013 384 1060 ἐς
415 1009 466 1052 τὰ
493 1011 679 1063 μάλιστα
707 1011 779 1052 καί
790 1013 992 1066 Βηρίνης,
1021 1012 1252 1052 ἑκηέητωκε
1278 1013 1351 1064 τῆς
1372 1011 1506 1064 ἀρχῆς
1521 1020 1599 1052 etc.

159 1067 363 1120 Interpres
389 1067 531 1122 dialysi
563 1069 704 1107 vitiosa
739 1082 836 1106 usus
865 1069 919 1106 sic
950 1069 1070 1106 vertit
1100 1082 1192 1120 pag.
1228 1082 1317 1120 127.
1345 1082 1354 1104 :
1387 1068 1500 1105 Zeno
1532 1068 1601 1105 ille

159 1121 326 1161 Isaums
359 1124 627 1161 Romanorum
648 1122 898 1176 Imperator,
945 1124 1015 1177 qui
1053 1132 1168 1160 antea
1214 1122 1253 1159 Τ
1249 1123 1374 1160 arasis
1418 1121 1600 1160 Codiseus

159 1178 529 1229 cognominabatur,
589 1177 743 1215 insidit&
797 1179 837 1215 ei
876 1192 953 1232 per
988 1177 1146 1216 Hillum
1208 1185 1245 1214 et
1281 1177 1518 1214 Basiliscum
1563 1185 1603 1215 ec

161 1231 355 1270 Cononem
394 1233 560 1278 structis,
601 1231 869 1271 coadiavante
902 1233 1114 1286 praeczjmoe
1142 1231 1300 1278 Bet-ine,
1325 1232 1490 1283 imperio
1523 1245 1598 1268 ex-

158 1287 257 1328 cidit
284 1294 359 1325 etc.
418 1286 573 1325 Auctor
604 1286 795 1324 Chronici
829 1286 1090 1324 Alexandrini
1120 1285 1279 1323 errandi
1317 1298 1454 1322 ansam
1494 1284 1598 1323 Vul-

158 1342 273 1380 canio
304 1340 495 1394 praebere
538 1348 693 1394 poterat
711 1370 722 1392 ,
760 1342 793 1379 si
835 1342 915 1379 iam
954 1355 975 1379 e
1018 1340 1190 1379 tenebris
1227 1340 1267 1377 in
1302 1339 1432 1377 lucem
1467 1339 1596 1378 editus

155 1394 294 1434 fuisset
311 1411 321 1435 :
354 1397 408 1434 sic
428 1397 532 1434 enim
546 1395 793 1434 dimidiatam
815 1396 1006 1434 duntaxat
1023 1409 1162 1435 vocem
1182 1401 1348 1445 usurpat
1366 1393 1456 1432 lnd.
1478 1394 1594 1441 XII„

156 1450 232 1488 sub
267 1449 487 1489 Consulatu
522 1451 667 1489 Leonis
698 1451 896 1489 Iunioris:
943 1449 1185 1499 ἑβασι7.ευσε
1212 1445 1361 1498 Ζήνων
1388 1445 1408 1485 ὃ
1437 1447 1597 1486 Korno-

156 1500 255 1550 σεῦς
285 1502 307 1543 ὅ
337 1499 530 1556 Ἴσαυρος
556 1500 662 1555 μετὰ
690 1504 764 1543 τοῦ
793 1503 901 1543 ἰδίου
931 1501 1100 1554 ἐκγόνου
1122 1501 1301 1547 Λέοντος
1330 1498 1463 1552 ὀλίγον
1489 1500 1597 1553 χρό-

154 1571 262 1605 νον»
295 1559 558 1611 Theophanes
599 1561 641 1597 in
675 1559 876 1598 Chronico
903 1559 954 1596 ad
988 1571 1139 1596 annum
1165 1557 1336 1594 Zenonis
1367 1554 1406 1594 8.
1439 1570 1594 1596 sacram

154 1613 329 1653 Verinae
352 1614 570 1666 Augustae,
597 1615 769 1652 Zenonis
795 1627 947 1663 socrus,
965 1612 1115 1676 cresci-t,
1141 1613 1181 1651 in
1206 1625 1284 1663 qua
1308 1611 1520 1662 imperium
1552 1625 1593 1649 se

154 1667 307 1708 Zenoni
331 1669 539 1707 tradidisse
565 1668 783 1731 gloriatur:
822 1664 927 1716 ἴστε,
960 1661 1026 1704 ότι
1053 1662 1099 1704 τὸ
1142 1664 1354 1715 βασίλειον
1394 1660 1590 1716 ἡμέτερόν
1603 1667 1639 1700 Ρ.
1668 1666 1731 1700 105

154 1721 243 1761 ἔστι
262 1753 274 1774 ‚
312 1722 384 1761 καί
403 1716 468 1760 ὅτι
495 1735 602 1771 μετα
630 1719 704 1772 τήν
733 1721 963 1771 α’ποβίωσιν
989 1718 1066 1758 τοῦ
1093 1718 1198 1769 ἐμοῦ
1226 1714 1379 1770 ἀνδρὸς
1402 1717 1588 1764 Λέοντος

150 1775 534 1829 προεχειρισάμεθα
561 1775 736 1826 βασιλέα
770 1775 1131 1826 Ταρασκαλισαΐον
1167 1768 1238 1810 τὸν
1273 1771 1589 1823 μετακληθέντα

151 1828 331 1883 Ζήνωνα
356 1838 432 1870 etc.
491 1831 671 1870 Certiora
701 1830 751 1867 de
782 1829 844 1867 his
887 1827 1085 1866 affirmare
1113 1840 1315 1879 possemus
1333 1855 1343 1872 ‚
1380 1827 1413 1863 si
1439 1826 1588 1865 iniuria.

152 1892 380 1939 temporum
408 1899 489 1924 non
535 1886 714 1937 periisset
751 1883 953 1921 Eustathii
990 1882 1081 1933 Syri
1115 1881 1340 1919 lucubratio
1357 1908 1369 1928 ,
1410 1880 1452 1917 in
1478 1894 1584 1932 qua,

150 1948 251 1980 teste
272 1942 450 1993 Euagrio
477 1954 566 1978 mox
597 1940 739 1985 citato,
768 1937 870 1975 unde
898 1938 967 1975 iste
998 1937 1110 1974 Zeno
1142 1935 1199 1974 ad
1231 1943 1380 1975 tantam
1410 1933 1585 1985 dignita-

151 2003 226 2034 tem
253 1995 509 2041 ascendisset,
542 2002 580 2032 et
600 2008 718 2047 quam
749 1992 798 2030 ob
837 2005 994 2032 causam
1033 1990 1206 2029 omnibus
1237 2004 1264 2028 a
1295 1989 1423 2029 Leone
1436 1989 1587 2040 fucis-sec

142 2051 346 2104 praelatus
361 2081 372 2097 ,
407 2048 808 2089 commemorabatur.

260 2105 362 2157 Pag.
394 2103 456 2143 18.
478 2105 522 2141 Β.
549 2102 764 2156 [473,22.]
791 2099 1071 2138 Ardabzmwn.
1132 2098 1253 2136 Hunc
1272 2098 1463 2136 maiorem
1484 2104 1582 2137 natu

149 2157 316 2212 Asparis
349 2159 476 2198 filium
515 2170 669 2209 avoque
692 2170 764 2194 suo
792 2156 1069 2206 cognominem
1099 2167 1122 2191 a
1164 2154 1299 2190 Leone
1338 2152 1445 2205 Aug.
1481 2152 1582 2190 Cae-

150 2228 279 2253 sarem
310 2220 485 2252 creatum
518 2212 636 2250 fuisse
665 2209 919 2263 persuadebit
953 2209 1152 2260 Interpres
1178 2207 1340 2260 Euagrii
1375 2207 1423 2246 iis
1438 2235 1449 2255 ,
1481 2207 1550 2258 qui
1566 2236 1579 2258 ‚

150 2271 295 2307 usitato
322 2268 502 2321 plurimis
532 2280 642 2304 more
657 2294 668 2314 ,
691 2266 842 2303 Graeca
866 2262 1071 2302 consulere
1091 2261 1372 2314 dedignantur.
1427 2261 1580 2299 Locum

149 2323 263 2371 vide,
293 2337 412 2376 quem
433 2321 552 2374 paulo
582 2327 673 2358 ante
699 2318 987 2370 exscripsimus.
1045 2317 1208 2355 Priscus
1225 2330 1314 2368 pag.
1327 2316 1396 2363 4ο.
1436 2315 1578 2354 editio-

149 2378 211 2416 nis
236 2380 380 2431 regiae,
413 2378 463 2414 ab
498 2390 543 2414 eo
570 2381 772 2427 superatos
799 2373 1014 2410 Saracenos
1047 2372 1098 2409 ad
1130 2372 1386 2420 Damascum,
1426 2384 1578 2409 memo-

149 2427 226 2471 rat.
284 2432 471 2471 Eundem
492 2429 744 2482 tyrannidem
761 2429 798 2464 in
825 2426 1042 2464 Occidente
1063 2426 1290 2465 molientem
1318 2423 1467 2476 expulit
1489 2424 1577 2461 An-

138 2487 322 2526 themius
346 2488 568 2538 Imperator
596 2482 702 2535 apud
728 2481 1007 2521 Cassiodorum
1042 2482 1081 2518 in
1105 2480 1273 2527 Chron.,
1307 2479 1511 2519 Marciano
1539 2484 1579 2515 et

153 2543 313 2580 Zenone
343 2541 470 2585 Coss.,
513 2537 738 2576 Chronicon
767 2535 1098 2584 Alexandrinum,
1132 2534 1312 2573 Rusticio
1340 2540 1378 2571 et
1407 2532 1577 2584 Olybrio

150 2589 279 2645 Coss.,
313 2609 416 2633 anno
428 2593 573 2632 Christi
608 2590 721 2641 464„
751 2590 838 2628 lnd.
861 2590 934 2638 Il.,
959 2589 1096 2627 scribit
1128 2589 1245 2628 evita
1271 2589 1458 2640 migrasse
1484 2600 1576 2624 san-

150 2643 260 2692 c'tum
296 2650 532 2703 Symeonem
574 2645 756 2698 stylitam
789 2673 800 2693 ,
857 2637 972 2688 ὄντος
1016 2639 1106 2682 τότε
1155 2637 1330 2694 κόμητος
1373 2639 1577 2690 ἀνατολῆς

149 2701 451 2758 Ἀρδαβουρώυ
480 2700 557 2741 τοῦ
583 2697 802 2752 πατρικίου
834 2697 909 2737 τοῦ
936 2693 1030 2737 υἱοῦ
1046 2690 1270 2749 Ἀσπαρος
1299 2695 1375 2735 τοῦ
1403 2702 1575 2748 στρατη·-
