1924 3164
440 170 497 211 m
535 163 815 211 ExcERPTA
852 170 923 209 DE
959 169 1368 212 LEGATIONffiUs.
1507 150 1619 227 549

102 267 104 269 ’
166 269 384 322 βασιλείαν
412 266 736 325 ἀναγορεύσεως.
795 272 984 312 solebant
1016 274 1124 313 euim
1153 281 1250 314 tunc
1272 276 1463 328 temporis
1484 276 1618 329 Impe-

167 333 321 365 ratores
348 327 546 377 Romani,
577 327 696 366 simul
722 335 841 381 atque
871 330 1085 381 imperium
1101 329 1234 382 adepti
1248 330 1428 380 fuerant,
1457 330 1500 369 id
1515 330 1615 369 Per-

165 395 302 419 sai-um
332 383 415 433 regi
437 396 509 434 per
540 381 690 435 legatos
722 385 934 430 nuntiare,
973 390 1017 421 ut
1044 384 1370 437 Theophylactus
1399 387 1521 423 etiam
1554 393 1613 424 tc·
1628 388 1662 421 Ρ.
1691 390 1759 424 216

164 442 308 475 statur.
364 437 497 487 Quam
546 438 875 477 consuetudinem
909 438 1083 477 Iustinus
1119 453 1279 493 quoque
1301 455 1460 480 servare
1489 440 1619 480 voluit

165 491 208 529 in
242 491 404 530 exordio
432 492 600 544 imperii.
1051 523 1060 527 „

277 545 381 598 Pag.
426 546 514 597 148.
548 547 596 585 C.
623 544 743 600 [374,
769 545 850 600 10]
880 546 938 601 τῷ
967 543 1025 600 μὴ
1058 543 1129 586 διὰ
1163 544 1263 596 τούς
1287 547 1619 600 ἐπιτιθεμένους.

168 600 332 640 Scribe:
365 600 417 639 δι’
453 595 604 652 αὐτῆς,
632 601 772 654 supple
800 599 1020 647 Σουανίας.

167 708 211 749 δ’
276 654 378 718 Pfg.
417 654 507 710 149.
530 657 576 694 Β.
598 655 790 711 [375,6.]
841 652 1047 710 μυριάδες
1073 656 1221 697 ταῦτα.
1279 658 1444 697 Scribe:
1474 657 1612 712 μυρία

195 723 387 750 &vav-ca.

269 764 370 817 Pag.
406 763 494 820 149.
522 765 568 804 Β.
600 764 711 819 [375‚
749 764 831 819 11.]
863 760 886 802 ὅ
924 763 970 804 δὲ
999 762 1294 812 Ἰουστινιανὸς
1326 763 1540 819 ἕμβριθής
1574 781 1620 806 τε

166 812 239 858 α’ἷν.
294 819 432 858 Scribe
470 819 719 870 Ἰουστῖνος,
747 821 857 873 quod
902 820 1113 860 confirmat
1168 825 1289 860 etiam
1337 822 1495 871 Suidas,
1547 823 1617 875 qui

170 873 304 913 locum
339 875 551 913 Menandri
572 875 723 927 profert
743 889 789 913 ex
816 890 908 928 pag.
942 875 1031 914 151.
1058 876 1105 915 Β.

276 929 377 982 Pag.
399 929 488 968 150.
503 930 549 967 B.
565 929 679 984 [377‚
696 929 757 994 6.]
788 925 1108 980 ὑπερειὸόμενος
1127 930 1220 983 γάρ.
1293 932 1431 971 Scribe
1459 926 1618 984 1571qu-

163 980 349 1036 δόμενος.
403 985 459 1023 Et
484 998 575 1023 mox
601 999 675 1037 pro
707 980 823 1036 εἰπερ
855 982 1061 1031 ἀκουσίως
1095 985 1182 1039 lege
1210 978 1332 1037 1ἥπερ.

275 1038 378 1090 Pag.
414 1038 502 1078 151.
529 1040 576 1077 B.
605 1039 716 1093 [379,
740 1038 799 1091 5.]
830 1033 942 1085 ὅπως
963 1033 1056 1077 ὅσοι
1072 1038 1118 1079 τό
1141 1053 1187 1091 γε
1209 1034 1323 1093 αὖττιὸ
1338 1040 1380 1086 ἐς
1411 1040 1619 1080 δικαιολο-

165 1092 272 1146 γίαν.
330 1094 511 1132 Dubium
536 1108 617 1132 non
645 1101 717 1141 est,
733 1096 830 1146 quin
857 1093 1078 1132 Menander
1089 1096 1312 1147 scripserit:
1342 1091 1454 1141 ὅπως
1478 1091 1617 1134 ε”σοιτό

163 1161 211 1201 γε
236 1147 352 1202 01ιῖτῷ
364 1180 376 1197 ,
435 1149 477 1188 id
515 1156 596 1196 est,
635 1158 677 1188 ut
709 1150 880 1203 aliquem
914 1148 1006 1186 inde
1026 1158 1276 1203 praetextum
1307 1151 1490 1199 haberet,
1529 1158 1618 1187 tan-

165 1219 284 1259 quam
317 1204 461 1242 Saam's
491 1204 667 1242 Romano
702 1205 867 1257 impet-io
895 1217 1041 1257 parere
1075 1204 1301 1243 nolentibus.
1363 1205 1536 1242 Tametsi
1562 1204 1622 1242 ad

163 1274 252 1298 eam
276 1273 358 1298 rem
397 1259 663 1299 incitarentur.
732 1259 788 1298 Et
817 1259 872 1298 sic
891 1258 1127 1311 corrigenda
1153 1265 1213 1298 est
1234 1258 1462 1297 Cantoclari
1493 1259 1617 1296 inter-

195 1316 351 1353 retatio.

166 1328 193 1368 p
273 1368 376 1421 Pag.
408 1368 498 1408 151.
518 1369 571 1407 D.
591 1367 704 1423 [380‚
727 1366 782 1420 3.]
815 1358 865 1406 εὖ
885 1366 1070 1418 διαθείη.
1128 1367 1227 1406 Post
1251 1366 1355 1406 hanc
1376 1367 1619 1421 legationem

163 1425 450 1463 recurrendum
473 1424 593 1462 estad
607 1438 698 1476 pag.
733 1424 820 1462 103.
834 1423 905 1461 C.:
938 1416 1004 1460 ὅτι
1027 1420 1208 1475 ἠγγέλθη
1228 1420 1448 1476 Ἰουστίνῳ.
1505 1423 1616 1461 Haec

162 1481 270 1519 enim
293 1480 428 1518 omnia
450 1479 553 1517 inter
574 1492 616 1517 se
637 1479 820 1516 connecti
842 1476 1096 1516 manifestum
1116 1483 1189 1515 est.

275 1533 377 1587 Pag.
406 1534 494 1574 103.
511 1535 564 1572 D.
583 1533 700 1586 [29o‚
739 1531 816 1585 13.]
848 1531 904 1585 τῷ
927 1526 1015 1581 ἅμα
1038 1525 1208 1585 Ἰωάννῃ
1229 1529 1446 1584 γενομένῳ.
1502 1529 1612 1569 Scri-

163 1590 342 1630 bendum
371 1597 495 1642 puto:
528 1589 612 1627 τῶν
642 1583 732 1636 ἅμα
768 1582 938 1640 Ἰωάννῃ
966 1583 1197 1637 γενομένων
1230 1580 1297 1624 {vl
1329 1580 1433 1623 κατὰ
1455 1580 1506 1635 δὴ
1533 1580 1617 1636 τὴν

164 1644 347 1697 Περσῶν
385 1642 539 1693 προτοῦ
560 1671 571 1692 ,
601 1642 643 1680 id
682 1649 761 1691 est,
788 1643 938 1679 litterae
973 1641 1172 1678 Timotheo
1201 1640 1370 1678 traditae
1391 1648 1503 1690 sant,
1542 1641 1613 1677 uni

161 1714 216 1739 ex
247 1700 308 1746 iis,
333 1699 403 1752 qut*
416 1698 606 1736 Ioannem
626 1697 668 1734 in
688 1697 879 1748 legatione
900 1694 1060 1733 Persica
1082 1695 1258 1732 comitati
1259 1695 1446 1745 ficerunt.

274 1752 378 1805 Pag.
399 1751 545 1802 104.1).
564 1750 682 1803 1992,
702 1749 758 1803 4.]
777 1745 1013 1802 πρεσβείαν,
1047 1746 1469 1800 διαλεχθησομὲνους.
1503 1745 1611 1783 Fru-

162 1816 245 1848 stra
279 1807 373 1846 huic
402 1806 491 1845 loco
536 1804 797 1843 Hoeschelius
837 1804 1069 1842 asteriscum
1115 1801 1252 1840 affixit.
1318 1802 1479 1840 Usitata
1505 1802 1615 1839 enim

164 1871 223 1904 est
252 1862 401 1902 locutio
432 1868 516 1900 tam
547 1859 655 1912 apud
669 1861 855 1907 Graecos,
883 1871 1006 1910 quam
1035 1856 1144 1909 apud
1171 1856 1361 1895 Latinos:
1391 1868 1494 1908 quae
1519 1854 1614 1907 figu-

164 1934 210 1958 ra
236 1913 341 1971 πρός
373 1911 418 1956 τὸ
448 1909 754 1967 σημαινόμενον
778 1913 938 1951 dicitur.

276 1972 380 2024 Pag.
407 1970 496 2009 105.
517 1969 567 2007 C.
587 1969 703 2023 [293‚
729 1966 805 2021 14.]
830 1961 910 2017 οὖχ
929 1959 1044 2005 ὅσιον
1062 1961 1243 2018 ἔφασκεν
1259 1958 1367 2005 εἶναι
1393 1957 1498 2013 μετὰ
1518 1956 1614 2002 ὅσα.

165 2027 430 2069 Scribendum
452 2031 535 2063 est:
565 2019 623 2075 μὴ
645 2020 696 2062 τοὶ
715 2017 794 2061 ὅσα
821 2029 910 2070 etc„
929 2028 975 2059 ut
999 2020 1159 2060 videtur
1179 2019 1318 2073 legisse
1336 2015 1616 2069 Cantoclarus.

279 2082 382 2134 Pag.
412 2079 504 2119 106.
525 2079 573 2117 B.
618 2079 713 2131 295,
740 2075 789 2129 1.]
821 2075 861 2115 εἰ
874 2074 1129 2127 Σαρακηναῖν
1153 2069 1255 2125 ἔθνη
1280 2069 1354 2112 καί
1377 2072 1514 2111 ταῦτα
1526 2072 1615 2111 Νο-

163 2134 324 2189 μάδων.
381 2137 479 2187 Leg.
519 2131 559 2171 εἰ
591 2131 846 2183 ααρακηνῶν
885 2126 1002 2169 ἔθνει
1031 2123 1162 2183 τούτῳ
1197 2127 1273 2166 καί
1299 2124 1539 2178 Νομάδων,
1571 2125 1613 2163 id

164 2199 225 2232 est
238 2222 250 2243 ‚
279 2190 564 2230 Saracenorum
595 2195 633 2226 et
657 2186 884 2226 Nomadum
908 2185 1028 2237 genti.
1063 2182 1152 2221 Vox
1186 2178 1321 2246 τούτῳ,
1347 2195 1429 2221 11011
1457 2179 1612 2242 medio-

163 2261 273 2286 crem
296 2245 420 2284 habet
441 2241 663 2296 emphasin.
685 2240 820 2289 Mega
838 2238 921 2282 τῶν,
935 2234 1154 2292 αἱρετικῶν
1170 2250 1421 2290 φαρμακων,
1436 2235 1515 2289 leg.
1531 2247 1614 2274 των

166 2299 454 2353 ἀναιρετικῶν.
744 2299 746 2301 ’
1344 2345 1351 2353 1
1506 2338 1515 2352 ,

277 2355 381 2407 Pag.
405 2352 493 2393 108.
521 2351 569 2391 C.
600 2349 717 2404 [299,
738 2348 800 2402 6.]
831 2341 915 2401 ἄρα
944 2342 1049 2386 και-οὶ
1078 2342 1234 2398 κώμης.
1266 2342 1431 2395 Scmbe,
1457 2356 1612 2394 κωμας,

168 2409 298 2450 Paulo
326 2416 416 2463 post
436 2408 550 2461 lego:
582 2399 884 2452 α’ναόιὸάξατε,
906 2394 983 2453 ὅση
1013 2401 1099 2441 τῶν
1120 2399 1321 2453 Ἀβιὲρων
1342 2394 1510 2450 πληθύς
1538 2397 1614 2447 τῆς

168 2465 249 2504 τῶν
282 2460 478 2515 Τούρκων
513 2455 747 2513 ἆφηνίασεν
772 2455 1051 2510 ἐπικρατείας.
1106 2455 1198 2507 Qua
1224 2454 1386 2509 quidem
1423 2451 1612 2506 emendaf

167 2521 275 2558 tione
304 2518 406 2557 nihil
438 2516 599 2555 certius.

278 2572 381 2626 Pag.
417 2570 506 2610 108.
542 2569 595 2607 D.
625 2567 744 2621 [3oo‚
770 2565 830 2619 3.]
859 2560 1083 2617 ἐφοίτησαν
1118 2564 1318 2617 πολιτείᾳ.
1374 2562 1471 2601 Post
1508 2560 1613 2599 hanc

171 2628 396 2666 Turcorum
430 2625 683 2678 legationem,
716 2637 818 2675 quae
846 2621 1007 2659 ineunte
1043 2633 1148 2658 anno
1179 2626 1323 2672 quarto
1357 2614 1616 2669 Imperatoris

169 2683 310 2722 lustini
345 2677 732 2730 Constantinopolim
766 2678 940 2728 ingressa
975 2682 1059 2724 est,
1108 2681 1154 2713 ut
1190 2680 1359 2712 testatur
1392 2669 1615 2709 Menander

167 2752 259 2792 pag.
291 2736 379 2777 106.
401 2737 462 2788 C„
493 2734 683 2787 proxime·
712 2733 822 2784 sequi
857 2730 973 2769 (lebet
1010 2730 1152 2769 lustini
1198 2728 1337 2782 legatio
1358 2726 1409 2765 ad
1431 2725 1610 2771 Turcos,
