1924 3164
288 158 398 231 390
869 172 1148 215 ExcERPTA

87 278 426 327 A.c.574a25105
456 276 528 320 καί
563 276 694 330 μόνον
732 276 851 321 ἕνεκα
894 273 959 327 με’
993 275 1192 328 χιλιάδας
1225 276 1400 330 χρυσῶν
1439 277 1732 331 νομισμάτων,

86 329 278 411 Ιυδῖῗέὶ·17ο
289 345 510 399 ἐπανῆκεν.
581 341 908 395 ἐμπεδωθέντων
947 340 995 382 δὲ
1023 336 1109 396 ἄρα
1137 343 1221 383 τῶν
1248 340 1452 383 τοιούτων
1478 339 1679 399 Εὐσέβιος
1707 342 1730 387 ὅ

288 408 520 467 στρατηγὸς
545 409 588 457 ές
616 406 852 457 Βυζάντιον
880 408 1210 460 μεταστέλλεται.

171 488 283 534 Ρ.ι57
398 475 466 517 ια’.
513 470 606 516 Ὅτι
646 470 697 527 δὴ
741 473 956 521 στέλλεται
997 471 1102 515 κατὰ
1141 471 1219 528 τὴν
1250 474 1434 528 Περσῶν
1458 474 1604 530 χώραν
1630 491 1731 532 πρε-

293 539 470 596 σβευτής
504 537 736 595 Τραϊανὸς,
763 539 809 580 ἐν
827 544 915 588 τοῖς
944 540 1173 593 βασιλείοις
1199 540 1383 596 πατράσι
1408 543 1536 588 τελῶν
1562 543 1635 583 καί
1658 539 1759 597 τὴν5

292 607 517 661 λεγομένην
543 606 620 647 τοῦ
647 606 929 660 Κοιαίστορος
956 606 1111 648 διέπων
1157 603 1318 662 ἆρχὴν,
1355 604 1408 662 ἢν
1435 603 1552 660 οἶμαι
1581 608 1629 650 ἐκ
1654 609 1734 650 τοῦ

284 674 502 727 α’ναζητεῖν
530 664 613 714 οἶδε
639 670 841 725 λελέχθαι
867 670 1111 725 ζ,Εἀῃιαιῖὶις.
1166 669 1450 728 ξυναπεστάλη
1471 673 1519 714 δὲ
1546 674 1620 719 καί
1642 676 1734 715 Ζα-

279 739 460 793 χαρίας,
490 731 541 780 οὗ
568 735 743 792 ἔναγχος
761 736 992 793 ἐμνήσθην,
1019 738 1088 793 ἐφ’
1116 731 1163 796 ᾦ,
1208 739 1249 779 εἰ
1283 739 1361 791 μὲν
1396 734 1514 785 οἷοίτ’
1542 735 1733 790 ἔσονται,

282 800 374 857 ἅμα
414 804 630 856 ἐμπεδῶσι
668 801 773 845 κατὰ
816 801 892 858 τήν
927 819 974 845 τε
1006 800 1113 860 ἑῴαν
1154 804 1229 845 καί
1268 801 1350 858 τήν,
1367 804 1593 859 Ἀρμενίαν
1619 800 1734 852 ἐντὸς

153 879 274 914 V1106
287 869 415 924 τριῶν
452 870 656 911 ἐνιαυτῶν
695 870 939 925 ἐκεχειρίαν.
1012 870 1057 911 ἐν
1084 868 1268 926 τοσούτῳ
1302 871 1538 920 ξυνέλθοιεν
1563 871 1608 921 ἐξ
1634 868 1786 914 {ua-10

283 936 412 990 τέρας
435 935 650 984 Ιπολιτείοις
678 935 724 976 ἐν
750 941 837 983 τοῖς
877 933 1030 990 ὁρίοις,
1059 935 1105 978 οἳ
1132 935 1383 977 διαλύσουσι
1409 934 1461 977 τοὶ
1492 937 1735 991 οἶμφιζβολα,

281 999 579 1056 βουλεύσαιντό
608 1016 652 1043 τε
683 999 770 1045 ,καί
809 999 950 1058 τρόπῳ
978 1003 1037 1058 τῷ
1065 1000 1352 1056 καταθήσουσι
1380 999 1431 1042 τοὶ
1461 997 1570 1042 ὅπλα
1598 1002 1642 1050 ές
1668 1003 1736 1043 τέ-

283 1071 400 1109 λεον
454 1068 495 1111 εἰ
532 1069 579 1110 δέ
608 1083 655 1123 γε
693 1066 751 1123 μή
785 1064 893 1110 οὕτω
934 1069 1202 1123 προχωροίη,
1243 1073 1330 1116 τοῖς
1356 1065 1460 1121 γοῦν
1487 1065 1594 1123 πρὸς
1617 1063 1736 1122 ἥλιον

223 1139 266 1174 ’Β
281 1134 466 1175 οἰκοῦσιν
509 1132 586 1190 τήν
623 1130 791 1192 τοιάνδε
827 1135 1064 1190 ἐκεχειρίαν
1105 1136 1231 1175 παντὶ
1285 1131 1425 1190 τρόπῳ
1463 1130 1737 1188 ποιήσασθαι.

283 1195 616 1255 παραγενόμενοι
644 1201 785 1245 τοίνυν
813 1198 853 1241 οἱ
889 1200 1083 1256 πρέσβεις
1112 1197 1219 1256 πρὸς
1243 1201 1422 1254 βασιλέα
1451 1200 1663 1255 Περσῶν,
1690 1200 1789 1247 ἑςιό

239 1261 241 1264 ’
280 1267 506 1321 ἐκκλησίαν
538 1282 584 1308 τε
619 1266 925 1319 καταστάντες,
966 1264 1160 1320 έλεξάτην
1202 1265 1360 1312 τοιάδε.
1398 1290 1452 1298 --
1487 1268 1650 1310 πολλῶν
1688 1266 1736 1307 δὲ

284 1333 559 1386 κεκινημένων
590 1330 746 1386 λόγων,
788 1334 862 1374 καί
888 1334 973 1374 τῶν
999 1333 1080 1385 μὲν
1107 1333 1292 1386 Περσῶν
1314 1332 1578 1388 μακροτέραν
1605 1335 1737 1374 ποιεῖ’-

283 1399 389 1439 σθαι
416 1394 492 1452 τήν
520 1395 686 1453 εἰρήνην
713 1396 888 1451 ἱεμένων
906 1429 918 1451 ,
951 1391 1057 1452 ἄχρι
1085 1399 1131 1439 δὲ
1159 1398 1280 1439 πέντε
1307 1398 1508 1441 ἐνιαυτῶν
1536 1399 1737 1451 βεβαιοῦν

281 1461 359 1516 τήν
387 1463 647 1519 ἐκεχειρίαν,
676 1465 761 1505 ταῖν
790 1463 836 1504 δὲ
858 1462 1081 1515 Ῥωμαίων
1100 1464 1365 1518 τριετηρίδας
1393 1459 1502 1507 εἶναι
1528 1463 1734 1516 βουλομέ-

280 1543 366 1570 νων
406 1526 483 1578 wig
523 1527 730 1581 σπονδὰς,
777 1530 892 1577 τέλος
930 1523 1015 1570 οὔτ’
1057 1527 1241 1581 ἴσχυσαν
1285 1529 1325 1570 οἱ
1362 1530 1580 1583 πρέσβεις,
1614 1526 1786 1570 >taedae

281 1595 580 1650 ἐπετέτραπτο,
622 1597 736 1651 σφᾶς
774 1594 1036 1648 ποιήσασθαι
1084 1593 1162 1645 τὰς
1199 1594 1415 1650 συνθήκας
1433 1612 1446 1623 ·
1501 1592 1574 1636 ἐπὶ
1611 1596 1735 1637 πέντε
1780 1627 1785 1629 -

282 1659 504 1710 ἕνιαυτοὺς
546 1657 655 1703 εἶναι
692 1660 940 1717 ἐρ’ῥωμένας
994 1659 1222 1717 συνήρεσεν
1264 1656 1485 1719 ἀμφοτέρα
1521 1658 1734 1718 πολιτείᾳ,

373 1773 407 1806 8.
434 1764 542 1804 οἷοίτ’
573 1771 616 1804 Η,
640 1797 651 1813 ,
669 1763 758 1806 oto»
783 1770 866 1819 (sic)
889 1770 986 1817 vulg,
1084 1782 1134 1805 ιο.
1163 1770 1222 1816 ἐν]
1249 1771 1298 1808 ὥς
1324 1770 1372 1806 ἄν
1404 1771 1446 1805 ἐν
1470 1771 1563 1804 coni.
1589 1770 1627 1804 B.
1681 1781 1732 1804 ιι.

374 1819 414 1851 οἳ
436 1818 492 1859 Ν.,
515 1815 538 1852 ἃ
559 1818 653 1863 vulg.
752 1819 804 1853 16.
824 1820 865 1852 In
887 1819 1048 1864 margine
1064 1818 1199 1852 codicis
1217 1818 1437 1864 adscriptum
1461 1824 1528 1851 est:
1555 1815 1667 1859 Ζήτει
1695 1815 1738 1850 ἐν

373 1866 426 1909 τῷ
451 1866 542 1912 περὶ
566 1863 821 1912 δημηγοριῶν.
917 1863 973 1901 2'0.
994 1865 1064 1899 οὐκ
1080 1865 1173 1900 coni.
1196 1866 1242 1900 N.
1334 1877 1389 1900 αι.
1414 1865 1481 1899 ἐπὶ
1512 1863 1552 1899 δὲ
1564 1865 1675 1899 πέντε
1692 1862 1736 1897 Ν.

286 1965 475 1996 statutum.
528 1960 617 1996 c-um
643 1963 755 2008 igitur
778 1960 888 1995 huius
927 1964 982 1996 rei
1013 1961 1267 1997 tantummodo
1305 1961 1583 2009 consequendae
1622 1959 1738 2003 gratia

283 2006 527 2053 quadraginta
565 2010 730 2056 quinque
762 2021 957 2043 aureorum
988 2009 1105 2042 millia
1138 2014 1387 2051 numerasset,
1420 2009 1542 2043 rediit.
1600 2008 1646 2041 Et
1675 2005 1735 2040 his

284 2057 473 2095 transactis
501 2056 678 2090 Eusebius
712 2055 785 2088 dux
809 2056 1021 2099 Byzantium
1045 2057 1248 2088 arcessitur.

384 2114 434 2135 11.
482 2102 645 2135 Mittitur
668 2101 803 2136 deinde
827 2104 866 2136 in
880 2103 1063 2136 Persarum
1076 2103 1259 2147 regionem
1275 2102 1413 2147 legatus
1430 2101 1621 2142 Traianus,
1638 2101 1736 2135 inter

288 2148 462 2192 patricios
477 2149 666 2193 ascriptus,
683 2150 746 2194 qui
759 2150 959 2195 quaestoris
977 2149 1188 2193 magistratu
1202 2149 1432 2193 fungebatur,
1455 2159 1562 2193 quem
1580 2158 1600 2179 a
1621 2158 1736 2194 quae—

289 2194 404 2232 rendo
429 2205 448 2226 a
475 2197 642 2229 Romanis
673 2197 725 2229 sic
748 2196 888 2229 dictum
913 2206 990 2230 esse
1017 2201 1118 2239 puto.
1167 2196 1298 2229 Missus
1322 2200 1378 2229 est
1402 2206 1473 2229 una
1491 2204 1639 2240 quoque
1671 2195 1738 2228 Za-

290 2239 448 2281 charias,
483 2243 589 2285 cuius·
609 2247 715 2276 antea
739 2243 982 2282 meminimus,
1016 2248 1068 2284 ut,
1094 2243 1126 2275 si
1151 2248 1319 2287 possent,
1347 2242 1456 2274 trium
1480 2251 1655 2274 annorum
1678 2241 1740 2275 inv

293 2285 417 2320 ducias
459 2299 523 2332 per
561 2289 748 2322 Orientem
777 2294 814 2323 et
834 2289 1041 2322 Armeniam
1065 2289 1248 2330 facerent,
1278 2288 1458 2333 tantisper
1486 2286 1572 2320 dum
1597 2287 1662 2320 alii
1689 2297 1735 2321 ex

290 2338 447 2378 utroque
472 2346 581 2379 regno
611 2337 650 2368 in
675 2336 809 2369 finibus
841 2337 1100 2376 convenirent,
1134 2337 1199 2380 qui
1231 2335 1486 2369 controversias
1522 2333 1735 2367 dirimerent

291 2384 330 2412 et
355 2379 545 2412 consilium
569 2381 768 2423 haberent,
795 2394 867 2428 qua
892 2384 1033 2416 ratione
1057 2382 1096 2415 in
1119 2387 1335 2427 perpetuum
1360 2391 1456 2413 arma
1488 2378 1734 2425 deponerent:

291 2427 323 2459 si
347 2425 416 2459 hoc
444 2426 593 2460 minime
624 2429 852 2471 succederet,
885 2429 1054 2467 induciae
1078 2430 1206 2462 saltem
1230 2428 1324 2462 tanti
1357 2426 1534 2472 temporis>
1562 2439 1626 2472 pro
1652 2426 1734 2467 his,

295 2473 362 2517 qui
389 2470 435 2504 ad
465 2472 650 2507 Orientem
674 2476 861 2517 incolunt,
894 2476 994 2509 omni
1022 2476 1162 2510 ratione
1187 2475 1404 2510 obtinerent.
1454 2475 1577 2517 Legati
1601 2473 1666 2507 uhi
1687 2471 1736 2506 ad

294 2529 415 2564 regem
438 2519 621 2552 Persarum
655 2527 900 2564 accesserunt,
924 2524 962 2555 in
987 2523 1196 2556 concionem
1218 2521 1336 2555 vocati
1366 2520 1457 2553 haee
1481 2519 1662 2553 dixerunt.
1690 2537 1736 2545 —

290 2565 418 2599 Multis
444 2564 538 2599 ultro
563 2566 726 2612 citroque
752 2571 860 2603 motis
886 2568 1110 2604 sermonibus
1141 2570 1268 2603 Persae
1292 2569 1331 2600 in
1354 2566 1647 2612 quinquennium
1671 2566 1733 2599 in-

292 2610 436 2652 ducias,
471 2611 621 2646 Romani
656 2624 720 2658 per
749 2617 948 2649 triennium
983 2621 1124 2649 tantum
1158 2616 1277 2649 valere
1314 2613 1495 2647 volebant.
1551 2614 1732 2647 Postremo

290 2658 403 2703 legati
427 2658 665 2692 Romanorum
681 2685 690 2699 ,
724 2662 816 2695 sicut
841 2663 929 2706 ipsis
954 2662 1163 2695 mandatum
1190 2666 1285 2701 erat,
1316 2659 1356 2692 in
1380 2670 1422 2692 eo
1456 2671 1532 2694 non
1564 2659 1735 2705 perstite-

292 2710 396 2745 runt,
425 2711 470 2739 ut
493 2705 601 2739 trium
627 2717 804 2740 annorum
832 2708 999 2742 induciae
1027 2710 1178 2749 fierent3
1203 2706 1266 2741 sed
1290 2707 1329 2740 in
1358 2708 1651 2752 quinquennium
1675 2705 1732 2738 iu-

293 2751 416 2787 ducias
441 2763 518 2788 esse
542 2751 682 2798 placuit
711 2754 856 2803 utrique
891 2755 1031 2790 civitati
1063 2752 1312 2792 tautummodo
1340 2763 1405 2800 per
1439 2753 1645 2795 Orientem,
1684 2750 1731 2786 ob
