1924 3164
306 159 427 215 332·
768 188 770 191 f
875 169 1178 220 ,ExcERPTA‘
1200 187 1204 190 —

121 278 384 327 1105792021‘
409 281 454 323 ἐκ
482 281 566 321 τῶν
593 276 815 333 παρόντων
855 294 901 319 τε
944 281 1016 320 καί
1044 279 1330 332 ἐνδεχομένων
1359 280 1599 336 στράτευμα
1627 281 1754 332 ξυναέ

143 328 226 409 ,11Ῡέ
219 341 447 411 εἓιζζγείρας
486 343 673 387 ἔστελλεν
713 340 734 384 ὅ
772 343 996 397 βασιλεύς·
1026 343 1117 386 ’καί
1149 344 1222 399 τήν
1259 339 1388 399 ἄλλην
1415 346 1576 387 ἐτίθετο
1605 346 1752 399 ἐπιμέ-

305 410 502 453 λειάντε
548 408 621 450 καί
655 408 867 465 σπουδὴν,
907 408 951 451 εἴ
981 410 1069 459 πώς
1109 426 1227 459 τινας
1267 413 1352 452 τῶν
1388 410 1632 465 ἡγουμένων
1675 411 1754 452 τοῦ

256 473 610 531 ΒΛργγιβάρδων
638 473 788 524 ἔθνους
816 474 1064 531 δεξιώσηται
1093 475 1244 532 δώροις
1271 475 1512 518 ὖποπείθων
1539 477 1611 518 καὶ
1636 474 1755 530 μεγί-

305 558 408 590 στας
435 540 784 594 ἐπαγγελλόμενος
811 538 1005 597 χάριτας.
1057 537 1138 596 ἤδη
1165 557 1210 583 τε
1238 544 1427 583 πλεῖστοι
1453 543 1538 584 τῶν
1566 543 1788 586 δυνατῶνὸ

305 608 567 660 μετετίθεντο
597 605 655 654 ὥς
678 605 949 660 εΡωμαίους,
997 606 1074 661 τήν
1113 609 1159 649 ἐκ
1198 610 1275 649 τοῦ
1302 603 1610 664 αὐτοκράτορος
1637 607 1753 663 ω’φέ-

306 675 426 714 λειαν
453 670 797 726 προσδεχόμενοι.
1174 675 1177 678 ’

414 737 464 778 λ’.
509 734 600 780 Ὅτι
648 736 838 789 Βαϊανὸς
875 736 897 780 ὅ
936 741 1020 782 ταῖν
1066 738 1256 794 Ἇβὰρων
1295 736 1494 793 Χαγοίνος
1549 739 1753 791 ούδεμιᾶς

302 802 502 858 α’φορμῆς
528 798 556 857 ἢ
584 801 781 857 σκήψεως
808 803 1039 859 λαβόμενος
1048 838 1061 858 ,
1090 805 1190 846 οῦδὲ
1218 806 1357 859 ψευδῆ
1384 806 1485 859 γοῦν
1507 802 1614 846 κατὰ
1641 801 1753 846 ‘Pm-

301 869 442 921 μαίων
484 866 624 910 αἰτίαν
651 868 837 919 α’ξιαὶσας
865 869 961 913 τινα
992 873 1234 922 συνθεῖναι,
1279 868 1387 911 α’λλά
1426 868 1508 926 γὰρ
1543 871 1617 911 καί
1642 867 1814 914 nardus

302 931 402 975 τόδε
430 933 585 986 ὅμοίως
609 932 656 976 τὸ
683 933 773 985 ἔτος
805 937 1024 991 Ταργίτιον
1051 934 1157 991 πρὸς
1183 936 1361 989 βασιλέα
1389 934 1575 989 στείλας,
1614 934 1672 986 ὥς
1699 933 1754 977 τὰ

303 1000 597 1053 συνταχθέντα
625 1000 847 1053 κομίσαιτο
875 1004 960 1044 τῶν
985 1000 1234 1058 χρημάτων,
1267 995 1539 1057 (ὀγδοήκοντα
1573 1003 1621 1043 δὲ
1644 1004 1759 1054 χιλι-

302 1063 399 1113 άδες
427 1065 619 1121 ὑπῆρχον
648 1068 709 1115 εἰς
737 1065 828 1116 ἔτος
859 1069 1032 1110 ἕκαστον
1059 1066 1373 1124 νομισμάτων,>
1422 1066 1566 1122 ἐπειδὴ
1598 1063 1672 1108 τόν
1712 1081 1760 1108 τε

304 1124 432 1177 ἄλλον
459 1130 648 1187 φόρτον,
688 1130 738 1174 ὃν
780 1134 827 1174 ἐκ
860 1135 944 1175 τῶν
985 1133 1217 1190 χρημάτων
1244 1129 1572 1187 ἐνεπορεύσατο,
1612 1130 1688 1173 καί
1711 1129 1759 1173 τὸ

301 1197 481 1250 χρυσίον
522 1195 634 1250 ἔχων
673 1199 875 1253 ἐπανῆκεν
916 1198 973 1248 ὥς
1002 1197 1154 1251 αὐτὸν,
1199 1200 1357 1247 ἐκεῖνος
1395 1195 1814 1252 οἷναισχυπόταται“5

177 1260 296 1307 Ρ-197
313 1260 384 1302 καί
408 1259 720 1317 βαρβαρώτατα
751 1259 873 1320 ἄφνω
902 1264 1152 1320 παραλύσας
1188 1262 1266 1314 τὰς
1292 1261 1534 1319 συνθήκας,
1566 1261 1619 1312 ἃς
1655 1261 1759 1318 πρὸς

311 1329 504 1382 Τιβέριον
552 1329 627 1382 τῆς
664 1330 886 1385 Καίσαρος
930 1329 1132 1383 ἐπιβάντα
1169 1330 1300 1386 τύχης
1338 1328 1473 1378 εὐθύς
1519 1330 1564 1372 ἐν
1605 1330 1761 1385 ἅρχαῖς

305 1391 561 1447 ἐποιήσατο,
607 1394 682 1435 καί
718 1397 982 1451 πανστρατιᾷ
1023 1394 1226 1449 κινήσας,
1273 1397 1516 1451 α’φικνεῖται
1553 1393 1662 1436 κατὰ
1704 1393 1770 1450 δὴ·

305 1456 379 1500 τὸν
413 1456 525 1499 Σάον
550 1457 771 1514 ποταμὸν,
809 1458 963 1513 μεταξύ
1005 1462 1185 1515 Σιρμίου
1215 1453 1372 1508 πόλεως
1399 1461 1472 1502 καί
1499 1459 1770 1515 Σιγγηδόνος.ι

308 1521 384 1565 καὶ
407 1525 623 1580 γεφυροῦν
649 1526 857 1580 ἐπεχείρει
883 1523 958 1567 τὸν
987 1525 1092 1581 ῥοῦν
1107 1559 1120 1578 ,
1159 1525 1445 1579 ἐπιβουλεύων
1481 1527 1559 1579 μὲν
1597 1527 1821 1587 Etputfqtaq*

308 1589 360 1646 τῇ
388 1588 508 1629 πόλει
535 1587 610 1631 καί
634 1589 995 1646 παραστήσασθαι
1021 1591 1174 1646 ταύτην
1200 1591 1480 1644 βουλόμενος·
1517 1592 1661 1639 δείσας
1678 1592 1772 1645 δὲ,

307 1652 369 1709 μή
399 1655 683 1709 διακωλυθείη
711 1653 818 1711 πρὸς
839 1658 927 1698 ταῖν
949 1656 1180 1709 εΡωμαίων
1220 1659 1304 1698 τῶν
1330 1646 1696 1712 ἐπιφυλαττῦντων,
1717 1657 1768 1698 ἐν

312 1719 531 1778 Σιγγηδόνι
557 1719 631 1763 καὶ
655 1714 732 1776 τήν
759 1723 806 1763 ἐκ
833 1725 991 1776 πολλοῦ
1017 1723 1096 1764 τοῦ
1110 1719 1279 1778 ’χρόνου
1309 1719 1458 1777 πεῖράν
1492 1737 1538 1763 τε
1566 1723 1640 1764 καί
1673 1722 1767 1763 ἐπι-ι

410 1836 443 1871 8.
468 1831 635 1879 Ἀβοξρων
658 1833 703 1866 H.
719 1858 729 1875 ‚
757 1832 927 1880 ’Λροῖβων
949 1833 1047 1880 vulg.-
1136 1823 1197 1870 53.
1223 1832 1446 1880 Σιγγηδῶνι
1467 1834 1603 1879 passim
1623 1833 1718 1878 vulg.

319 1921 452 1957 scebat.
503 1923 554 1957 Eo
570 1923 705 1966 factum
725 1928 799 1965 est,
825 1929 867 1958 ut
889 1926 1090 1969 Imperator
1114 1925 1232 1958 nullas
1256 1925 1406 1959 idoneas
1432 1925 1576 1970 copias,
1600 1936 1694 1971 quae
1718 1925 1768 1958 il-

319 1971 436 2004 larum
460 1971 618 2015 partium
643 1969 751 2003 rebus
779 1971 1012 2005 sublevandis
1037 1971 1262 2013 sufficerent,
1290 1973 1460 2006 mitteret.
1508 1972 1768 2006 Verumtamen

322 2017 491 2057 delectu,
530 2022 572 2050 ut
594 2028 650 2050 res
677 2016 782 2057 tulit,
816 2017 963 2058 habito,
988 2019 1218 2059 exercitum,
1255 2030 1361 2063 quem
1386 2018 1528 2063 potuit,
1562 2018 1685 2059 misit,
1710 2023 1769 2051 at-

322 2074 396 2109 que
422 2063 530 2097 etiam
555 2074 661 2096 omne
685 2063 847 2097 studium
873 2069 911 2098 et
935 2064 1164 2110 diligentiam
1190 2064 1380 2106 adhibuit,
1408 2077 1479 2110 quo
1504 2063 1768 2108 Longobardo-

323 2121 405 2144 rum
431 2109 541 2143 duces
566 2110 672 2143 donis
707 2110 972 2152 demereretur,
1008 2123 1098 2156 quos
1121 2122 1248 2156 magna
1271 2111 1345 2145 illis
1376 2111 1532 2155 praemia
1566 2110 1772 2144 retributu-

324 2167 412 2196 rus,
438 2156 484 2189 ad
505 2168 585 2190 suas
610 2162 731 2202 partes
760 2157 977 2191 traduceret.
1027 2158 1159 2203 Itaque
1184 2159 1352 2203 plerique
1378 2169 1422 2190 ex
1448 2155 1771 2202 Longobardorum

325 2202 579 2249 principibus,
602 2203 797 2247 largitione
822 2204 1051 2248 Imperatoris
1077 2211 1223 2248 accepta
1241 2230 1251 2245 ‚
1273 2204 1320 2236 ad
1343 2204 1519 2238 Romanos
1545 2202 1770 2237 defecerunt.

422 2250 477 2282 30.
526 2250 703 2290 Baianus,
725 2250 880 2284 Avarum
907 2250 1112 2296 Chaganus,
1137 2251 1263 2284 eodem
1288 2262 1381 2284 anno
1408 2250 1608 2294 Targitium
1631 2250 1772 2283 adlm-

327 2300 555 2341 peratorem,
581 2296 646 2340 qui
667 2298 844 2341 praestari
869 2297 976 2330 solita
1002 2297 1184 2342 stipendia
1212 2298 1389 2342 exigeret,
1413 2296 1529 2335 misit,
1560 2295 1680 2340 (erant
1703 2307 1772 2330 au·-

330 2346 407 2375 tem
432 2342 615 2386 octoginta
639 2343 755 2376 millia
778 2354 1026 2385 nummorum,
1061 2355 1153 2390 quae
1180 2343 1375 2390 quotannis
1405 2342 1699 2387 pendebantur,)
1733 2347 1773 2376 et

329 2388 397 2421 ubi
422 2399 503 2420 cum
528 2389 678 2433 reliquis
703 2390 905 2431 mercibus,
934 2402 1023 2435 quas
1049 2395 1208 2431 emerat,
1233 2395 1271 2423 et
1294 2401 1372 2423 cum
1393 2401 1478 2423 auro
1496 2388 1540 2422 ad
1555 2389 1659 2421 illum
1683 2387 1771 2421 red·-

329 2433 442 2468 ierat:
478 2432 672 2476 barbarus,
708 2436 810 2469 nulla
846 2437 1034 2471 occasione
1066 2443 1129 2471 aut
1153 2448 1258 2471 causa
1277 2437 1447 2476 conficta,
1471 2446 1518 2468 ne
1539 2435 1665 2468 falsam
1685 2434 1771 2480 qui-

331 2481 415 2513 dem
440 2482 705 2514 accusationem
730 2483 770 2516 in
794 2483 970 2517 Romanos
987 2485 1208 2517 comminisci
1230 2484 1395 2527 dignatus
1409 2507 1418 2522 ‚
1439 2481 1769 2525 impudentissime,

331 2527 397 2573 qui
425 2525 588 2559 barbaris
612 2538 688 2561 mos
713 2534 786 2569 est,
813 2529 982 2571 foedera,
1014 2541 1108 2576 quae
1133 2541 1214 2563 cum
1239 2529 1390 2564 Tiberio
1417 2528 1524 2561 initio
1553 2528 1630 2560 eius
1652 2527 1770 2572 impe-

330 2573 380 2606 rii
402 2573 560 2612 fecerat,
585 2575 702 2617 rupit,
728 2581 765 2608 et
788 2587 870 2608 cum
895 2577 992 2609 omni
1019 2578 1178 2610 exercitu
1205 2586 1350 2609 movens
1382 2575 1426 2608 ad
1453 2575 1582 2607 Savum
1616 2573 1768 2607 fluvium

330 2621 429 2653 inter
453 2618 621 2652 Sirmium
646 2621 820 2664 oppidum
835 2647 844 2662 ‚
876 2622 970 2666 (hoc
994 2635 1038 2656 ex
1056 2623 1200 2657 insidiis
1225 2633 1350 2668 capere
1376 2620 1600 2667 cogitabat,)
1623 2625 1660 2653 et
1683 2619 1769 2653 Sin-

331 2666 509 2710 gedonem
534 2671 651 2700 castra
673 2668 798 2710 ponit,
823 2673 861 2701 et
889 2669 1037 2702 fluvium
1061 2674 1173 2714 ponte
1197 2670 1344 2714 iungere
1373 2669 1535 2712 suscipit.
1585 2666 1674 2699 Cum
1702 2675 1771 2698 au-

332 2719 407 2748 tem
430 2712 598 2756 timeret,
629 2724 675 2749 ne
700 2723 721 2746 a
746 2713 915 2748 Romanis
950 2716 1210 2762 impediretur,
1243 2716 1309 2762 qui
1334 2714 1539 2761 Singedone
1563 2713 1603 2747 in
1629 2711 1770 2759 praesis-
