1924 3164
451 434 562 475 ΕΚ
619 432 792 473 ΤΗΣ
854 401 1330 474 ιὲΤοΡιΑΣ

232 533 812 595 ΜΕΝΑΝΛΡΟΤ
894 525 1548 592 ΠΡΟΤΙΚΤΟΡΌΣ

270 653 599 697 ΕΚΛΟΓΑΙ
627 652 811 691 ΠΕΡΙ
844 650 1235 691 ΠΡΕΣΒΕΩΝ
1266 651 1512 692 ΕΘΝΩΝ

554 751 763 784 ΠΡΟΣ
805 749 1235 783 ΡΩΜΑΙΟΥΣ.

584 926 688 966 EX
743 925 1194 966 HISTORIA

196 1027 749 1092 MENANDRI
826 1016 1587 1086 PROTECTORIS

261 1146 558 1189 EXCERPTA
586 1146 662 1185 DE
699 1144 1112 1185 LEGATIONIBUS
1139 1145 1523 1186 BARBARORUM

629 1242 659 1275 A
688 1241 720 1275 D
776 1242 804 1274 R
829 1242 860 1275 Ο
885 1242 923 1275 Μ
947 1243 976 1276 Α
1000 1242 1033 1275 N
1062 1243 1092 1276 O
1118 1242 1152 1276 S.

683 1428 1102 1469 ARGUMENTUM.

277 1541 417 1575 Avares
440 1550 462 1572 a
479 1539 683 1572 Iustiniana
708 1537 810 1572 sedes
830 1546 957 1584 petunt
981 1539 1083 1572 intra
1098 1536 1204 1585 fines
1226 1537 1368 1583 imperii
1380 1540 1559 1587 Romani(
1565 1545 1609 1589 1),

187 1587 299 1622 Iidem
324 1600 347 1620 a
379 1586 592 1619 Iustiniano
631 1586 802 1629 instigati
837 1586 932 1619 bella
956 1592 1087 1630 gerunt
1122 1595 1200 1616 cum
1239 1586 1418 1621 Hunnicis
1440 1591 1607 1633 gentibus

186 1635 249 1679 (2).
295 1631 530 1671 Mezamirus,
558 1635 734 1664 Antarum
754 1629 806 1663 ad
822 1634 963 1664 Avares
986 1632 1142 1675 legatus,
1163 1630 1208 1663 ab
1221 1629 1277 1664 his
1303 1633 1527 1669 interimitur
1545 1638 1607 1680 (3).

188 1681 322 1724 Legati
348 1681 506 1712 Avarum
534 1676 585 1709 ad
606 1689 724 1710 novas
756 1676 855 1711 sedes
876 1675 1050 1722 petendas
1077 1677 1178 1710 missi
1200 1678 1374 1718 Byzantii
1398 1679 1610 1716 detinentur

189 1726 257 1771 (4)·
303 1726 462 1759 lustinus
492 1725 655 1756 Avarum
689 1723 918 1756 conditiones
951 1723 1099 1767 superbe
1134 1723 1272 1768 respuit
1295 1724 1357 1768 (5).
1403 1727 1489 1760 Post
1511 1741 1610 1763 mor-

190 1780 261 1805 tem
286 1770 416 1809 Zichi,
451 1771 641 1803 Persarum
674 1769 808 1814 legati,
844 1768 1014 1803 Meboaes
1047 1770 1264 1813 Byzantium
1289 1773 1463 1806 mittitur:
1491 1786 1608 1821 neque

192 1819 266 1863 ipse
299 1827 365 1850 nec
392 1816 658 1848 Saracenorum
686 1815 823 1859 legati,
861 1827 1012 1859 quorum
1045 1827 1190 1848 causam
1222 1815 1324 1860 apud
1355 1819 1614 1864 Imperatorem

192 1865 297 1908 agit,
325 1873 418 1907 quae
444 1863 611 1905 cupiunt,
638 1862 833 1905 impetrant
844 1862 906 1904 (6).
956 1861 991 1894 T
986 1872 1154 1894 urcorum
1167 1862 1282 1906 legati
1310 1875 1332 1895 a
1356 1865 1475 1898 Persis
1503 1867 1616 1911 spreti

191 1909 407 1953 Byzantium
438 1906 725 1951 proficiscuntur
755 1905 807 1939 ad
830 1909 1042 1939 commercia
1075 1918 1152 1940 cum
1174 1907 1347 1941 Romanis
1370 1910 1529 1955 petenda
1552 1913 1614 1956 (7).

192 1953 411 1989 Zemarchus
437 1964 459 1984 a
494 1953 677 1996 legatione
703 1950 753 1984 ad
777 1952 914 1985 Tur-cos
936 1952 1080 1986 rediens
1114 1954 1256 1997 magnis
1279 1955 1424 1988 itineris
1451 1956 1619 2004 difficul-

193 2001 329 2036 tatibus
352 2008 387 2034 εἰ
407 1997 582 2044 periculis
609 1997 758 2030 laborat
779 1996 826 2042 (8.
851 1998 898 2041 9).
946 2000 1088 2031 Avares
1114 2006 1148 2031 et
1172 1999 1311 2032 Franci
1332 2001 1462 2044 foedus
1488 2006 1618 2038 ineunt

193 2047 278 2093 (10).
341 2043 662 2089 Langobardorum
696 2044 811 2087 legati
847 2046 988 2077 Avares
1016 2052 1146 2077 contra
1184 2044 1340 2090 Gepidas
1374 2056 1409 2081 et
1439 2049 1620 2084 Romanos

196 2094 398 2127 sollicitant
420 2092 505 2135 (11).
555 2088 790 2133 Longobardi
825 2101 922 2123 nunc
948 2090 993 2121 ab
1027 2090 1224 2130 Avaribus,
1248 2099 1360 2126 'nunc
1392 2106 1416 2128 a
1446 2096 1620 2130 Romanis

196 2139 338 2172 auxilia
359 2145 486 2182 petunt
506 2134 589 2180 (12).
638 2136 815 2171 Baianus,
828 2140 989 2168 Avarum
1004 2135 1202 2180 chaganus,
1220 2137 1361 2181 legatos
1380 2140 1621 2175 Romanorum

196 2187 237 2219 in
264 2184 418 2218 vincula
453 2183 606 2215 coniicit
646 2181 731 2225 (13).
802 2179 900 2214 Idem
940 2190 1020 2227 post
1060 2182 1192 2214 multas
1224 2181 1506 2226 disceptationes
1540 2200 1620 2222 eum

195 2233 318 2271 Bono,
351 2231 592 2263 Romanorum
623 2225 736 2267 duce,
771 2228 889 2260 iratus
927 2228 971 2260 ab
997 2226 1184 2261 obsidione
1224 2229 1350 2263 Sirmii
1371 2232 1507 2267 recedit
1534 2234 1621 2278 (14).

196 2277 355 2323 Superba
369 2276 404 2309 T
401 2275 528 2319 argitii
548 2275 735 2319 postulata
755 2285 777 2306 a
791 2274 932 2306 Iustino
953 2285 1031 2306 eum
1049 2282 1251 2318 contemptu
1269 2276 1514 2321 repudiantur
1534 2279 1620 2326 (15).

200 2324 312 2357 Turci
336 2322 513 2356 Iustinum
546 2319 596 2352 ad
627 2320 757 2353 bellum
791 2330 868 2351 cum
897 2320 1015 2352 Persis
1052 2319 1305 2354 renovandum
1345 2324 1504 2358 incitant
1532 2327 1620 2372 (16).

197 2370 358 2403 Iustinus
380 2368 503 2400 nullas
529 2370 690 2399 Avarum
719 2364 949 2399 conditiones
967 2364 1128 2399 admittit
1149 2365 1237 2409 (17),
1289 2368 1369 2402 Pax
1394 2374 1622 2416 componitur

201 2415 300 2448 inter
322 2415 501 2449 Romanos
537 2420 571 2445 et
601 2413 744 2444 Avares
771 2412 855 2455 (18).
917 2413 1079 2444 Avarum
1107 2411 1221 2455 legati
1246 2425 1270 2446 a
1292 2414 1497 2450 latronibus
1522 2421 1622 2465 expi-

200 2461 271 2495 lati
294 2471 456 2499 ressuas
485 2470 508 2490 a
534 2458 680 2491 Tiberio
705 2465 870 2501 repetunt
896 2456 980 2502 (19).
1028 2457 1236 2491 Sebochthes
1263 2460 1439 2505 legatusa
1466 2464 1626 2499 Chosroe·

202 2506 254 2541 ad
279 2508 455 2540 Iustinum
482 2505 608 2537 missus
632 2502 682 2536 ad
691 2501 827 2548 foedus
850 2504 947 2536 inter
975 2504 1107 2537 Persas
1133 2511 1167 2536 et
1198 2505 1377 2541 Romanos
1404 2510 1622 2544 instauran-

207 2553 292 2587 dum
313 2554 397 2598 (20).
444 2551 596 2584 Iacobus
622 2550 831 2582 insolentem
848 2550 1015 2583 Chosrois
1036 2550 1222 2595 epistolam
1238 2552 1384 2587 Tiberio
1409 2563 1443 2588 et
1467 2556 1622 2602 Sophiae

204 2602 388 2645 Augustae
425 2595 539 2630 tradit
575 2598 661 2640 (21).
707 2595 871 2628 Sahirum
899 2603 933 2629 et
955 2596 1155 2634 Alanorum.
1193 2598 1307 2642 legati
1329 2598 1372 2633 de
1397 2613 1487 2645 pace
1510 2612 1624 2647 agunt

206 2658 284 2680 cum
313 2644 457 2678 Tiberio
486 2643 641 2676 Caesare
664 2641 749 2685 (22).
795 2641 1037 2674 Romanorum
1062 2650 1096 2676 et
1120 2643 1309 2677 Persarum
1335 2645 1368 2679 le
1396 2649 1452 2679 ati
1474 2649 1512 2680 in
1539 2661 1625 2682 con-

204 2691 311 2736 finiis
338 2691 524 2733 utriusque
550 2688 694 2732 imperii
716 2687 942 2720 conveniunt
967 2687 1051 2731 (23).
1098 2689 1304 2724 Zacharias
1327 2700 1362 2724 et
1384 2693 1553 2727 Mebodes
1580 2693 1623 2728 de

203 2749 294 2781 pace
319 2739 416 2770 inter·
439 2736 615 2768 Romanos
645 2742 678 2767 et
708 2734 833 2767 Persas
846 2732 1069 2768 restituenda
1096 2745 1226 2780 agunt:
1246 2737 1399 2772 Romani
1420 2740 1625 2776 I'ersarme-
