1924 3164
565 203 636 242 Ex
673 197 890 242 EUNAPu
930 200 1203 242 ms'romA.
1496 180 1572 255 95

129 302 396 361 συγγραφεύς
424 303 673 357 αἰδεσθῆναι
698 300 776 357 τὴν
800 300 1007 358 τοσαύτην
1030 295 1253 346 οἷναίδειαν
1277 302 1353 343 καὶ
1377 300 1574 359 ἰταμότη-

130 389 184 413 τα
205 371 439 424 συμπείσας
461 371 528 425 ἐφ’
557 366 619 417 οἷς
646 363 699 423 ἦν
726 367 864 423 λόγοις
890 363 1024 426 ᾤχετο
1054 366 1206 421 ἆπιιόν,
1236 365 1476 423 τεθηπότων
1491 371 1575 411 τῶν

131 436 363 492 παρόντων,
390 432 458 476 ὅτι
473 430 694 490 ἄνθρωπος
722 436 766 485 ἐξ
790 430 1108 490 Ἀλεξανδρείας
1135 431 1327 490 γλῶσσάν
1351 449 1397 475 τε
1421 435 1574 488 ἐπέσχε

132 501 205 544 καὶ
221 504 435 558 φλυαρίαν
457 501 652 555 ἐπέστησε
675 499 750 542 καί
763 498 810 542 τὸ
832 500 1056 556 πρόσωπον
1073 503 1304 553 κατέκοψεν
1324 498 1578 554 ἐρυθήματι.

105 566 130 607 5
241 569 314 623 ξη’.
363 567 412 610 Ὁ
439 568 486 610 δὲ
513 564 618 622 πρὸς
663 565 735 608 τὸν
779 559 974 621 Ἰωάννην
1013 567 1270 621 ἐπιστρέψας
1319 563 1389 608 τὸν
1441 563 1576 620 λόγον,

131 630 271 687 „nimai
299 631 354 675 ου’
381 635 449 687 γε”
479 628 567 674 εἶπε
594 631 790 685 ,,ποὶντων
829 628 872 674 εἶ
894 634 976 674 τῶν
1014 633 1154 674 κακῶν
1200 631 1355 686 αἴτιος,
1401 631 1502 681 τούς
1531 647 1579 674 τε

131 700 330 753 βασιλέας
360 699 593 751 διατέμνων
622 699 668 739 ἐκ
696 699 768 752 τῆς
801 699 922 754 σφῶν
950 697 1093 739 αὐτῶν
1121 696 1377 752 κολλήσεως,
1429 697 1504 739 καὶ
1527 696 1576 739 τὸ

130 764 490 820 θεοπρεπέστατον
526 761 648 820 ἔργον
687 756 761 806 καί
799 760 1083 819 οὐρανόμηκες
1117 763 1363 819 ὑπορύττων
1401 766 1475 806 καί
1505 780 1580 805 κα-

131 831 311 873 τασείων
348 836 440 878 ταῖς
478 835 572 879 σαῖς
598 836 808 886 μηχαναῖς
837 831 880 879 ἐς
917 831 1113 872 διάλυσιν
1142 829 1216 871 καὶ
1243 830 1434 886 φθοράν.
1489 827 1581 872 ἔστι

82 899 179 939 ιοδὲ
205 893 433 951 πανόλβιόν
472 914 515 938 τι
542 898 688 953 χρῆμα
730 898 805 938 καί
829 902 968 951 τεῖχος
1013 891 1225 953 ἆρ’ᾆηκτον
1251 895 1324 938 καί
1350 893 1582 949 ἀδαμάντι-

131 979 201 1006 νον
228 961 327 1012 τούς
355 963 554 1016 βασιλέας
597 964 642 1004 ἐν
675 962 764 1004 δύω
792 961 963 1015 σώμασι
1003 963 1107 1016 μιάν
1148 963 1368 1016 βασιλείαν
1407 960 1581 1016 ἔχοντας

132 1028 395 1086 φαινεσθαι.”
425 1027 499 1070 καί
524 1028 564 1070 οἱ
592 1026 806 1084 παρόντες,
835 1027 998 1070 τούτων
1023 1032 1275 1083 λεγομένων,
1304 1027 1383 1077 τοὶς
1409 1030 1488 1082 μὲν
1515 1043 1582 1068 xs-

132 1094 273 1151 φαλὰς
311 1095 507 1137 α’πέσειον
546 1092 686 1151 ἧσυχῇ
726 1094 800 1136 καί
838 1093 1092 1143 δεδοικότες·
1148 1094 1286 1137 ἐδόκει
1327 1093 1407 1150 γὰρ
1440 1089 1582 1142 αὖτοῖς

133 1156 283 1217 ἄριστα
311 1162 531 1214 λέγεσθαι·
587 1158 658 1203 τὸν
702 1162 749 1202 δὲ
783 1158 979 1215 Ἰωάννην
1016 1162 1240 1216 τρέμοντες
1284 1163 1358 1202 καί
1395 1159 1502 1215 πρὸς
1527 1157 1583 1201 τοὶ

83 1227 314 1283 ι’5σφέτερα
341 1228 467 1281 κέρδη
497 1227 727 1281 κεχηνότες,
748 1223 794 1280 (ἢ
821 1225 904 1280 γὰρ
926 1223 1130 1268 ἀκολασία
1159 1226 1235 1267 καί
1260 1231 1348 1275 τοῖς
1375 1231 1583 1280 πονηροῖς,

131 1288 238 1350 ᾗπερ
271 1291 445 1348 εἴρηται,
473 1291 598 1346 τιμὴν
626 1293 847 1348 ἐχαρίζετο
858 1294 892 1348 ,)
922 1293 999 1347 τῆς
1023 1293 1161 1347 κοινῆς
1186 1291 1394 1346 σωτηρίας
1426 1287 1709 1345 οἷμελή-Η-αῳ

133 1374 306 1411 σαντες,
351 1358 425 1399 καί
449 1357 783 1414 προστησάμενοι
824 1358 946 1413 σφῶν
977 1355 1119 1400 αὖταῖν
1146 1355 1223 1399 τὸν
1258 1356 1477 1411 Ἰωάννην,
1517 1372 1583 1398 τε-

129 1422 278 1477 χνικὸν
319 1420 368 1479 δή
397 1437 490 1465 τινα
519 1419 845 1479 ἱερακοτρόφον,
881 1420 956 1465 τὸν
1002 1420 1223 1479 Φράβιθον
1267 1417 1485 1478 ἀφείλοντο
1512 1422 1586 1477 τῆς

133 1490 293 1543 ψυχῆς·

78 1571 132 1598 20
241 1554 315 1605 §32
372 1553 616 1611 Παμφυλία
664 1557 765 1608 γοῦν
812 1554 896 1597 ὖπὸ
962 1556 1048 1597 ταῖν
1088 1553 1335 1610 Ἰσαυρικῶν
1383 1555 1577 1607 πολέμων
1591 1557 1678 1591 A-C-
1700 1557 1768 1602 404

133 1622 400 1677 πορθουμένη
435 1619 600 1676 χρυσὸν
639 1621 806 1674 ἐνόμισε
841 1619 914 1670 τὰς
946 1621 1189 1677 Ἰσαυρικὰς
1217 1617 1466 1679 συμφοράς·
1517 1604 1701 1685 '‘allii-{a}
1732 1661 1773 1686 m

135 1684 323 1743 καθάπερ
354 1688 399 1729 ἐν
425 1693 516 1735 ταῖς
555 1688 814 1742 διοσημείαις
845 1683 1065 1742 ἀστραπῆς
1101 1685 1307 1742 κεραυνὸς
1347 1681 1598 1743 φοβερώτεᾸ
1705 1677 1711 1684 ”

137 1769 224 1811 ρος,
255 1752 299 1808 (ἦ
338 1754 416 1804 μὲν
440 1750 520 1807 γὰρ
552 1750 736 1808 ἐφόβησε
763 1750 900 1806 μόνον,
928 1749 949 1793 ὃ
982 1754 1029 1795 δὲ
1059 1753 1344 1809 διέφθειρεν,)
1377 1750 1489 1794 οὕτω
1513 1753 1587 1794 καί

229 1832 260 1854 2.
288 1819 419 1863 λόγοις
443 1820 502 1860 B.‚
550 1818 663 1864 λόγος
686 1820 741 1853 ed.
837 1821 868 1864 4.
894 1821 1130 1867 κατέκρυψεν
1155 1820 1197 1853 Ν.
1286 1833 1320 1865 9.
1348 1819 1507 1867 φθοράν
1530 1822 1582 1861 Β.,

226 1865 356 1912 φοράν
380 1865 436 1899 ed.

134 1927 209 1959 tius
235 1929 298 1957 est.
348 1922 420 1957 Sed
445 1929 565 1956 tamen
593 1923 788 1956 historicus
813 1928 888 1956 tam
920 1922 1173 1967 impudentem
1208 1928 1354 1968 tamque
1391 1925 1582 1958 effrontem

136 1970 321 2004 hominem
371 1969 547 2015 pudorem
590 1969 757 2009 edocuit,
796 1975 905 2015 atque
942 1969 988 2001 ad
1031 1979 1107 2002 rem
1151 1971 1377 2014 propositam
1418 1970 1586 2013 devenit3

136 2017 354 2051 mirantibus
379 2016 437 2056 iis,
463 2017 527 2062 qui
551 2017 720 2057 aderant,
749 2015 848 2061 quod
874 2014 982 2048 homo
1003 2015 1272 2050 Alexandrinus
1296 2016 1458 2062 linguam
1482 2017 1587 2050 cohi-

137 2064 265 2104 beret,
293 2075 403 2109 nugas
433 2064 642 2105 omitteret,
668 2068 705 2096 et
731 2062 824 2096 facie
849 2062 1018 2096 ruborem
1042 2061 1209 2095 traheret.

231 2112 287 2145 68.
349 2111 383 2143 Is
415 2115 534 2143 autem
551 2136 560 2151 ‚
601 2119 771 2143 conversa
804 2108 850 2141 ad
873 2108 1044 2142 Ioannem
1069 2109 1254 2150 oratione,
1296 2108 1375 2148 „Tu
1393 2120 1500 2151 vero,
1526 2110 1587 2143 in-

140 2158 243 2204 quit,
268 2157 446 2191 malorum
471 2159 633 2190 omnium
658 2167 762 2190 causa
789 2167 847 2196 es,
885 2156 950 2200 qui
975 2155 1206 2189 concordiam
1230 2167 1355 2201 regum
1393 2157 1585 2196 dissocias,

138 2214 288 2248 remque
313 2205 473 2237 omnium
496 2205 840 2249 praestantissimam
867 2207 976 2247 atque
1002 2202 1196 2235 coelestem
1216 2203 1378 2237 artificiis
1402 2204 1477 2236 tuis
1500 2215 1586 2248 per-

138 2249 321 2284 turbatam
345 2261 490 2294 pessum
534 2250 609 2284 das.
679 2250 828 2296 Quippe
853 2259 994 2282 summa
1018 2249 1172 2283 felicitas
1210 2254 1320 2295 atque
1353 2249 1588 2284 adamantina

139 2296 473 2342 insuperabilisque
497 2298 646 2331 firmitas
673 2302 746 2336 est,
772 2307 852 2330 cum
878 2296 950 2329 duo
976 2306 1075 2341 reges
1100 2307 1211 2328 unum
1232 2306 1382 2342 regnum
1398 2297 1587 2341 possidere

138 2342 344 2377 videntur.“
392 2343 487 2376 Tum
513 2345 577 2390 qui
601 2344 687 2377 huic
711 2342 869 2377 orationi
900 2343 1071 2382 aderant,
1104 2342 1286 2388 capitibus
1312 2344 1415 2378 taciti
1440 2343 1587 2388 pavidi-

141 2401 214 2435 que
238 2390 438 2434 nutabant3
464 2392 566 2425 visus
589 2391 686 2425 enim
712 2396 790 2423 erat
814 2389 1011 2423 rectissime
1035 2388 1167 2426 dicere.
1215 2388 1474 2425 Verumtamen
1500 2389 1587 2423 dum

142 2447 163 2468 a
191 2437 326 2470 Ioanne
351 2436 422 2471 sibi
448 2440 602 2479 timent,
627 2443 664 2471 et
691 2448 795 2470 suum
819 2437 975 2483 quisque
1000 2436 1138 2470 lucrum
1161 2435 1379 2478 meditatur,
1403 2438 1587 2482 (namque

140 2484 302 2527 impurus
327 2483 391 2516 ille
416 2484 590 2529 improbis
617 2495 767 2530 quoque
792 2481 1004 2516 hominibus
1030 2483 1206 2524 honores,
1240 2483 1296 2516 uti
1334 2482 1469 2518 dictum
1507 2489 1587 2524 est,

140 2528 400 2575 largiebatur-3)
433 2531 612 2571 communi
647 2532 779 2565 omissa
812 2530 949 2570 salute,
980 2530 1152 2563 Ioannem
1195 2528 1268 2566 sibi
1308 2529 1586 2576 praefecerunt,

143 2575 317 2608 callidum
341 2576 478 2612 seilicet
501 2578 662 2612 Hieracis
684 2578 869 2611 alumnum
886 2602 896 2618 ‚
928 2576 1196 2622 Fravittamque
1226 2577 1300 2610 vita
1325 2577 1538 2622 spoliarunt.

172 2630 186 2644 2
236 2624 293 2666 69.
341 2622 546 2668 Pamphylia
579 2625 744 2663 Isauricis
779 2624 886 2657 bellis
918 2627 1077 2663 vastata,
1106 2622 1348 2657 nihilominus
1374 2621 1518 2658 b‘eatam
1544 2629 1592 2656 se⁴

144 2668 342 2709 iudicabat,
368 2669 398 2701 si
421 2669 483 2703 his
502 2677 647 2706 tantum
671 2671 888 2705 afficeretur.
936 2671 1011 2703 Iam
1035 2670 1143 2706 ,sicuti
1168 2671 1207 2704 in
1232 2670 1403 2716 procellis
1438 2670 1591 2715 fulgure·

144 2715 284 2748 fulmen
307 2715 572 2751 formidabilius
598 2724 673 2762 est3
698 2717 793 2752 illud
818 2717 914 2751 enim
930 2715 1100 2757 territat,
1125 2715 1196 2750 hoe
1219 2717 1421 2759 interimit3
1446 2716 1497 2749 sic
1522 2721 1591 2748 et-*

144 2762 219 2795 inm
243 2763 383 2797 Isauros
407 2766 624 2811 ceteroquin·
644 2765 772 2799 auditu
798 2765 951 2809 visuque
966 2762 1193 2805 tremendos,
1218 2764 1313 2799 veris·
1334 2763 1595 2798 tamenin‘star*
