1924 3164
275 598 686 660 HENRICI
734 602 1127 665 VALESII
1175 602 1500 665 NOTAE

570 765 653 805 IN
710 765 1213 810 EXCERPTA

243 910 755 961 CONSTANTHH
806 913 1513 966 PORPHYROGENITI

435 1073 537 1113 DE
601 1074 1327 1116 LEGATIONIBUS.

624 1354 668 1403 E
732 1354 1141 1402 DEXIPPQ

265 1481 368 1534 Pag.
402 1496 442 1536 7.
474 1480 530 1521 A.
579 1479 643 1519 ed.
669 1480 768 1520 Par.
803 1479 927 1535 [Pag.
967 1495 1029 1520 ιι.
1073 1480 1138 1519 ed.
1168 1479 1300 1519 Bonn.
1331 1478 1405 1520 ῖιη.
1438 1494 1477 1519 2.
1530 1481 1594 1520 in-
1611 1500 1641 1533 p
1655 1502 1723 1535 203

150 1538 286 1591 script.
277 1536 310 1590 .]
328 1537 513 1575 Dubitari
542 1537 685 1574 merito
713 1543 857 1589 potest,
883 1550 934 1574 an
954 1550 976 1574 e
996 1536 1165 1589 Dexippi
1181 1535 1393 1588 Scythicis,
1423 1550 1475 1574 an
1493 1548 1641 1584 verov
1657 1548 1720 1582 135

155 1606 203 1630 ex
233 1592 409 1630 eiusdem
438 1591 730 1630 Chronicorum
762 1590 875 1629 libris
904 1591 1002 1629 haec
1029 1590 1252 1643 fragmenta
1281 1590 1479 1642 descripta
1506 1592 1598 1632 sint.

155 1645 261 1684 Nam
305 1653 462 1698 praeter
498 1645 699 1698 Scythica,
735 1659 838 1697 quae
879 1644 1095 1683 laudantm
1123 1659 1147 1683 a
1174 1643 1347 1694 Photio‚
1387 1645 1598 1698 scripserat

153 1702 276 1738 etiam
304 1702 505 1752 Dexippus
537 1700 832 1738 Chronieorum
860 1699 1008 1748 lib1os,
1040 1713 1214 1751 quorum
1246 1698 1439 1738 duntaxat
1467 1701 1596 1751 epito-

151 1768 246 1793 men
290 1754 439 1807 legerat
474 1754 658 1793 Photius.
724 1754 876 1792 Eorum
914 1753 1064 1791 mentio
1104 1753 1149 1791 fit
1176 1767 1200 1791 a
1229 1753 1492 1791 Constantino
1521 1767 1596 1792 no—

151 1816 235 1848 stro
263 1809 306 1847 in
332 1808 362 1847 l.
386 1823 425 1847 2.
464 1809 514 1847 de
540 1807 797 1857 thematibus,
829 1808 898 1846 ubi
926 1808 976 1846 de
1007 1805 1262 1860 Dyrrhachio
1291 1806 1484 1859 loquitul.
1516 1808 1597 1847 Sed

152 1865 196 1902 in
235 1863 412 1929 vulgatis
451 1863 690 1902 editionibus
724 1876 934 1925 perperam
971 1863 1054 1900 eius
1084 1861 1177 1900 libri
1204 1860 1346 1899 titulus
1373 1862 1592 1901 scnibitur:

154 1917 363 1966 Δέξιππος
391 1917 437 1957 ἐν
465 1914 718 1970 Χερῥονικιῦ
747 1915 923 1970 δεκάτῳ,
971 1930 1064 1954 cum
1102 1915 1358 1955 scribendum
1397 1918 1448 1954 sit
1475 1916 1595 1968 Χοο-

152 1972 276 2012 νικῶν
305 1971 480 2027 δεκάτῳ.
537 1955 730 2010 Eiusdein
766 1972 896 2024 opelis
927 1971 1160 2010 undecimus
1188 1978 1228 2009 et
1255 1970 1514 2009 duodecimus
1545 1969 1596 2009 li-

152 2027 226 2066 ber
272 2028 418 2066 citatur
447 2041 471 2066 a
498 2026 701 2078 Stephano
731 2033 770 2065 et
796 2025 849 2064 ab
877 2025 1059 2064 Auctore
1085 2026 1220 2079 magni
1248 2024 1565 2078 Etymologici‚
1554 2040 1598 2063 m

152 2096 251 2121 voce
268 2075 476 2135 ’Έλουροι.
547 2080 754 2133 Eunapius
791 2094 951 2133 quoque
991 2081 1035 2119 in
1064 2082 1147 2119 vita
1176 2078 1420 2143 Porphyrii
1424 2080 1462 2118 id
1493 2094 1594 2132 opus

152 2143 464 2200 commemorat,
507 2149 600 2174 cum
640 2137 721 2174 ait.
765 2135 970 2183 Δέξιππος
1015 2130 1036 2174 ὃ
1063 2131 1139 2187 τήν
1163 2133 1364 2187 χρονικὴν
1404 2130 1595 2184 ἱστορίαν

151 2186 414 2243 συγγράψας.
467 2191 529 2228 De
546 2190 741 2253 Scythicis
769 2197 902 2228 autem
931 2196 1088 2242 praeter
1115 2188 1310 2228 Photium
1336 2189 1446 2242 loqui
1475 2190 1595 2228 etiam

151 2246 312 2285 videtur
339 2246 539 2298 Euagrius
576 2246 618 2283 in
658 2245 737 2283 fine
767 2243 862 2283 libri
889 2246 1020 2297 quinti
1047 2243 1236 2283 historiae
1258 2243 1558 2283 Ecclesiasticae
1577 2272 1590 2293 ,

152 2301 223 2339 ubi
251 2300 300 2339 de
327 2299 494 2339 histmia
521 2300 689 2352 Dexippi
721 2299 776 2338 sic
803 2301 883 2338 ait:
912 2298 984 2337 καί
1002 2298 1194 2364 Δεξίππῳ
1224 2296 1270 2336 δὲ
1297 2299 1467 2338 πλεῖστα
1493 2311 1592 2350 περι

149 2350 307 2394 τούτων
349 2351 598 2406 πεπόνηται,
646 2350 728 2393 α’πὸ
769 2353 963 2416 μυθικῶν
1000 2337 1219 2408 ἀρξαμένω
1248 2358 1324 2392 etc.
1395 2352 1477 2392 Sed
1504 2366 1589 2391 non

152 2409 311 2459 dubito,
343 2411 441 2462 quin
467 2408 724 2448 scribendum
751 2409 802 2447 sit
829 2403 911 2446 ἀπὸ
942 2406 1176 2446 Σκυθικῶν.

261 2465 365 2516 Pag.
403 2477 462 2502 ιο.
494 2463 550 2502 A.
578 2464 623 2501 Β.
631 2463 756 2526 [‚16
788 2461 852 2516 5.]
881 2463 1009 2525 Lege:
1039 2460 1141 2526 μηδ’
1166 2460 1227 2508 εις
1253 2453 1493 2514 ευεργεσίας
1519 2456 1588 2501 λό-

150 2530 224 2570 γον
251 2515 548 2571 προϊσχόμενοι
574 2531 647 2557 του
677 2517 859 2567 πολέμου
885 2513 961 2568 τὴν
987 2518 1228 2555 καταλυσιν.
1280 2516 1414 2570 Vulgo
1441 2513 1589 2568 μηδεὶς

152 2572 298 2626 legitur
325 2572 438 2612 nullo
467 2587 607 2611 sensu:
637 2572 744 2624 quod
775 2571 1057 2610 Cantoclarum
1085 2571 1353 2635 interpretem
1381 2570 1535 2610 fefellit.

263 2628 368 2679 Pag.
391 2641 454 2665 ιι.
477 2627 532 2666 A.
564 2627 653 2681 [17‚
685 2625 771 2690 16.]
800 2626 1040 2677 Lego:vs1‘v
1066 2639 1111 2664 τε
1132 2625 1206 2665 καί
1230 2621 1374 2664 ἔπειτα
1401 2639 1458 2679 τῳ
1485 2619 1589 2676 >596-

152 2694 209 2735 νῳ
234 2680 632 2734 συμπαραθέουσαν.
671 2679 746 2728 τάς
784 2693 826 2720 τε
854 2680 894 2718 Γ
891 2675 1095 2733 αλβιονων
1123 2677 1349 2733 συμφορὰς
1378 2687 1452 2718 etc.
1471 2706 1483 2728 ‚
1521 2678 1589 2718 sed

154 2720 306 2788 aliquid
343 2735 453 2775 deest
494 2744 585 2789 post
620 2735 719 2774 haec
747 2735 882 2775 xerba.
955 2736 1037 2788 Qui
1074 2736 1154 2775 sint
1180 2741 1315 2774 autem
1343 2733 1559 2774 Galbiones
1573 2764 1587 2785 ,

200 2811 411 2859 Dexippus,
431 2813 622 2859 Eunapius
643 2821 709 2848 etc.
1281 2811 1326 2855 34
