1924 3164
309 159 421 213 300
892 176 1169 219 EXCERPTA

120 290 161 325 Δ.
176 277 360 332 0:568112
398 279 674 334 ἐπηγγελμένα
719 275 860 332 ἅληθῆ
896 293 942 319 τε
980 276 1043 334 εἴη
1071 276 1145 320 καὶ
1169 278 1364 333 πρακτέα.
1419 272 1528 318 οὕτω
1556 275 1633 330 μὲν
1664 269 1740 317 οὖν

188 339 264 391 ¹3⁸¹,-
282 350 290 371 ¹
308 342 354 385 τὸ
385 346 518 400 φῦλον
546 342 584 384 οἱ
618 343 798 398 Τοῦρκοι
827 345 946 398 φίλοι
972 345 1155 397 ἐγένοντο
1183 343 1427 397 Ῥωμαίοις,
1469 339 1541 384 κάἰ
1563 344 1614 399 τῇ
1643 343 1737 384 καθ’

126 385 414 466 Ιιιειιιιιὶὶἡμεῖς
443 409 542 462 οὖχί
568 403 703 455 ἄλλως
730 408 959 464 ἐφοίτησαν
985 412 1182 467 πολιτείᾳ.

122 483 295 528 Δ,(;,569
412 472 463 529 η’.
509 470 597 516 Ὅτι
626 474 938 528 διαθρυλληθὲν
965 473 1073 516 κατοὶ
1112 473 1187 530 την
1222 472 1455 530 Τουρκίαν,
1477 466 1584 514 ,ὅσοι
1619 465 1742 524 ἆγχί-

132 578 150 611 1
185 531 431 595 ¹¹.¹‘¹:38v902
467 533 606 594 ἦσαν,
646 538 703 587 ὥς
734 535 952 592 Ῥωμαιῖον
986 541 1218 596 ἐνδημοῧσι
1258 541 1456 596 πρέσβεις
1482 535 1556 578 καὶ
1580 535 1638 584 ὥς
1663 536 1765 578 πο-5

153 585 492 661 ιιεῇιιωξ’ρευόνται
517 601 594 658 τὴν
630 602 702 645 ἐπὶ
734 602 780 646 τὸ
822 604 1054 657 Βυζάντιον
1093 603 1184 660 ἅμα
1222 606 1420 663 πρεσβείᾳ
1453 599 1674 658 Τούρκων,
1717 599 1742 641 ὅ

184 678 219 713 P.
239 671 392 724 ιο9τῶν
419 669 554 724 ἐκείνῃ
596 667 734 711 ἐθνῶν
772 667 938 724 ἡγεμών
974 669 1158 726 ἐδήλωσε
1195 672 1254 729 τῷ
1274 666 1521 725 Διζαβούλῳ
1563 665 1639 718 ξύν
1665 663 1749 709 ἷκε-

307 735 422 790 τείᾳ,
460 732 525 782 ὥς
558 729 612 776 ἂν
649 733 723 776 καί
763 731 887 785 αὐτὸς
922 737 968 779 ἐκ
1010 737 1088 778 τοῦ
1127 738 1328 793 σφετέρου
1361 734 1478 783 τινὰς
1507 730 1750 775 α’ποστείλαι

307 797 459 848 ἔθνους
486 800 557 841 ἐπὶ
581 799 687 841 θέαν
713 802 787 855 τῆς
812 801 1049 857 Ῥωμαϊκῆς
1077 804 1301 852 πολιτείας.
1351 802 1426 842 καί
1450 800 1587 842 τοίνυν
1615 795 1638 839 ὅ
1670 799 1749 841 Δι-

307 864 512 918 ζάβουλος
539 864 691 920 ἐφίετο.
720 864 792 907 καί
815 867 948 922 ἕτεροι
971 868 1017 909 δὲ
1043 868 1300 922 προεστῶτες
1327 865 1622 909 έθναῖνταῢτα
1651 860 1801 917 ε’ζῆ-ἰο

306 942 433 971 τουν·
461 929 483 972 ὅ
525 931 571 972 δὲ
600 930 743 973 οὐδενὶ
767 931 1029 987 ξυνεχώρησε
1055 934 1138 975 τῶν
1165 930 1343 985 πάντων,
1372 927 1402 986 ἢ
1427 929 1554 984 μόνον
1578 931 1638 986 τῷ
1664 929 1748 970 τῶν

306 997 507 1038 Χλιατῶν
534 993 720 1051 ἡγεμόνι.
775 999 848 1039 καί
872 992 947 1039 οὖν
974 996 1048 1039 καί
1070 999 1221 1039 τοῦτον
1252 995 1556 1054 παρειληφότες
1585 993 1623 1036 οἱ
1642 994 1750 1036 Ῥω-

305 1066 426 1115 μαῖοι
455 1060 528 1103 διὰ
556 1064 632 1103 τοῦ
658 1064 879 1117 λεγομένου
921 1065 1113 1116 ποταμοῦ
1138 1061 1298 1118 Ὠηχῆ,
1334 1063 1405 1104 καὶ
1433 1057 1622 1117 α’τραπὸν
1659 1061 1753 1100 δια-

307 1124 508 1176 νύσαντες
536 1123 732 1180 οὖδαμαῖς
761 1127 925 1182 ὀλίγην,
971 1128 1153 1182 ἐγένοντο
1184 1126 1289 1169 κατὰ
1318 1125 1369 1181 δη
1400 1124 1474 1182 τήν
1503 1124 1649 1180 λιμνην
1675 1122 1753 1178 τὴν

309 1185 482 1234 ἄπλετον
519 1192 677 1247 ἐκείνην
718 1193 793 1234 καί
819 1192 1003 1247 εὐρεῖαν.
1058 1193 1248 1235 ἐνταῦθα
1278 1190 1301 1233 ὅ
1342 1188 1572 1246 Ζὴμαρχος
1609 1187 1819 1232 ένδια-ιθ

305 1255 462 1313 τρίψας
489 1254 649 1312 ἡμέρας
675 1262 788 1313 τρεῖς
812 1259 973 1300 στέλλει
993 1261 1035 1302 Γ
1032 1257 1221 1314 εώργιον,
1252 1254 1297 1308 ὃς
1326 1253 1462 1300 οἷνεῖτο
1493 1257 1537 1305 ἐς
1562 1254 1639 1311 τὴν
1666 1257 1750 1297 τῶν

267 1323 625 1378 Βὲπιτομωτέρων
667 1326 888 1378 συλλαβῶν
917 1320 1202 1379 ἀπαγγελίαν,
1242 1321 1562 1380 προδηλώσοντα
1590 1322 1649 1380 τῷ
1674 1323 1753 1374 βα-

309 1392 424 1430 σιλεῖ’
455 1386 534 1444 τὴν
568 1391 689 1444 σφῶν
731 1390 874 1432 αότοόν
915 1391 961 1431 ἐκ
1010 1388 1206 1446 Τούρκων
1245 1390 1465 1432 ἐπάνοδον.
1519 1389 1594 1430 καί
1626 1382 1702 1429 οὖν
1729 1382 1753 1427 ὅ

309 1456 352 1496 Γ
349 1454 520 1510 ειόργιος
563 1451 656 1508 ἅμα
689 1454 889 1509 Τούρκοις
931 1457 1032 1497 δέκα
1068 1453 1173 1511 πρὸς
1211 1460 1299 1503 τοῖς
1327 1453 1403 1496 δύο
1433 1453 1644 1509 ἆπήρξατο
1679 1453 1754 1507 τῆς

309 1520 383 1561 ἐπὶ
409 1517 457 1560 τὸ
496 1519 732 1571 Βυζάντιον
771 1520 877 1562 ὁδοῦ
890 1553 902 1573 ,
937 1518 1122 1576 α’νύδρου
1151 1536 1197 1561 τε
1225 1519 1340 1573 μάλα
1373 1514 1500 1575 οὔσης
1525 1519 1598 1560 καί
1622 1514 1808 1573 πάντῃαο

310 1581 469 1640 ἐρήμου
487 1618 500 1638 ,
539 1581 651 1638 ὅμως
691 1586 730 1626 δ’
772 1581 848 1628 οὖν
885 1586 1206 1641 έπιτομωτέρας.
1265 1582 1286 1626 ὃ
1317 1586 1364 1627 δὲ
1391 1581 1620 1640 Ζήμαρχος
1646 1580 1751 1624 κατοὶ

314 1648 365 1705 δὴ
404 1649 450 1692 τὸ
491 1652 756 1705 ψαμαθώδες
791 1652 863 1707 τῆς
895 1653 1041 1707 λίμνης
1077 1648 1324 1708 παροδεύων
1362 1651 1435 1692 ἐπὶ
1467 1650 1627 1706 ἡμέρας
1655 1649 1755 1690 δέκα

405 1761 438 1795 5.
463 1751 670 1806 ἔνδημόὕσι
692 1760 759 1802 N.,
787 1760 972 1806 ἐνδήμους
997 1761 1090 1805 vulg.
1196 1772 1230 1804 7,
1255 1760 1379 1806 ἐκείνῃ
1404 1759 1468 1801 Ν.,
1492 1758 1636 1799 ἐκείνης
1661 1756 1755 1802 vulg.

410 1818 463 1841 ιο.
502 1807 629 1853 ἐφίετο
666 1808 734 1848 Ν.,
769 1807 922 1852 ἐφίκετο
956 1808 1049 1852 vulg.
1143 1806 1286 1851 ἑτέροις
1323 1808 1417 1852 vulg.
1516 1805 1567 1840 15.
1599 1802 1756 1850 εὔροιαν

405 1853 501 1899 vulg.
584 1855 743 1888 Iaxartes
767 1853 898 1889 fluvius
915 1879 925 1896 ,
946 1854 1044 1888 lacus
1070 1853 1163 1887 Aral.
1189 1853 1232 1887 N.

316 1942 389 1975 sibi
418 1942 507 1987 ipsis
546 1948 583 1977 et
614 1944 686 1988 ipsi
714 1942 890 1976 Disabulo
927 1945 1071 1989 totique
1100 1944 1199 1988 genti
1227 1943 1323 1977 diras
1347 1946 1433 1976 sunt
1455 1940 1657 1988 imprecati.
1700 1938 1757 1973 Ad

317 1989 416 2023 hunc
438 1989 583 2022 modum
611 2001 696 2035 gens
721 1990 873 2023 Turcica
899 1990 1068 2024 Romanis
1092 1991 1205 2023 amica
1241 1995 1297 2023 est
1331 1989 1435 2023 sacta.

412 2039 444 2072 8.
494 2037 684 2082 Postquam
718 2035 813 2069 fama
849 2036 895 2069 ad
922 2037 1092 2070 finitimas
1118 2037 1273 2070 Turciae
1297 2042 1420 2081 gentes
1443 2036 1678 2080 pervenerat,
1703 2031 1756 2065 le-
1814 2055 1817 2056 γ

318 2087 419 2128 gatos
444 2083 683 2116 Romanorum
709 2083 919 2124 advenisse,
945 2094 1080 2128 eosque
1113 2095 1185 2116 una
1209 2095 1290 2116 cum
1315 2084 1513 2116 'rumorum
1533 2079 1660 2124 legatis
1687 2078 1756 2122 By-

319 2129 479 2162 zantium
511 2129 648 2170 redire,
681 2130 759 2163 eius
796 2130 952 2174 regionis
988 2129 1061 2163 dux
1107 2128 1323 2162 Disabulum
1356 2128 1507 2174 supplex
1541 2125 1678 2165 oravit,
1715 2129 1757 2158 ut

319 2176 544 2220 reipublicae
573 2177 754 2209 Romanae
785 2175 958 2210 visendae
992 2175 1105 2221 gratia
1140 2176 1209 2208 sibi
1287 2186 1403 2221 uoque
1439 2175 1573 2218 legatos
1610 2171 1757 2205 mittere

320 2221 457 2254 liceret.
506 2222 616 2267 Quod
641 2222 837 2256 Disabulus
875 2234 948 2256 non
973 2223 1160 2257 recusavit.
1209 2222 1255 2256 Se
1301 2233 1412 2268 quum
1435 2221 1584 2254 aliarum
1609 2227 1756 2263 quoque

318 2269 478 2311 gentium
514 2269 621 2303 duces
646 2269 742 2303 idem
775 2274 955 2314 peterent,
981 2270 1075 2302 nulli
1097 2269 1182 2310 alii,
1210 2280 1318 2313 quam
1345 2268 1412 2302 soli
1438 2266 1635 2300 Chliatium
1661 2264 1760 2306 duci,

319 2315 506 2347 concessit.
553 2317 681 2360 Itaque
714 2315 811 2348 hunc
847 2316 954 2349 etiam
979 2315 1130 2349 Romani
1164 2320 1408 2355 assumentes,
1430 2313 1581 2348 traiecto
1607 2311 1757 2346 flumine

319 2359 432 2398 Oich,
462 2361 560 2394 haud
584 2362 691 2394 breve
716 2362 794 2396 viae
819 2362 974 2406 spatium
1000 2362 1161 2404 emensi,
1187 2361 1233 2394 ad
1256 2362 1357 2394 illam
1381 2361 1563 2405 ingentem
1589 2364 1626 2392 et
1648 2359 1755 2392 latam

317 2407 487 2452 paludem
513 2414 763 2452 pervenerunt.
825 2409 892 2442 Hic
917 2408 1124 2442 Zemarchus
1151 2414 1225 2442 tres
1255 2408 1332 2441 dies
1357 2410 1613 2444 commoratus,
1642 2404 1758 2439 mittit

320 2453 535 2496 Georgium,
569 2454 626 2486 cui
658 2465 788 2488 munus
814 2454 997 2490 breviores
1037 2455 1207 2500 epistolas
1242 2453 1449 2499 perferendi
1473 2452 1633 2485 delatum
1658 2456 1757 2492 erat,

319 2504 362 2532 ut
385 2500 596 2543 Imperatori
621 2500 819 2543 legatorum
845 2514 864 2534 a
879 2502 1007 2535 Turcis
1035 2502 1192 2535 reditum
1216 2500 1439 2546 significaret.
1490 2498 1667 2541 Georgius
1686 2499 1759 2542 igi-

319 2550 380 2579 tur
412 2557 492 2579 cum
519 2546 710 2579 duodecim
751 2548 878 2580 Turcis
903 2548 1079 2581 desertam
1105 2547 1251 2593 quidem
1277 2552 1313 2581 et
1329 2547 1559 2592 inaquosam,
1584 2543 1647 2577 sed
1671 2545 1756 2578 bre-

319 2592 456 2626 viorem
494 2593 587 2634 viam
614 2593 823 2636 Byzantium
858 2604 978 2628 versus
993 2595 1172 2640 ingressus
1201 2599 1264 2627 est.
1315 2592 1523 2627 Zemarchus
1548 2596 1668 2624 autem
1693 2601 1758 2634 pet

319 2649 470 2672 arenosa
494 2638 637 2683 paludis
663 2640 733 2672 iter
757 2640 894 2674 faciens
915 2652 978 2685 per
994 2641 1185 2674 duodecim
1210 2640 1286 2673 dies
1302 2664 1312 2679 ,
1337 2641 1413 2674 loca
1436 2642 1627 2683 praerupta
1651 2647 1757 2682 prae-

320 2690 538 2730 tergressus,
564 2686 685 2730 attigit
710 2686 805 2733 ripas
829 2697 901 2719 non
929 2687 1043 2720 solum
1068 2687 1224 2720 fluminis
1251 2685 1378 2726 Hichi,
1403 2685 1466 2720 sed
1491 2685 1600 2719 etiam
1613 2681 1757 2722 Daichi,

323 2737 359 2766 ct
393 2743 511 2766 rursus
546 2743 610 2778 per
647 2732 735 2766 alias
773 2732 923 2778 paludes
959 2734 1004 2769 ad
1030 2733 1180 2768 Attilam
1203 2733 1389 2779 pervenit,
1413 2732 1498 2766 inde
1524 2729 1569 2765 ad
1595 2732 1755 2777 Uguros,
