1838 3210
249 201 321 236 20
639 199 920 245 EXCERPTA
966 201 1000 241 E
1041 199 1272 242 DEXIPPO

59 311 150 346 A·C·
166 323 229 358 27¹
243 324 377 360 νοντες
402 309 479 366 τήν
506 311 706 366 εὐτυχίαν
730 310 803 366 τήν
830 309 1109 367 ὑπάρχουσαν
1128 312 1365 368 προμηθείᾳ
1391 310 1462 366 τῆς
1477 310 1584 368 ’ὑπὲρ
1606 313 1692 355 τῶν

49 358 371 420 ΛιιιἛἰωἷὶντων
397 376 633 433 ἀσφαλείας
661 377 983 430 διασώσασθαι,
1029 378 1103 418 καί
1127 379 1207 435 βοῇ
1240 374 1288 418 τὸ
1328 374 1579 430 βουλόμενον
1614 394 1690 433 ση-·

224 441 485 497 ’μαίνοντες,
515 441 755 495 σύμπαντες
782 442 825 490 ἐς
851 440 928 496 τήν
955 440 1182 485 κατάλυσιν
1208 443 1282 484 τοῦ
1309 443 1491 495 πολέμου
1522 440 1689 499 ἐχώρη-

245 523 347 550 σαν.
403 509 478 549 καί
510 507 597 548 οἵδε
626 508 704 559 μὲν
745 499 827 548 ὦδε
865 509 1188 563 συνηνέχθησαν
1225 507 1394 564 γνώμῃ·
1451 504 1492 549 οἱ
1532 508 1580 550 δὲ
1606 508 1689 550 τῶν

245 571 477 628 βαρβάρων
502 575 691 625 βασιλεῖς
718 574 791 614 καί
816 567 1038 629 ἄρχοντες,
1068 569 1236 628 ἥκοντες
1264 570 1411 615 καθότι
1442 571 1568 629 σφισί
1592 576 1717 628 προ-5

244 639 472 694 ειρημένον,
501 635 651 679 ἔδοσαν
679 634 864 694 ὁμήρους
887 641 1007 695 σφῶν
1034 639 1204 693 αὐτῶν,
1233 639 1284 681 οὔ
1311 637 1364 680 τὰ
1397 637 1570 693 δεύτερα
1600 637 1692 687 ἄξι-

246 701 386 751 ώσεως
413 700 485 743 καί
511 699 667 758 τύχης.
721 703 764 744 οἵ
786 719 830 746 τε
857 701 934 759 γὰρ
964 707 1152 757 βασιλεῖς
1178 702 1277 754 τούς
1316 705 1474 754 παῖδας
1500 699 1692 758 ἑκάτεροι

211 767 441 815 (ζδιδόασιν
464 769 508 817 ές
534 767 612 823 τήν
638 767 865 826 ὅμηρειάν,
897 767 1182 823 ἐνδοιάσαντες
1209 772 1352 822 οὐδὲν,
1381 768 1455 811 καί
1479 771 1613 824 ἕτεροι
1641 765 1693 809 ἅ-

245 851 305 886 μα
337 834 479 882 αὐτοῖς
509 833 559 875 οὖ
588 832 715 887 μάλα
733 832 880 891 πόρ’ῥω
910 834 1150 887 ἀξιώσεως.
1203 834 1276 878 καὶ
1302 837 1374 878 ἒπί
1398 835 1558 883 τούτοις
1584 831 1693 888 ἐχώ-

246 897 378 954 ρησάν
401 914 447 939 τε
474 897 582 955 πρὸς
610 897 836 954 σύμβασιν,
866 899 940 942 καί
964 900 1011 942 αἱ
1038 900 1216 959 σπονδαὶ
1247 891 1452 956 ἐγένοντο.
1507 899 1745 954 συνεμά-ιο
1794 917 1796 919 ·

241 979 351 1017 χουν
379 965 425 1006 δὲ
456 964 538 1006 οἷπὸ
579 967 706 1020 τῆσδε
739 962 964 1019 Ῥωμαίοις
990 966 1224 1021 Βανδήλων
1257 966 1395 1016 ἱππεῖς
1422 968 1482 1016 εἰς
1510 967 1693 1020 δισχιλί-

246 1046 341 1084 ους,
379 1031 418 1072 οἱ
444 1033 523 1082 μέν
549 1047 657 1080 τινες
687 1029 850 1087 αἱρετοί
876 1032 921 1072 ἐκ
948 1033 1023 1074 τοῦ
1050 1029 1240 1086 πλήθους
1267 1033 1310 1081 ἐς
1339 1030 1415 1087 τήν
1443 1032 1692 1085 συμμαχίαν

243 1099 584 1151 καταλεχθέντες,
613 1095 652 1138 οἱ
682 1098 729 1138 δὲ
756 1096 830 1138 καί
854 1099 1069 1146 ἐθέλοντες
1095 1095 1285 1140 ἑκούσιον
1312 1095 1514 1152 στρατιάν
1540 1096 1694 1137 ὑποδυ-

245 1161 411 1215 όμενοι.
465 1161 489 1204 ὁ
518 1163 565 1204 δὲ
602 1161 745 1211 λοιπὸς
771 1160 1003 1218 Βανδήλων
1042 1159 1184 1216 ὅμιλος
1221 1165 1287 1205 ἐπ’
1312 1161 1426 1205 οἴκου
1465 1162 1693 1214 ἐκομίζετο,

244 1229 501 1284 παρέχοντος
555 1231 633 1269 τοῦ
668 1228 890 1281 Ῥωμαίων
935 1223 1137 1284 ἄρχοντος
1183 1226 1343 1284 ἀγορὰν
1379 1227 1472 1270 ἔστε
1511 1227 1585 1268 ἐπὶ
1616 1223 1745 1267 τὸνιό

233 1289 414 1349 Ἴστρον.
468 1295 542 1335 καί
575 1291 621 1335 τὸ
664 1294 743 1347 μὲν
771 1297 964 1340 πλεῖστον
993 1295 1126 1335 αὐτοῦ
1155 1290 1319 1343 ἆπαθὲς
1347 1292 1549 1348 διεσώθη·
1605 1286 1696 1333 ὅσοι

245 1360 293 1400 δὲ
321 1360 560 1415 παραβάσει
587 1361 670 1401 τῶν
694 1359 884 1401 σπονδῶν
907 1357 979 1401 ἐπὶ
997 1361 1110 1408 λείας
1136 1357 1342 1415 συλλογήν
1367 1358 1571 1415 ἀφθόνως
1599 1356 1696 1398 οἷπε-

247 1424 567 1480 σκεδάσθησαν,
610 1420 879 1481 ἀνῃρέθησαν
906 1425 1143 1477 σύμπαντες
1169 1422 1251 1466 ὑπὸ
1281 1425 1355 1466 τοῦ
1382 1419 1583 1478 ἡγεμόνος
1608 1423 1694 1466 τῶν

208 1492 419 1541 Βξενικῶν
445 1492 747 1545 στρατοπέδων,
777 1489 828 1530 οὐ
855 1491 1000 1543 μείους
1025 1488 1239 1544 γενόμενοι
1267 1489 1569 1531 πεντακοσίων.
1624 1484 1694 1530 οἷα

246 1554 327 1610 γὰρ
359 1554 410 1611 δὴ
445 1554 513 1598 διὰ
546 1553 691 1612 φιλίας
717 1556 792 1609 τῆς
818 1555 962 1610 χώρας
989 1555 1287 1611 πορευόμενοι,
1331 1556 1406 1596 καί
1438 1552 1591 1609 θάρσει
1617 1555 1747 1608 τῆςαο

248 1623 467 1677 γενομένης
492 1620 600 1677 πρὸς
621 1618 859 1675 Ῥωμαίους
887 1619 1053 1676 εἰρήνης
1081 1622 1346 1678 ἐπαρθέντες,
1374 1621 1450 1674 τῆς
1469 1617 1606 1673 πάσης
1627 1615 1696 1661 τά·

342 1723 375 1756 8.
400 1720 650 1760 ἓνδυοέσαντες
684 1722 776 1767 vulg.
954 1734 1004 1756 ιι.
1034 1720 1237 1767 Ῥωμαίοις
1265 1721 1332 1763 Η.,
1369 1719 1566 1767 Ῥωμαίων
1589 1717 1695 1753 codd.

341 1767 682 1859 ἰίὶὲὑποδυόμενοι
707 1768 763 1803 ed.
790 1768 852 1810 R.‚
876 1766 1139 1814 ἀποδυόμενοι
1163 1767 1267 1802 codd.
1412 1779 1462 1811 ¹9·
1489 1768 1551 1800 οἱα
1574 1766 1634 1808 Β.,
1655 1764 1696 1800 οἱ

252 1910 329 1944 illis
357 1910 534 1956 optimum
553 1921 637 1944 esse
662 1910 868 1952 videretur,
892 1922 971 1944 cum
997 1914 1201 1944 statuerent
1222 1912 1450 1955 praesentem
1471 1907 1694 1954 prosperita-

252 1962 328 1991 tem
352 1957 447 1991 tueri
473 1962 511 1991 et
534 1968 666 1998 rerum,
686 1957 820 2003 quibus
850 1959 1097 2003 potiebantur,
1122 1957 1289 1991 fruitioni
1322 1957 1479 2000 prospici
1503 1959 1693 2000 oportere,

255 2015 356 2037 suam
371 2004 426 2037 -de
452 2014 494 2036 ea
518 2015 556 2037 re
583 2005 808 2037 voluntatem
832 2016 919 2038 voce
944 2003 1236 2049 significaverunt
1258 2007 1295 2036 et
1310 2002 1470 2035 universi
1492 2002 1532 2034 in
1548 2005 1699 2034 senten-

254 2051 344 2083 tiam
377 2049 530 2084 finiendi
562 2050 652 2083 belli
684 2052 839 2084 iverunt.
889 2051 948 2084 Sic
972 2051 1084 2095 igitur
1108 2050 1204 2083 inter
1228 2049 1311 2082 illos
1338 2048 1516 2082 convenit.
1562 2048 1694 2092 Itaque

255 2096 495 2130 barbarorum
509 2107 607 2141 reges
636 2102 674 2130 et
697 2098 878 2142 principes
903 2102 1099 2136 venerunt,
1123 2102 1160 2129 et
1183 2101 1224 2128 ut
1247 2095 1321 2128 illis
1348 2099 1425 2128 erat
1445 2099 1693 2139 praeceptum,

257 2155 301 2176 ex
328 2143 401 2174 suis
427 2143 572 2176 obsides
608 2144 672 2189 qui
696 2155 772 2176 non
799 2144 838 2177 in
865 2144 1034 2177 secundis
1060 2142 1224 2189 partibus
1249 2141 1416 2175 fortunae
1441 2145 1479 2173 et
1503 2139 1692 2185 dignitatis

255 2188 478 2230 haerebant,
512 2188 710 2232 dederunt3
751 2195 906 2237 uterque
939 2192 1035 2225 enim
1069 2201 1132 2222 rex
1164 2193 1201 2221 et
1223 2188 1380 2232 proximi
1409 2187 1586 2231 dignitate
1617 2197 1693 2220 una

258 2246 340 2270 cum
373 2235 462 2279 ipsis
502 2236 580 2268 sine
605 2247 705 2269 mora
730 2236 825 2269 filios
851 2248 933 2270 suos
956 2248 1023 2282 pro
1046 2235 1236 2269 obsidibus
1261 2233 1500 2268 tradiderunt.
1549 2233 1614 2266 His
1638 2233 1694 2266 le-

258 2282 362 2325 gibus
389 2281 434 2314 ad
458 2287 561 2325 pacta
599 2288 637 2316 et
668 2284 927 2317 conventiones
955 2287 1103 2317 ventum
1127 2286 1201 2323 est,
1237 2286 1274 2314 et
1295 2280 1443 2314 foedera
1466 2283 1550 2312 sunt
1575 2279 1692 2312 inita:

256 2327 413 2361 Vandali
428 2329 595 2361 Romanis
618 2327 689 2362 duo
715 2329 816 2362 mille
845 2331 987 2376 equites
1010 2329 1217 2363 auxiliarios
1242 2338 1286 2360 ex
1310 2326 1457 2360 foedere
1482 2326 1676 2370 suppedita

259 2374 374 2414 bant,
399 2385 554 2419 quorum
578 2375 748 2407 nonnulli
774 2387 817 2408 ex
844 2381 922 2409 tota
948 2377 1124 2409 exercitus
1147 2373 1384 2408 multitudine
1411 2371 1542 2405 delecti
1583 2377 1621 2405 et
1651 2373 1695 2407 in.

260 2419 353 2454 belli
377 2420 586 2454 societatem
613 2420 806 2465 adscripti,
828 2422 892 2453 alii
918 2428 1150 2467 spontaneam
1173 2420 1340 2453 militiam
1357 2418 1554 2453 subeuntes
1573 2420 1695 2452 nomi-

260 2474 309 2500 na
331 2466 518 2500 dederunt.
566 2466 739 2512 Reliquus
767 2468 1014 2502 vandalorum
1049 2467 1245 2508 exercitus,
1278 2467 1395 2500 salvus
1431 2469 1468 2499 et
1500 2465 1693 2499 incolumis

262 2519 504 2553 conservatus,
529 2514 768 2547 Romanorum
788 2515 1009 2558 Imperatore
1025 2515 1120 2549 vitae
1145 2513 1345 2547 necessaria
1359 2522 1473 2557 usque
1491 2510 1537 2543 ad
1561 2512 1694 2546 Istrum

261 2562 308 2594 iis
341 2559 564 2604 praebente,
609 2559 754 2592 domum
779 2560 899 2594 rediit.
948 2562 1020 2595 Sed
1050 2561 1259 2607 quicunque
1291 2560 1337 2593 ab
1363 2559 1522 2592 exercitu
1545 2558 1693 2592 violatis

262 2604 491 2646 foederibus,
515 2605 562 2639 ad
584 2605 831 2651 praedandum
856 2612 893 2639 et
916 2608 1058 2652 rapinas
1082 2606 1263 2640 faciendas
1282 2606 1423 2651 longius
1441 2610 1696 2646 excesserunt,

263 2663 388 2688 omnes
413 2663 433 2684 a
459 2651 548 2685 duce
587 2657 790 2686 exterarum
816 2654 999 2698 copiarum
1029 2654 1156 2699 (erant
1183 2657 1303 2686 autem
1328 2664 1403 2686 non
1426 2652 1557 2692 minus,
1581 2661 1691 2696 quam

263 2699 474 2745 quingenti)
502 2702 587 2731 sunt
610 2699 703 2732 caesi
730 2704 767 2732 et
787 2702 956 2743 peremti,
1014 2700 1062 2734 Hi
1094 2699 1189 2734 enim
1212 2700 1333 2745 speeie
1357 2698 1560 2739 amicitiae,
1595 2697 1694 2731 fidu-

262 2747 316 2779 cia
339 2746 437 2792 pacis
462 2756 542 2778 cum
567 2745 734 2780 Romanis
760 2745 874 2781 factae
899 2746 1006 2788 elati,
1039 2745 1141 2781 nullo
1177 2750 1315 2782 servato
1354 2744 1502 2787 ordine,
1539 2744 1646 2781 venia
1668 2754 1690 2777 a
