1924 3164
544 217 577 256 E
616 213 898 256 MENANnm
946 210 1218 255 ffls‘romA.
1502 196 1536 252 3
1549 217 1566 250 1
1579 215 1616 269 9

179 319 280 359 vai-o
307 316 331 357 ὅ
359 318 557 372 Καῖσαρ,
583 317 642 367 ὥς
668 313 933 375 πρεσβυτέρῳ
974 314 1218 371 τυγχάνοντι
1243 319 1415 371 βασιλεῖ
1435 318 1619 373 Περσῶν
1630 320 1801 367 A.C.·576

182 380 307 431 αὐτὸς
321 380 383 424 ἔτι
397 382 487 432 νέος
500 379 582 436 ὧν,
598 382 672 425 καί
685 380 785 426 ὅσον
813 383 886 426 ἐπὶ
909 384 962 440 τῇ
980 382 1092 440 ἀκμῇ
1117 383 1193 437 τῆς
1218 382 1382 437 ἡλικίας
1405 380 1608 439 Χοσρόου
1621 367 1752 449 {ffugi
1769 427 1810 452 m

179 454 278 498 παῖς
303 447 541 502 καθεστώς,
578 452 738 503 ἕτοιμος
776 447 840 505 εἴη
868 451 935 506 ἐφ’
964 444 1063 505 ὅπερ
1094 444 1146 490 ἂν
1173 450 1326 498 ἐκεῖνος
1350 447 1543 504 ἡγήσοιτο
1571 450 1616 491 ἕ·-

177 514 343 556 masal
365 512 403 555 οἶ
418 547 430 567 ,
468 514 558 570 καί,
585 513 665 557 εἴτε
692 513 743 557 τά
771 516 873 571 ξίφη
898 513 1095 569 βούλοιτο
1125 513 1204 556 εἴτε
1230 513 1306 569 τήν
1330 511 1533 569 ἡσυχίαν,
1564 515 1615 557 οἶ·-

153 579 473 635 5κολουθησειν.
542 580 798 634 ἀποπέμψας
841 574 918 622 οὖν
970 579 1042 622 ἐπὶ
1067 581 1245 622 τοιοῖσδε
1283 578 1354 622 τὸν
1382 580 1567 637 Ναὸώην
1595 581 1620 624 ὅ

178 648 351 703 Καῖσαρ
396 647 470 688 οὐκ
506 647 550 696 ἐς
570 645 749 703 μακρὰν
791 645 866 688 καί
900 644 1026 695 αὐτὸς
1071 643 1228 688 ἔστειλε
1265 644 1370 688 κατά
1405 645 1483 701 τήν
1509 638 1619 705 ἑῴαν

175 709 276 760 τούς
314 705 363 753 εὖ
400 713 680 767 διαθήσοντας
718 711 769 755 τὰ
796 711 1039 769 ἄμφιβολα,
1068 712 1111 761 ἐς
1138 710 1292 754 ταύτὸν
1318 713 1661 766 συνελευσομέ-Ρ,
1678 738 1740 761 120

173 792 272 826 νους
299 783 385 827 τοῖς
412 779 595 834 Περσῶν
621 778 846 833 ἡγεμόσιν.
903 774 1013 833 ἦσαν
1043 780 1091 820 δὲ
1119 776 1159 820 οἱ
1186 779 1405 827 σταλέντες
1448 776 1617 820 Θεόιῗωὁ

175 857 247 898 ρος
287 841 309 885 ὅ
339 844 538 899 Πέτρου,
572 839 616 894 ὃς
654 846 738 886 τῶν
763 845 809 887 ἒν
850 846 901 903 τῇ
928 844 1038 901 αὐλῇ
1076 842 1318 898 καταλόγων
1355 841 1437 900 πρὸ
1466 842 1614 887 τούτου

122 906 386 962 ιογενόμενος
427 908 592 965 ἡγεμών
630 911 859 965 τηνικαῦτα
895 913 982 953 τῶν
1015 913 1189 964 βασιλεῖ
1221 908 1448 962 ἀνειμένων
1473 926 1616 966 προει-

171 971 314 1029 στήκει
353 978 611 1031 θησαυρῶν,
664 977 708 1018 οῗ
739 992 787 1031 γε
828 975 910 1018 α’πὸ
944 978 1017 1031 τῆς
1044 977 1267 1031 δαψιλείας
1302 976 1351 1031 τῇ
1386 974 1614 1029 “.Ρωμαι’ων

170 1038 554 1097 προσαγορεύονται
588 1043 709 1099 φωνῇ
721 1076 734 1095 ,
770 1040 994 1099 (Λαργούς
1021 1041 1103 1098 γάρ
1133 1042 1172 1084 οἱ
1199 1046 1377 1086 Λατῖνοι
1407 1043 1453 1086 τὸ
1485 1043 1614 1098 δαψι.

171 1109 242 1156 λὲς
279 1105 602 1164 ὄνομάζουσιν,)
641 1103 837 1163 Ἰωάννης
872 1123 917 1150 τε
943 1109 1017 1150 καί
1052 1105 1416 1168 Πέτρος,’ἇ’μφω
1452 1113 1504 1166 τῇ
1530 1112 1615 1153 ταῖν

169 1170 343 1216 §miram
370 1175 631 1229 τετιμημένοι
658 1174 777 1232 α’ξία,
806 1171 911 1229 πρός
933 1189 978 1229 γε
1004 1175 1077 1215 καὶ
1094 1176 1319 1229 Ζαχαρίας
1346 1179 1392 1219 ἐν
1417 1183 1507 1227 τοῖς
1533 1181 1612 1231 βα-

118 1238 340 1288 ι5σιλείοις
380 1237 733 1293 καταταττόμενος
773 1239 960 1295 ἰατροῖς.
1015 1241 1061 1282 οἳ
1084 1238 1136 1294 δὴ
1173 1238 1384 1295 γενόμενοι
1411 1244 1456 1292 ἐς
1484 1246 1612 1285 Κων-

167 1305 388 1360 στᾳντίναν
416 1302 559 1358 πόλιν,
588 1303 662 1360 την
686 1303 843 1358 μεταξύ
868 1306 951 1347 τῶν
977 1308 1187 1359 ποταμῶν,
1216 1302 1412 1360 ἇνέμενον
1438 1306 1611 1350 ἐλευσό-

165 1386 291 1423 μενον
327 1372 374 1412 ἐκ
411 1373 485 1413 τοῦ
521 1370 718 1426 Χοσρόου
764 1372 807 1420 ἐς
841 1368 892 1412 τὰ
935 1372 1035 1426 ’περὶ
1072 1370 1246 1425 Νίσιβιν
1277 1373 1352 1415 καί
1375 1371 1424 1415 τὸ
1451 1372 1635 1430 Adpone-B

163 1433 379 1492 Messm'ffqv
415 1435 490 1478 τόν
514 1434 886 1493 Σανναχοερύγαν,
923 1430 957 1495 ᾦ
986 1434 1037 1493 δὴ
1066 1435 1111 1480 τὸ
1141 1439 1268 1494 κῦρος
1296 1441 1380 1480 τῶν
1407 1440 1506 1496 περὶ
1529 1438 1605 1496 τήν

161 1500 328 1558 εἰρήνην
387 1502 565 1558 ἐπέθηκε
614 1500 812 1558 Χοσρόης
837 1535 848 1544 .
914 1505 1005 1544 κατ’
1052 1503 1185 1544 αὐτὸν
1242 1505 1289 1547 δὲ
1335 1503 1408 1548 τὸν
1448 1505 1606 1562 χρόνον

107 1566 238 1614 nouat*
278 1568 509 1623 Ἀστέριος,
551 1565 613 1618 εἷς
648 1571 733 1610 ταῖν
758 1570 984 1624 βασιλείων
1019 1570 1240 1624 διαιτητῶν
1262 1602 1275 1625 ,
1305 1569 1379 1621 οὕς
1407 1570 1455 1627 δὴ
1487 1573 1606 1615 α’ντι·

160 1636 350 1691 γραφέας
377 1634 650 1684 οἷποκαλέσοις
668 1667 680 1688 ,
710 1634 970 1689 δορυάλωτος
998 1630 1058 1676 ὢν
1090 1636 1279 1693 α’νῃρέθη
1315 1635 1400 1678 ὑπὸ
1433 1637 1603 1694 Χοσρό-

161 1715 239 1753 ου,
296 1701 514 1756 φωραθείς
566 1699 624 1750 ὦς
672 1699 857 1757 κρύβδην
903 1697 1124 1758 ἐγεγράφει
1167 1704 1342 1755 βασιλεῖ
1376 1705 1457 1745 τῶν
1489 1704 1711 1761 ‘Pyt-vsi

158 1764 297 1818 μαίων
346 1767 574 1807 ἐπιθέσθαι
626 1768 927 1820 κεκακωμένοις
973 1769 1059 1809 ,νῦν
1110 1769 1331 1823 Πέρσαις.
1386 1770 1602 1824 Μεβώδου

160 1833 207 1872 δὲ
246 1832 500 1887 ἀφικομένου
533 1833 578 1873 ἐν
612 1837 699 1880 τοῖς
736 1830 865 1887 ὁρίοις
907 1829 1063 1884 ἅμιλλα
1098 1833 1178 1885 μέν
1216 1849 1279 1881 τις
1309 1835 1450 1888 γέγονε
1499 1835 1606 1892 πρό-

103 1902 275 1953 ῃότερον
315 1897 429 1954 αὐτῷ
463 1912 508 1938 τε
548 1898 622 1938 καί
656 1902 744 1945 τοῖς
782 1898 896 1953 ἀμφὶ
925 1896 1131 1954 Θεοδώρῳ
1172 1899 1247 1939 καί
1273 1899 1474 1957 Ζαχαρία
1505 1899 1607 1956 περὶ

252 1977 284 2000 2.
311 1957 426 2001 αὐτὸς
445 1965 487 1998 Η.
502 1988 514 2004 ,
540 1963 670 2001 αὐτοῖς
695 1964 790 2010 vulg.
898 1976 950 1999 ια.
979 1958 1070 2002 τοῦς
1093 1963 1270 2009 δαψιλεῖς
1290 1966 1383 1999 coni.
1407 1966 1451 2000 N.
1551 1969 1601 2002 15.

253 2013 547 2046 Κωνσταντίνου
573 2009 691 2045 πόλιν
719 2008 786 2053 τὴν
809 2011 852 2044 Η.
873 2010 1010 2057 (male).

159 2081 257 2126 gavit.
300 2079 346 2114 ad
380 2084 501 2125 partes
546 2079 735 2121 Orientis,
773 2080 838 2126 qui
872 2081 1131 2114 controversias
1170 2084 1430 2126 componerent
1462 2086 1499 2115 et
1522 2093 1604 2116 cum

159 2128 346 2162 Persarum
382 2126 609 2172 principibus
645 2128 891 2160 convenirent.
950 2127 1115 2160 Fuerunt
1141 2137 1225 2161 vero
1257 2128 1319 2174 qui
1348 2127 1450 2161 missi
1473 2135 1558 2162 sunt
1581 2141 1603 2163 a

158 2174 328 2207 Romanis
378 2173 612 2214 Theodorus,
656 2174 750 2207 Petri
793 2173 908 2214 filius,
954 2178 1038 2206 ante
1075 2173 1149 2206 dux
1186 2174 1487 2215 numerariorum,
1518 2181 1604 2209 tunc

160 2223 334 2266 temporis
359 2220 610 2254 thesaurorum
632 2231 767 2261 comes,
793 2230 884 2264 quos
899 2220 1110 2264 largitiones
1127 2222 1286 2254 Romana
1313 2221 1437 2264 lingua
1460 2228 1603 2263 vocant,

161 2267 309 2314 (largos
340 2268 435 2300 enim
467 2278 526 2301 eos
543 2292 552 2308 ,
577 2268 640 2312 qui
674 2267 863 2300 liberalius
899 2278 963 2300 sua
991 2266 1218 2311 profundunt
1235 2292 1245 2309 ‚
1273 2267 1396 2301 Latini
1431 2270 1597 2317 vocant,)

157 2314 310 2348 Ioannes
335 2320 372 2348 et
395 2315 518 2348 Petrus
542 2315 646 2347 ambo
677 2314 884 2347 consulatus
903 2312 1078 2358 dignitate
1099 2315 1232 2347 ornati:
1255 2318 1442 2358 praeterea
1465 2315 1599 2349 Zacha—

161 2361 231 2394 rias
265 2362 303 2394 in
339 2362 517 2406 regiorum
552 2360 773 2393 medicorum
811 2370 999 2393 numerum
1036 2361 1179 2394 relatus.
1228 2360 1275 2394 Hi
1303 2371 1388 2394 vero
1411 2361 1477 2394 ubi
1502 2361 1600 2396 Con—

157 2408 352 2441 stantinam
382 2408 508 2442 urbem
533 2408 572 2440 in
600 2407 862 2451 Mesopotamia
887 2408 993 2440 sitam
1017 2407 1239 2441 advenerunt
1254 2432 1264 2448 ,
1285 2406 1479 2441 Mehodem
1509 2409 1598 2442 Sana

158 2453 423 2499 nachoerigam,
459 2455 524 2501 qui
553 2466 574 2487 a
601 2453 759 2487 Chosroe
791 2454 830 2486 in
853 2454 932 2486 loca
957 2454 1050 2487 circa
1073 2453 1220 2488 Nisibin
1254 2459 1291 2487 et
1319 2455 1431 2487 Daras
1466 2455 1596 2489 missus

158 2505 257 2541 erat,
282 2506 542 2546 exspectarunt.
580 2502 675 2534 Huic
701 2502 798 2534 enim
822 2501 966 2544 plenam
987 2500 1086 2545 pacis
1111 2500 1374 2535 confirmandae
1398 2503 1597 2535 auctorita-

156 2552 231 2581 tem
259 2546 435 2582 chosroes
474 2549 711 2581 commiserat.
758 2547 896 2581 Eodem
923 2547 998 2581 fere
1021 2552 1182 2592 tempore
1210 2547 1386 2583 chosroes
1414 2548 1596 2583 Asterium

156 2593 204 2638 (is
231 2598 306 2627 erat
328 2606 420 2628 unus
448 2607 492 2628 ex
525 2594 756 2640 Imperatoris
793 2594 1003 2634 iudicibus,
1039 2606 1128 2640 quos
1157 2594 1417 2628 contrascribas
1444 2606 1598 2629 vocave-

151 2640 238 2686 ris‚)
262 2639 395 2674 occidit
411 2666 421 2682 ‚
444 2642 528 2686 quia
555 2641 800 2686 deprehensus
831 2647 905 2682 est,
936 2641 1022 2674 dum
1051 2641 1214 2686 captivus
1239 2647 1352 2682 esset,
1375 2642 1466 2675 clam
1494 2642 1597 2676 litte-

151 2698 210 2721 ras
235 2689 422 2733 scripsisse
456 2688 502 2722 ad
541 2689 796 2734 imperatorem
832 2687 1096 2729 Romanorum,
1133 2693 1192 2729 ut,
1218 2688 1302 2721 dum
1326 2698 1381 2721 res
1407 2689 1596 2723 Persarum

153 2734 305 2768 afflictae
331 2740 479 2775 essent,
517 2746 578 2769 eos
607 2736 822 2769 adoriretur.
884 2733 1059 2769 Mebodes
1087 2746 1166 2768 cum
1189 2733 1234 2767 ad
1262 2735 1397 2768 limites
1425 2737 1596 2769 accessis-

151 2780 233 2825 set,
258 2786 442 2819 certamen
466 2781 524 2818 illi
552 2793 634 2818 cum
662 2781 857 2818 Theodoro
887 2787 924 2816 et
947 2782 1114 2818 Zacharia
1139 2781 1315 2829 imprimis
1339 2782 1432 2823 fuit,
1458 2793 1530 2828 quo
1554 2783 1594 2817 in
