1924 3164
354 152 466 222 462
936 145 1211 214 ExchPTA

156 278 341 325 a.A.C.414
449 270 541 318 Ὅτι
568 271 672 316 κατὰ
711 270 787 322 τὰς
803 271 1015 323 Ἱσπανίας
1041 275 1125 317 τῶν
1155 272 1412 333 Οὗανὸάλων
1441 274 1786 332 καταδραμόντων

152 326 337 409 Ηοῐέἒιζὲζ
350 340 424 384 καὶ
447 344 529 383 τῶν
557 339 786 393 “Ρωμαίων
830 339 889 387 εἷς
915 338 991 388 τὰς
1016 342 1325 394 τετειχισμένας
1360 337 1503 390 πόλεις
1529 341 1789 398 καταφυγὸνμ

349 423 445 459 των,
472 406 663 454 τοσοῦτος
690 404 830 446 αὐτῶν
855 403 978 457 λιμὸς
1005 403 1331 462 κατεκράτησεν,
1361 404 1419 454 ὥς
1457 405 1516 455 εἷς
1553 407 1790 463 ἄλληλοφαι-

348 474 443 527 γίαν
469 470 757 526 ἐκβιασθῆναι.
810 468 884 511 καί
923 468 1025 526 γυνή
1070 473 1256 525 τέσσαρα
1301 473 1424 514 τέκνα
1462 469 1621 526 ἔχουσα
1656 471 1792 515 πάντα

348 539 572 592 κατέφαγε,
600 534 814 591 πρόφασιν
837 537 904 591 ἐφ’
931 533 1107 579 ἑκάστου
1135 539 1361 592 ποιουμένη
1404 536 1480 593 τήν
1507 539 1591 580 τῶν
1625 537 1819 590 &nolon-5

347 603 438 645 πῶν
465 599 623 658 τροφήν
662 602 734 644 καί
759 602 993 656 σωτηρίαν,
1034 604 1112 652 ἕως
1158 599 1211 645 ἂν
1231 602 1369 646 πάντα
1396 605 1702 661 καταφαγοῦσα
1730 605 1794 647 λί-

352 670 446 717 θοις
474 665 554 708 ὑπὸ
585 668 663 708 τοῦ
691 663 826 721 δήμου
855 664 1056 724 οἷνῃρέθη.

155 718 344 810 ΒΑῘΞΙΖἿΞ
450 728 541 775 Ὅτι
568 732 830 781 Ευ’πλούτιος
867 731 891 774 ὅ
919 733 1218 788 μαγιστριανὸς
1255 731 1358 790 πρὸς
1389 735 1603 788 Ουάλίαν,
1634 731 1679 785 ὃς
1711 734 1796 777 τῶν

155 811 338 848 noum-,22
351 798 392 841 Γ
388 795 524 840 ότθων
549 796 803 854 ἐχρημάτιζε
848 796 1080 855 φύλαρχος,
1110 799 1423 853 α’ποστέλλεται,
1454 801 1520 856 ἐφ’
1550 794 1586 858 ᾧ
1613 797 1797 849 σπονδάς

318 860 402 906 Βτε
440 865 597 905 θέσθαι
625 862 855 920 εἰρηνικὰς,
883 866 955 906 καί
988 864 1212 919 ἀπολαβεῖν
1250 863 1330 920 τήν
1357 865 1612 910 Πλακιὸίαν.
1694 863 1719 906 ὅ
1748 865 1849 908 δὲιο

347 925 524 983 ἓτοιζιιως
552 930 733 984 δέχεται,
767 930 841 970 καί
869 925 1170 980 ἀποσταλέντος
1216 930 1332 988 αὐτῷ
1359 930 1475 973 σίτου
1516 933 1562 975 ἐν
1588 928 1795 987 μυριάσιν

346 991 554 1049 ἑξήκοντα,
588 990 813 1036 ἀπολύεται
841 995 1060 1038 Πλακιὸῗα
1090 998 1381 1052 παραδοθεῖσα
1409 993 1657 1056 Εὖπλουτίῳ
1690 995 1797 1054 πρὸς

342 1057 541 1115 Ὁνώριον
566 1058 636 1102 τὸν
665 1061 814 1103 οἰκεῖον
843 1061 971 1115 αὐτῆς
1005 1062 1205 1118 ἀδελφόν.

445 1123 537 1170 ςΌτι
569 1126 802 1183 ζητήματος
829 1128 873 1169 ἐν
902 1133 994 1177 ταῖς
1016 1127 1219 1184 Ἀθήναις
1247 1126 1544 1183 οἷνακύψαντος
1587 1130 1688 1185 περὶ
1712 1129 1797 1171 τῶν

346 1195 651 1255 κεκολλημένων
678 1195 852 1248 βιβλίων
877 1198 1031 1247 μαθεῖν
1055 1200 1139 1243 τοῖς
1167 1196 1408 1250 ἐπιζητοῦσι
1448 1193 1494 1238 τὸ
1537 1196 1689 1251 μέτρον
1715 1195 1847 1239 τοῦῐὸ

347 1258 524 1314 κόλλου,
568 1257 791 1309 Φιλτάτιος
829 1259 852 1302 ὅ
889 1262 965 1302 τοῦ
1002 1259 1211 1316 ἱστορικοῦ
1251 1259 1442 1338 ἑταῑζφς,
1494 1258 1664 1318 εὖφυῶς
1700 1260 1799 1316 περὶ

345 1325 641 1383 γραμματικήν
679 1324 802 1381 ἔχων,
829 1329 952 1368 τοῦτο
981 1326 1179 1379 ἐπέδειξε.
1232 1330 1306 1370 καί
1333 1325 1616 1383 ευδοκιμήσας
1641 1327 1798 1383 τυγχά-

347 1408 411 1435 νει
436 1391 551 1448 παρὰ
578 1393 660 1434 τῶν
687 1394 866 1435 πολιτῶν
885 1390 1052 1442 εἰκόνος.
1745 1422 1748 1425 «

445 1454 538 1501 ’Ότι
564 1457 662 1514 περὶ
688 1459 762 1513 τῆς
790 1457 970 1508 Ὀάσεως
997 1458 1020 1500 ὅ
1061 1458 1332 1516 συγγραφεύς
1357 1458 1489 1502 πολλοὶ
1516 1460 1752 1515 παραδοξολ

348 1529 426 1579 γεῖ,
453 1525 556 1580 περί
590 1539 635 1567 τε
672 1526 748 1579 τῆς
776 1525 1005 1580 εὐκρασίας
1035 1524 1170 1581 αὐτῆς
1207 1526 1283 1567 καί
1309 1522 1377 1567 ὅτι
1406 1525 1446 1567 οἱ
1473 1523 1548 1579 τήν
1575 1523 1695 1581 ἱεράν
1723 1522 1848 1570 vti-20

347 1605 422 1632 σον
452 1588 613 1644 ἔχοντες
652 1591 705 1631 ου’
738 1587 867 1643 μόνον
894 1592 1027 1633 ἐκεῖσε
1054 1586 1106 1631 οὗ
1146 1590 1348 1645 γίνονται,
1368 1588 1486 1641 ,ἀλλὰ
1515 1589 1589 1632 καί
1615 1589 1798 1645 ἀλλαχό-

317 1655 429 1698 ὓθεν
455 1652 779 1711 παραγινόμενοι
806 1652 1138 1698 α’παλλάττονται
1153 1657 1229 1698 τοῦ
1257 1655 1488 1711 νοσήματος
1520 1653 1592 1698 διὰ
1619 1655 1696 1712 τήν
1721 1658 1799 1698 τοῦ

348 1722 474 1778 οἷέρος
502 1716 755 1777 εὐκρασίαν·
787 1723 862 1762 καί
887 1722 985 1777 περὶ
1010 1723 1086 1776 τῆς
1115 1719 1296 1775 ψάμμου
1325 1723 1400 1776 τῆς
1426 1722 1580 1776 πολλῆς
1626 1723 1796 1776 ἐκείνης,

347 1790 423 1831 καί
447 1789 531 1830 τῶν
559 1785 852 1843 ὄρυσσομένων
880 1780 1089 1842 φρεάτων,
1120 1787 1177 1836 ὥς
1204 1788 1263 1837 εἷς
1301 1788 1539 1836 διακοσίους
1566 1785 1640 1829 καὶ
1676 1802 1797 1843 τρια-

443 1876 475 1910 8.
493 1871 660 1907 Ου’άλιον
681 1871 776 1917 vulg.
825 1870 882 1915 24.
909 1870 1012 1904 Putei
1035 1869 1294 1904 Atrebatenses
1319 1869 1397 1917 (des
1409 1869 1510 1918 puits
1522 1856 1793 1915 Arte'siens).⁴N.

443 1947 539 1980 Dum
573 1946 728 1980 Vandali
762 1945 955 1990 Hispanias
991 1949 1211 1986 vastassent,
1247 1945 1312 1991 qui
1343 1946 1383 1979 in
1420 1948 1575 1978 muratas
1611 1954 1649 1977 se
1686 1941 1794 1978 urbes

350 1995 505 2029 Romani
529 1997 762 2038 receperant,
789 2003 831 2026 eo
861 1992 1008 2025 inediae
1032 1992 1152 2025 adacti
1176 1996 1277 2033 sunt,
1303 1997 1345 2026 ut
1372 1992 1525 2026 invicem
1559 2001 1597 2024 se
1620 1990 1793 2024 laniando

350 2042 460 2075 edere
485 2046 707 2087 cogerentur.
737 2039 793 2072 Ibi
817 2038 949 2072 mulier
973 2049 1045 2072 una
1063 2063 1072 2079 ,
1099 2043 1256 2083 quatuor
1279 2039 1478 2072 liberorum
1502 2042 1642 2078 mater,
1668 2046 1793 2071 omnes

351 2088 550 2128 devoravit,
576 2087 622 2120 ad
648 2086 810 2130 singulos
834 2091 1062 2130 praetexens,
1088 2085 1249 2131 reliquos
1275 2097 1312 2119 se
1337 2087 1432 2119 alere
1459 2095 1501 2117 ac
1523 2084 1659 2119 salvare
1682 2083 1792 2125 velle,

350 2133 468 2168 donec
492 2134 660 2168 omuibus
686 2133 761 2166 illis
786 2132 1009 2177 absumptis,
1037 2131 1221 2176 lapidibus
1247 2142 1268 2164 a
1290 2132 1399 2176 plebe
1422 2131 1552 2164 obruta
1577 2135 1642 2164 est.

443 2182 638 2227 Euplutius
665 2179 918 2226 Magistrianus
944 2179 990 2212 ad
1003 2179 1160 2219 valiam,
1181 2178 1386 2212 Gothorum
1408 2177 1649 2223 praefectum,
1672 2176 1792 2210 mitti-

348 2231 432 2268 tur,
468 2230 534 2273 qui
569 2228 669 2273 pacis
693 2227 842 2260 foedera
875 2226 1004 2266 iniret,
1042 2225 1311 2271 Placidiamque
1352 2226 1543 2269 reciperet.
1600 2223 1670 2256 Ille
1705 2234 1790 2257 vero

351 2275 539 2310 commode
572 2274 730 2319 recepit,
773 2274 956 2317 missaque
998 2271 1281 2306 frumentatione
1324 2276 1573 2306 sexcentorum
1608 2268 1792 2311 millium,

348 2320 515 2357 Placidia
540 2322 713 2365 Euplutio
739 2320 895 2360 tradita,
926 2319 972 2352 ad
998 2319 1203 2353 Honorium
1226 2319 1372 2352 fratrem
1397 2317 1604 2351 remittitur.

445 2368 534 2400 Cum
559 2368 709 2401 Athenis
737 2367 875 2412 inquiri
899 2371 1068 2409 coeptum
1091 2371 1205 2406 esset,
1231 2376 1389 2411 quonam
1413 2363 1522 2397 modo
1551 2360 1790 2406 conglutinari

347 2420 499 2459 possent
520 2414 620 2456 libri,
646 2414 784 2447 discere
812 2412 1072 2459 quaerentibus
1096 2412 1244 2446 modum
1273 2412 1442 2456 glutinis,
1467 2409 1678 2449 Philtatius,
1700 2408 1791 2441 scri-

347 2460 466 2506 ptoris
492 2460 600 2493 huius
627 2460 764 2501 socius,
789 2460 830 2493 in
855 2471 892 2493 re
918 2459 1097 2493 litteraria
1123 2460 1217 2492 bene
1242 2458 1462 2499 industrius,
1492 2454 1670 2490 ostendit:
1694 2465 1790 2500 qua-

350 2518 391 2541 re
419 2511 457 2539 et
478 2506 624 2542 honoris
653 2508 766 2552 gratia
790 2511 947 2539 statuam
971 2506 1029 2538 illi
1053 2506 1146 2540 cives
1171 2505 1360 2538 collocant.

443 2553 499 2585 De
540 2554 627 2587 Oasi
657 2562 781 2586 auctor
821 2554 935 2585 multa
965 2558 1089 2586 narrat
1124 2551 1365 2586 incredibilia.
1426 2551 1481 2585 De
1515 2548 1594 2581 eius
1630 2548 1790 2593 primum

353 2602 551 2644 temperie:
586 2606 623 2633 et
656 2600 754 2644 quod
785 2610 884 2632 sacro
910 2598 965 2630 ibi
1007 2599 1135 2633 morbo
1166 2602 1240 2632 non
1263 2596 1371 2631 modo
1396 2598 1488 2630 nulli
1512 2594 1699 2635 laborent,
1723 2593 1789 2627 sed

356 2647 466 2680 etiam
498 2648 529 2681 si
563 2647 626 2693 qui
661 2645 809 2679 aliunde
846 2645 1060 2687 adveniant,
1095 2657 1137 2679 eo
1160 2645 1362 2678 liberentur
1395 2644 1441 2677 ob
1475 2641 1668 2686 benignam
1693 2639 1789 2673 aeris

354 2696 578 2739 temperiem.
642 2693 696 2725 Dc
730 2693 876 2736 copiosa
898 2691 1030 2725 deinde
1056 2702 1149 2737 quae
1181 2690 1318 2724 ibidem
1344 2696 1396 2722 est
1420 2698 1548 2728 arena,
1574 2686 1692 2733 deque
1717 2697 1790 2731 pu-

352 2741 441 2783 teis,
466 2741 531 2787 qui
555 2739 715 2775 fossione
736 2737 783 2771 ad
808 2738 982 2773 ducentos
1009 2744 1045 2772 ct
1069 2742 1260 2780 trecentos,
1286 2745 1547 2781 nonnunquam
1569 2744 1654 2772 vero
1675 2733 1790 2767 etiam
