1924 3164
596 207 663 246 Ex
699 206 916 248 EUNAPH
962 207 1233 253 fflsTomA.
1568 191 1640 263 67

198 305 408 362 λυτρόπου
437 308 655 362 γενομένης
681 306 873 362 ἐκτιθησι
899 308 978 360 μὲν
1006 304 1135 358 αύτὸς
1156 307 1416 363 Ἰουλιανὸς,
1462 304 1570 352 ἄλλα
1598 311 1647 352 δὲ

201 371 393 426 ἀλλαχοῦ
435 373 509 414 καί
533 370 637 428 πρὸς
664 371 844 422 πολλοὺς
885 370 1144 431 οἷναφροίζων
1184 373 1229 416 ἐν
1255 376 1508 425 ἐπιστολαῖς.
1543 374 1650 432 πρός

201 452 296 478 τινα
341 438 445 491 γοῦν
486 434 725 492 Κυλλήνιον
766 437 841 480 καὶ
875 441 1012 481 ταῦτα
1039 437 1310 494 ἐξηγούμενον
1336 439 1388 483 τὰ
1413 443 1493 495 μὲν
1520 441 1650 483 ἒπιτι·

201 504 295 556 μῶν
323 501 393 555 ὥς>
421 502 756 558 διαμαρτάνοντι»
783 505 856 559 τῆς
884 501 1085 560 ἀληθείας
1115 507 1328 562 φαίνεται,
1358 505 1431 549 καὶ
1455 506 1651 563 παρεκτί-

174 569 312 622 ὄθησί
330 584 376 623 γε
405 565 457 610 τὰ
487 569 732 624 πραχθέντα
761 564 873 618 ὅπως
902 571 1064 624 γέγονε·
1104 569 1284 626 φάσκων
1315 574 1362 614 δὲ
1388 570 1447 628 μή
1481 569 1657 614 δεῖσθαι’

199 648 282 675 που
330 630 383 676 τοί
420 650 466 676 τε
505 632 606 690 ἔργα
645 635 858 689 λέγοντος,ἢ
890 636 1019 692 (οὐδὲ
1045 636 1125 693 γὰρ
1164 638 1435 695 Παλαμήδην
1465 636 1652 695 Ὁμήρου

200 698 519 755 προσδεηθῆναί
562 715 691 756 φησιν
729 700 790 750 εἷς
837 699 1006 759 δόξαν,)
1063 704 1138 744 καί
1172 703 1249 753 τοὶς
1290 704 1509 760 ἀλλοτρίας
1553 710 1838 759 συγ-Βαλαδᾶ

199 762 371 820 γραφὰς
399 766 482 806 τῶν
510 766 627 808 ἷὸιὶον
665 764 797 821 ἔργων
836 763 920 807 ὑπὸ
950 769 1270 823 μεγαλοψυχίας
1308 768 1653 825 παραιτούμενος,

200 829 327 880 αὐτὸς
371 827 486 884 ὅμως
528 830 598 873 διὰ
635 833 812 886 μέγεθος
849 833 933 875 τῶν
961 835 1262 890 πεπραγμένων
1297 834 1403 890 πρὸς
1437 834 1483 878 τὸ
1523 836 1658 890 λέγειν

150 894 312 939 madro}
340 896 671 951 κατασειόμενος,
701 898 802 940 ου’δὲ
826 897 1075 956 συγγραφήν
1098 899 1246 957 ἁπλῆν,
1272 902 1363 942 ἀλλ’
1380 899 1549 944 ἔπαινον
1586 903 1655 944 κε’-

203 963 350 1018 κρικέν
379 978 472 1004 τινα
501 962 576 1004 καί
600 961 795 1019 λαμπρὸν
821 961 974 1006 ἑαυτοῦ
1004 966 1198 1015 διέξεισιν
1224 966 1556 1021 αὕτοκέλευστος,
1586 965 1659 1010 καὶ

203 1027 316 1084 πρός
350 1026 527 1078 πολλοὺς
554 1028 662 1071 αὐτὰ
694 1027 766 1071 διὰ
792 1033 877 1072 τῶν
903 1031 1134 1073 ἐπιστολῶν
1160 1031 1323 1085 ὗμναῖν.

311 1094 382 1147 ιβ’,
432 1092 526 1137 Ὅτι
561 1101 728 1150 κρατεῖν
771 1096 830 1145 ὥς
873 1096 1027 1138 ἐπίπαν
1055 1095 1206 1139 εἴωθεν
1247 1098 1293 1139 ἓν
1318 1100 1399 1151 μὲν
1424 1103 1512 1148 τοῖς
1540 1098 1660 1140 οἷπεί-

204 1174 294 1216 ροις
322 1157 370 1201 τὸ
402 1163 552 1214 πλέον,
581 1161 626 1203 ἓν
656 1162 702 1203 δὲ
726 1167 811 1210 τοῖς
839 1161 1092 1216 ἒπιστήμοσι
1122 1161 1170 1204 τὸ
1193 1164 1550 1217 γεγυμνασμένον·
1608 1160 1666 1204 οὔ

159 1223 288 1280 ιόγοὶρ
319 1226 364 1267 ἒν
402 1231 491 1274 τοῖς
516 1225 622 1278 μετά
653 1227 799 1281 τέχνης
828 1223 990 1283 duam}
1033 1226 1080 1268 τὸ
1122 1226 1360 1283 παράλογον
1393 1230 1465 1282 τῆς
1501 1225 1661 1283 τύχης,

164 1317 168 1321 -
207 1291 302 1331 ἀλλ’
331 1292 375 1332 ἑν
401 1295 485 1340 τοῖς
523 1293 712 1345 α’τέχνοις
748 1290 898 1348 χώραν
927 1290 1016 1346 ἔχει
1037 1290 1083 1334 τὸ
1114 1288 1376 1346 αὐτόματον,
1412 1290 1552 1348 ὥσπερ
1585 1290 1665 1335 κᾶν

207 1361 304 1404 ταῖς
331 1349 477 1406 ἄλλαις
508 1353 755 1412 ἐπιστήμαις
786 1355 953 1413 ὁρῶμεν
979 1356 1025 1400 τὸ
1056 1358 1261 1415 προτεθὲν
1290 1357 1372 1412 οὐχ
1400 1357 1481 1400 ὕπὸ
1509 1360 1592 1401 τῶν
1613 1359 1664 1401 α’-

208 1423 378 1477 πείρων,
414 1417 504 1463 ἄλλ’
534 1419 617 1463 ὑπὸ
646 1424 726 1465 τῶν
752 1420 1067 1479 μελετησάντων
1095 1422 1404 1477 ἐκτελούμενον.

317 1484 382 1541 ιγ’.
431 1483 521 1529 Ὅτι
558 1489 643 1540 πᾶν
681 1485 802 1544 ἔργον
841 1495 1025 1545 κρεῖττον
1068 1488 1323 1545 ἅπορ’ῥήτως
1355 1487 1789 1545 στρατηγούμε-Β.οδο

154 1565 312 1594 2021011·v
331 1548 441 1602 ὅστις
471 1554 517 1595 δὲ
544 1554 590 1597 ἐν
618 1555 784 1613 πολέμῳ
823 1552 995 1611 κρύπτει
1023 1553 1076 1596 τὰ
1106 1555 1301 1608 πλείονα,
1331 1556 1528 1611 κρείττων
1552 1556 1665 1598 ἐστίν

207 1613 234 1674 ἢ
263 1615 286 1659 ὅ
314 1622 408 1672 μετ’
435 1617 569 1675 ἔργων
599 1618 866 1676 θρασύτητος
896 1622 1090 1677 φανερῶς
1118 1619 1262 1662 ἐπιών.

313 1683 385 1727 ιδ’.
429 1682 520 1727 Ὅτι
547 1686 571 1727 ὅ
600 1684 762 1735 κυνικὸς
785 1684 1036 1743 “Ηρα’κλειος
1077 1684 1392 1742 οἷκροασόμενον
1419 1683 1561 1728 ἐκάλει
1589 1683 1663 1727 τὸν

301 1773 351 1797 ιο.
374 1762 562 1810 κέκρικεν]
591 1757 788 1811 ἱστορικὸν
812 1766 853 1798 Ν.
965 1776 1015 1810 ¹7·
1049 1765 1239 1811 προτεθὲν
1262 1764 1304 1797 Ν.
1319 1789 1330 1806 ,
1355 1763 1571 1810 προστεθὲν
1606 1763 1664 1796 ed·

300 1820 356 1843 20.
382 1810 486 1844 ἐστὶν
523 1807 544 1851 ἢ
573 1810 607 1856 ὁ]
635 1811 716 1844 ἐστὶ
738 1812 802 1852 τῆς
827 1810 884 1845 ed.
1082 1823 1138 1845 22.
1164 1811 1186 1845 ό
1212 1822 1281 1844 om.
1311 1811 1366 1844 ed.
1545 1809 1666 1854 Ἡρά-

298 1855 432 1902 κλειος]
461 1856 547 1890 Cod.
572 1855 642 1890 hoc
664 1858 745 1891 loco
768 1855 1023 1902 Ἡράκλειτος
1049 1863 1087 1891 at
1112 1858 1207 1891 infra
1232 1857 1272 1890 in
1298 1857 1405 1890 rebus
1421 1856 1588 1900 Procopii
1605 1862 1666 1899 ty-'

298 1903 405 1936 ranni
430 1902 528 1936 idem
556 1903 670 1936 codex
693 1902 807 1937 habet
827 1902 1061 1948 ἹΙράκλειος.
1087 1903 1202 1936 Priori
1227 1903 1380 1936 lectioni
1402 1902 1498 1936 favet
1512 1902 1664 1944 Suidas;

294 1950 490 1994 posteriori
523 1955 644 1984 textus
682 1950 817 1983 Iuliani
842 1951 882 1983 in
931 1951 1095 1984 oratione
1131 1954 1255 1981 contra
1282 1949 1379 1981 hunc
1415 1949 1581 1990 cynicum
1607 1948 1663 1982 ed.

296 1996 412 2030 Petav.
438 1997 572 2031 Mnus.
683 1995 973 2042 ἀκροασόμενον
1003 1995 1045 2028 Ν.
1057 2019 1071 2036 ,
1104 1993 1397 2042 ἀκροασάμενον
1419 1995 1475 2030 ed.

207 2063 254 2098 lis
279 2063 326 2096 ad
351 2063 509 2099 diversos
533 2065 636 2098 illam
673 2069 826 2099 enarrat.
874 2063 931 2097 Ad
955 2063 1137 2111 quendam
1161 2063 1286 2110 itaque
1317 2054 1478 2098 scribens
1504 2063 1666 2108 Cylleni·

211 2122 293 2152 um,
323 2113 386 2157 qui
412 2117 659 2156 argumentum
684 2111 779 2145 illud
802 2116 1016 2144 tractaverat
1034 2135 1043 2151 ‚
1080 2111 1238 2155 primum
1256 2110 1405 2156 quidem
1431 2122 1513 2144 eum
1541 2110 1665 2144 obiur-

211 2163 281 2202 gat,
308 2164 500 2204 propterea
527 2158 626 2205 quod
651 2170 671 2190 a
697 2160 852 2193 veritate
879 2158 1127 2199 aberraverat3
1162 2162 1239 2190 tum
1263 2157 1343 2200 ipse
1378 2159 1454 2190 rem
1483 2162 1594 2202 prout
1625 2168 1664 2191 se

210 2204 373 2238 habebat
396 2207 554 2250 exponit.
604 2206 665 2240 Ait
693 2211 827 2246 autem,
851 2205 946 2238 facta
970 2204 1033 2237 illa
1059 2204 1234 2248 scriptore
1259 2205 1333 2245 non
1359 2202 1544 2248 indigere:
1581 2215 1664 2237 nam

211 2262 332 2298 neque
357 2252 559 2293 Palamedi,
584 2252 731 2299 inquit,
766 2251 812 2285 ad
836 2251 987 2295 gloriam
1014 2261 1103 2295 opus
1128 2250 1284 2283 Homero
1310 2249 1390 2283 fuit.
1450 2250 1540 2295 Ergo
1573 2250 1665 2283 alie-

212 2309 275 2331 nas
300 2298 474 2332 factorum
499 2310 646 2332 suorum
671 2298 838 2333 historias
874 2297 1013 2331 excelso
1050 2297 1169 2330 animo
1207 2296 1394 2339 abnuens,
1429 2298 1509 2341 ipse
1541 2296 1670 2330 tamen

213 2346 464 2390 magnitudine
489 2356 607 2379 rerum
635 2350 812 2391 gestarum
842 2344 888 2377 ad
924 2342 1117 2378 dicendum
1150 2343 1362 2387 impellitur.
1410 2343 1537 2389 Neque
1572 2344 1663 2376 sim-

213 2390 348 2435 plicem
371 2392 571 2434 historiam,
595 2392 659 2426 sed
682 2393 902 2426 luculentam
926 2391 983 2424 sui
1006 2390 1250 2424 laudationem
1265 2395 1394 2435 sponte
1418 2391 1664 2436 persequitur,

217 2443 327 2483 atque
356 2439 396 2471 in
422 2439 584 2483 epistolis
609 2438 655 2472 ad
678 2440 809 2473 multos
835 2439 978 2483 scriptis
1002 2448 1039 2471 se
1063 2438 1180 2482 ipsum
1204 2436 1399 2482 praedicat.

315 2496 364 2518 ια.
414 2486 456 2519 In
480 2486 658 2530 imperitis
679 2487 894 2531 plerumque
919 2490 1089 2518 numerus
1114 2485 1321 2529 praevalet,
1359 2483 1398 2515 i'n
1434 2481 1662 2529 sapientibus

218 2530 388 2566 eruditio.
436 2532 564 2579 Neque
603 2533 700 2566 enim
731 2534 897 2567 fortunae
930 2530 1114 2565 temeritas
1153 2535 1228 2564 arte
1260 2529 1436 2575 praeditis
1471 2529 1674 2567 usuvenit,

220 2576 284 2609 sed
309 2577 459 2612 rudibus
484 2590 583 2612 casus
610 2579 782 2613 fortuitus
808 2577 1025 2611 dominatur.
1076 2577 1135 2611 sie
1158 2582 1196 2610 et
1219 2578 1259 2610 in
1283 2574 1363 2610 aliis
1390 2574 1592 2622 disciplinis
1618 2573 1665 2606 ad.

218 2625 445 2667 propositum
469 2626 578 2659 finem
603 2637 678 2659 non
702 2626 914 2671 imperitos,
943 2623 1008 2658 sed
1031 2623 1194 2664 sollertes
1221 2623 1391 2659 devenire
1415 2622 1592 2658 videmus.

317 2671 366 2704 13.
417 2670 579 2715 Quodvis
605 2683 695 2716 opus
720 2673 877 2706 militare
909 2676 1045 2705 secreto
1071 2669 1204 2704 ducum
1232 2669 1387 2704 consili'o
1424 2668 1530 2711 dirigi
1557 2675 1665 2711 prae*

221 2718 302 2750 stat.
338 2716 444 2752 ‘sane
470 2720 533 2765 qui
557 2719 648 2752 belli
672 2719 779 2765 plura
802 2719 916 2760 celat,
940 2718 1060 2764 potior
1084 2722 1139 2751 est
1162 2718 1242 2759 illo,
1267 2717 1333 2764 qui
1356 2716 1531 2750 factorum
1555 2712 1666 2747 auda-

221 2762 276 2795 cia
298 2764 486 2799 manifeste
512 2765 635 2800 utitur.
