1924 3164
321 196 338 230 1
352 176 424 233 80
737 219 740 223 .
895 191 1171 234 EXCERPTA

127 306 168 339 A.
184 298 389 351 Ο,448μὲν
415 286 488 338 τόν
512 294 742 348 εΡωμαίων
768 290 909 334 §seiza
935 291 1133 347 βασιλέα,
1153 286 1389 348 ’ἄνθρωπον
1420 293 1468 334 δὲ
1495 272 1580 335 τόν
1611 292 1755 348 ’Attri-

151 398 172 432 h
194 353 271 431 Inld.
291 365 300 386 ¹
319 367 396 404 λαν
409 393 421 403 .
448 363 594 404 τοῦτον
614 356 685 401 τόν
706 355 827 412 λόγον
848 357 871 398 ὅ
886 361 1128 413 Μαξιμΐνος
1146 358 1203 408 ὥς
1219 356 1399 400 πιθανὸν
1413 359 1591 416 ἐδέχετο,
1607 355 1674 402 οἷα
1703 357 1754 413 dr)

117 399 148 433 Τ
178 399 304 492 coxas-Ag}
318 424 521 481 ἇμέτοχος
551 421 610 467 ὢν
638 426 713 478 τῆς
751 426 1018 475 συνωμοσίας
1060 422 1111 480 ἢν
1147 423 1255 466 κατὰ
1283 426 1359 466 τοῦ
1385 423 1604 479 βαρβάρου
1636 423 1660 465 ὅ
1691 425 1754 464 ευ’-

309 495 459 547 νοῦχος
487 490 731 546 ἐποιήσατο.
788 487 810 530 ὅ
840 491 887 531 δὲ
914 491 1089 543 Βιγίλας
1116 485 1349 545 οἷμφιβολός
1367 505 1412 530 τε
1442 485 1519 543 ἦν,
1562 491 1634 531 καί
1659 490 1757 542 ε’μοί

275 557 448 602 Βέὃόκει
475 556 727 612 προφάσεως
747 551 933 611 οἷπορεῖν,
965 557 1020 596 δι’
1051 552 1102 611 ἢν
1124 557 1238 613 αὐτῷ
1263 554 1284 597 ὃ
1313 551 1512 608 Ἀττήλας
1540 553 1780 608 &Redemi-5

307 638 408 666 σατο
425 639 436 650 ·
493 616 586 663 οὔτε
613 619 694 676 γὰρ
723 619 776 663 τὰ
805 622 850 663 ἐν
878 622 1057 678 Σερὸικῇ
1070 655 1082 673 ,
1129 620 1187 671 ὥς
1214 618 1391 677 ὕστερον
1418 621 1520 675 ἡμῖν
1549 621 1753 675 διηγεῖτο,

308 685 406 730 οὔτε
441 685 491 729 τὰ
521 687 597 742 τῆς
624 688 849 741 ἐπιβουλῆς
889 687 1088 743 εἰρῆσθαι
1125 689 1184 745 τῷ
1206 686 1388 743 Ἀττὴλᾳ
1418 686 1640 738 ἐνόμιζεν,
1673 701 1756 739 μη..

308 751 427 801 ὃενὸς
453 755 532 806 μὲν
559 749 700 809 ἑτέρου
726 753 810 795 τῶν
841 753 886 794 ἐκ
911 753 988 793 τοῦ
1025 751 1211 807 πλήθους
1254 750 1326 793 διὰ
1354 749 1427 793 τὸν
1455 751 1754 805 ἐπικρατοῦντα

308 817 414 860 κατὰ
446 817 612 860 πάντων
632 816 763 874 φόβον
791 819 835 867 ἐς
863 817 1011 871 λόγους
1026 818 1142 874 αὐτῷ
1167 812 1435 872 θαρᾆοῦντος
1464 817 1616 868 ἐλθεῖν,
1642 815 1755 857 Ἐδέ-

306 899 438 934 κωνος
467 885 514 925 δὲ
542 881 705 932 πάντως
732 882 1071 937 ἕχεμυθήσοντος
1111 882 1183 923 διά
1204 898 1248 924 τε
1275 880 1375 931 τούς
1403 878 1554 937 ὅρκους
1572 879 1652 930 ικαὶ
1677 877 1742 934 τὴν
1760 893 1807 920 ιο

307 949 486 1004 οἷὸηλιάν
506 951 582 990 τοῦ
597 948 848 1003 πράγματος,
861 946 921 1002 μή
938 963 1037 989 ποτε
1052 947 1125 989 καί
1139 946 1282 1000 αὐτὸς,
1296 946 1354 996 ὥς
1368 944 1561 999 τοιούτων
1579 948 1756 999 μέτοχος

305 1012 455 1068 λόγων,
492 1011 727 1069 ἐπιτήδειος
742 1012 972 1067 νομισθεὶς,
998 1011 1183 1055 θάνατον
1196 1010 1344 1068 ὑφέξει
1374 1010 1538 1066 ζημίαν.
1595 1013 1640 1054 ἐν
1667 1025 1756 1052 τοι-

306 1079 411 1135 αύτῃ
445 1074 521 1120 οὖν
558 1079 795 1136 ἀμφιβολίᾳ
835 1077 1115 1133 τυγχάνουσιν
1149 1077 1321 1127 ἐπιστὰς
1358 1077 1558 1129 Ἐῦέκων,
1584 1075 1657 1117 καὶ
1682 1073 1756 1117 τὸν

307 1146 486 1198 Βιγίλαν
513 1143 592 1197 ἔξω
634 1147 707 1199 τῆς
741 1142 948 1200 ἡμετέρας
990 1142 1219 1199 ἀπαγαγών
1246 1142 1449 1196 συνόδου,
1478 1140 1756 1198 ὗποκρινάμετ

267 1210 436 1260 (ἑνός’τε
466 1210 751 1266 ἀληθίζεσθαι
780 1213 862 1252 τῶν
891 1210 1036 1259 αὐτοῖς
1072 1210 1414 1264 βεβουλευμένων
1442 1209 1583 1260 ἕνεκα,
1609 1209 1682 1249 καί
1707 1205 1810 1248 τι“15

306 1278 486 1332 χρυσίον
524 1278 779 1331 κομισθῆναι
819 1275 1235 1331 παρακελευσάμενος
1270 1274 1317 1316 τὸ
1359 1270 1641 1329 δοθησόμενον
1669 1277 1758 1320 τοῖς

309 1337 402 1394 ἅμα
430 1337 545 1398 αὗτῷ
573 1339 673 1396 περὶ
697 1339 774 1396 τὴν
817 1343 969 1396 πρᾶξιν
998 1341 1310 1392 ἐλευσομένοις,
1343 1337 1570 1393 ἀνεχώρει.
1625 1340 1758 1378 πολυ-

308 1409 630 1461 πραγμονοῦντα
673 1406 721 1447 δὲ
756 1404 863 1454 τίνες
907 1403 946 1447 οἱ
972 1407 1048 1447 τοῦ
1083 1402 1302 1453 Ἐδέκωνος
1347 1402 1451 1459 πρὸς
1482 1400 1613 1444 αὐτὸν
1640 1399 1757 1455 λόγοι

308 1472 475 1527 οἷπατᾷν
504 1469 705 1513 ἔσπευδεν
744 1470 1005 1526 ἤπατημένος
1042 1468 1193 1522 αὐτὸς,
1236 1471 1310 1511 καί
1346 1467 1422 1523 τήν
1449 1469 1589 1522 α’ληθῆ
1617 1465 1756 1514 αἰτίαν

307 1531 660 1591 ἃποκρυψάμενος
679 1533 838 1591 ἔφασκε
858 1539 961 1591 παρ’
980 1531 1112 1577 αὐτοῦ
1135 1531 1354 1584 Ἐδέκωνος
1374 1535 1585 1589 εἰρῆσθαι,
1611 1532 1668 1581 ὥς
1685 1529 1813 1578 καιάο

307 1600 424 1659 αὐτῷ
452 1600 473 1641 ὃ
499 1600 702 1656 Ἀττήλας
723 1603 821 1657 περί
845 1604 929 1643 τῶν
957 1600 1157 1658 φυγάδων
1190 1601 1461 1655 χαλεπαίνοι·
1516 1597 1602 1644 ἔδει
1626 1595 1754 1655 γὰρῆ

398 1688 431 1724 3.
457 1687 643 1736 α’μέτοχος
667 1690 767 1732 Vnt,
800 1691 963 1737 μέτοχος
987 1691 1081 1736 vulg.
1199 1703 1232 1737 9.
1271 1690 1390 1725 αὐτοῦ’
1420 1690 1515 1735 vulg.
1647 1686 1754 1723 Ἐδέ-

400 1746 521 1773 κωνος
547 1737 649 1779 Vat,
679 1736 839 1773 Ἑδέκων
861 1739 955 1784 vulg.

307 1825 432 1866 cisset‚
461 1826 550 1867 dixi,
566 1827 682 1860 vereri
703 1837 773 1868 me,
797 1838 845 1861 ne
866 1828 928 1873 qui
950 1838 992 1860 ex
1016 1826 1198 1867 barbaris,
1231 1826 1294 1873 qui
1323 1826 1363 1861 in
1390 1825 1534 1860 Serdica
1565 1825 1755 1861 nobiscnm

307 1872 446 1916 epulati
472 1878 597 1914 erant,
622 1873 774 1906 Attilam
806 1874 987 1908 infensum
1016 1875 1122 1908 nobis
1154 1873 1414 1914 reddidissent,
1440 1879 1478 1906 et
1501 1874 1652 1918 Bigilnm
1683 1875 1754 1906 Ro-

305 1928 497 1952 manorum
521 1921 779 1965 Imperatorem
798 1919 927 1961 deum,
955 1920 1104 1954 Attilam
1124 1933 1209 1955 vero
1234 1920 1419 1953 hominem
1446 1921 1665 1965 appellasse,
1692 1930 1754 1952 re-

303 1964 485 1999 tulissent.
536 1966 653 2011 Quam
672 1968 873 2001 orationem
896 1967 1113 2000 Maximinus
1142 1972 1183 2000 ut
1200 1967 1434 2000 verisimilem
1468 1972 1523 2000 est
1553 1966 1753 2010 amplexus,

305 2013 393 2056 quia
416 2012 679 2046 coniurationis
705 2014 744 2046 in
767 2013 916 2046 Attilam
947 2013 992 2047 ab
1017 2013 1185 2047 eunucho
1214 2015 1329 2048 initae
1361 2013 1540 2058 particeps
1567 2024 1642 2045 non
1670 2012 1752 2045 sue-

304 2062 371 2090 rat.
422 2058 494 2091 Sed
512 2059 641 2104 Bigilas
670 2059 860 2104 ambiguus
886 2061 997 2093 animi
1023 2065 1118 2101 erat,
1141 2072 1261 2107 neque
1290 2071 1428 2093 causam
1448 2059 1621 2103 suspicari
1645 2068 1751 2102 posse

303 2102 515 2146 videbatur,
546 2117 658 2152 quare
684 2106 814 2140 Attilas
842 2117 924 2139 eum
948 2113 1021 2140 tam
1052 2107 1191 2140 acerbis
1231 2106 1395 2140 convitiis
1421 2106 1615 2138 insectatus
1646 2110 1750 2137 esset.

304 2149 380 2182 Nec
398 2151 495 2184 enim
515 2153 553 2185 in
573 2153 731 2186 animum
755 2165 859 2186 suum
875 2152 1047 2187 inducere
1070 2158 1230 2198 poterat,
1253 2158 1293 2186 ut
1321 2152 1427 2185 nobis
1454 2156 1579 2197 postea
1603 2150 1750 2191 retulit,

305 2198 494 2230 enuntiata
522 2198 655 2240 fuisse,
685 2211 779 2245 quae
816 2202 854 2233 in
887 2201 1052 2234 convivio
1100 2201 1138 2233 in
1163 2198 1310 2232 Serdica
1344 2199 1440 2232 dicta
1479 2198 1642 2237 fuerant,
1682 2209 1751 2231 nec

305 2243 596 2278 coniurationem
627 2246 665 2278 in
694 2246 844 2279 Attilam
867 2247 1060 2286 detectam,
1087 2257 1165 2279 cum
1190 2256 1294 2278 nemo
1315 2257 1360 2279 ex
1381 2245 1479 2277 omni
1500 2243 1751 2285 multitudine,

305 2299 401 2334 quae
435 2290 585 2323 Attilam
618 2291 894 2334 circumstabat,
941 2299 1090 2338 excepto
1122 2292 1308 2332 Edecone,
1348 2302 1432 2336 prae
1464 2295 1580 2331 metu,
1617 2291 1678 2335 (1¹¹5
1706 2302 1750 2324 ⁰·

305 2335 444 2367 mnium
468 2343 606 2371 mentes
631 2345 857 2383 pervaserat,
891 2350 970 2372 cum
996 2339 1106 2374 Attila
1129 2349 1328 2373 sermonem
1354 2338 1545 2372 instituere
1573 2337 1722 2371 auderet
1738 2362 1750 2378 ‚

305 2379 510 2415 Edeconem
533 2390 652 2417 autem
678 2386 839 2419 studiose
865 2397 1009 2430 operam
1037 2386 1201 2419 daturum
1228 2390 1411 2426 censeret,
1446 2385 1566 2417 omnia
1599 2383 1748 2417 silentio

301 2429 521 2473 transigere,
558 2435 633 2463 tum
668 2438 814 2477 propter
839 2433 1112 2473 iusiurandum,
1146 2437 1220 2464 tum
1256 2437 1402 2477 propter
1427 2430 1565 2475 negotii
1593 2431 1749 2475 gravita·

306 2477 400 2506 tem:
437 2486 496 2513 ne,
521 2477 606 2520 quia
629 2477 862 2512 clandestinis
889 2480 927 2512 in
953 2480 1101 2513 Attilam
1127 2478 1288 2511 consiliis
1318 2478 1555 2517 interfuerat,
1580 2487 1661 2510 reus
1686 2476 1748 2510 iu-

308 2518 470 2562 dicatus,
507 2532 625 2565 poena
649 2526 773 2557 mortis
801 2525 1009 2559 afficeretur.
1061 2525 1157 2558 Haec
1183 2536 1262 2558 cum
1287 2524 1455 2569 ambigua
1481 2529 1603 2557 mente
1626 2523 1748 2556 volve-

304 2577 444 2606 remus,
468 2567 612 2601 Edecon
636 2571 861 2614 supervenit,
888 2577 924 2605 et
949 2570 1104 2605 abducto
1129 2583 1149 2604 a
1173 2576 1295 2604 nostro
1320 2576 1426 2604 coetu
1451 2571 1584 2615 mgna,
1616 2570 1747 2613 (finge-

307 2610 372 2645 bat
394 2614 490 2659 enim
515 2615 610 2648 velle
635 2627 716 2649 vere
744 2622 780 2650 et
804 2619 897 2651 serio
923 2617 967 2651 de
1004 2618 1272 2662 praemeditatis
1298 2620 1393 2650 inter
1421 2628 1480 2650 eos
1506 2616 1648 2650 insidiis
1665 2627 1748 2661 age-

308 2659 375 2704 re‚)
400 2659 463 2693 ubi
489 2672 615 2694 aurum
643 2662 778 2696 adferri
803 2665 1000 2709 praecepit,
1032 2663 1128 2709 quod
1154 2663 1210 2696 his
1236 2663 1400 2704 daretur,
1426 2663 1489 2709 qui
1515 2662 1747 2708 exsequendo

308 2705 463 2739 facinori
496 2717 636 2752 operam
674 2711 839 2743 navaturi
874 2717 1019 2750 essent,
1053 2709 1226 2743 discessit.
1275 2711 1347 2755 Ego
1382 2722 1466 2744 vero
1493 2721 1571 2743 cum
1596 2710 1748 2755 Bigilam

308 2753 483 2786 curiosius
508 2754 750 2801 inquirerem,
777 2767 867 2802 quos
892 2768 1074 2790 sermones
1097 2767 1217 2791 secum
1243 2755 1386 2791 Edecon
1411 2756 1623 2798 habuisset,
1647 2755 1747 2790 deci-
