1924 3164
368 303 852 363 EYNAIIIOY
904 300 1446 362 ΣΑΡΛῙΑΝΟΤ

228 422 644 472 ΙΣΤΟΡΙΛΣ
687 424 862 472 ΤΗΣ
897 426 1122 474 ΜΕΤΑ
1161 406 1581 479 ΑΕΞΙΠΠΟΝ

646 531 817 565 ΝΕΛΣ
837 533 1164 567 ΕΚΔΟΣΕΩΣ

455 622 779 664 ΕΚΛΟΓΛΙ
820 619 1000 666 ΠΕΡΙ
1036 623 1353 667 ΓΝΩΜΩΝ.

466 788 503 826 Ε
530 786 690 827 NOVA
719 786 997 829 EDITIONE
1029 788 1334 831 HISTORIAE

332 887 834 949 EUNAPII
899 889 1530 955 SARDIANI'

558 1006 652 1047 Qm
682 1006 919 1039 DEXIPPUM
954 993 1259 1041 οοΝΤιΝυΑνὶΤ

426 1083 798 1124 EXCERPTA
835 1084 920 1125 DE
959 1086 1384 1133 SENTENTIIS.

730 1292 1079 1340 ARGUMENTUM',

270 1379 462 1424 Praefatio
487 1379 577 1414 libr-i
596 1380 709 1424 primi
741 1379 804 1426 (ι).
856 1381 1070 1416 Constantii
1096 1379 1278 1416 adver-sus
1310 1382 1499 1416 lulianum
1536 1384 1631 1418 imi-

178 1424 265 1460 diae
289 1425 336 1470 (2.
371 1427 421 1472 3).
465 1426 657 1473 Praefatio
681 1426 773 1460 libri
794 1426 951 1462 secundi
973 1427 1037 1474 (4).
1083 1429 1142 1463 De
1163 1428 1309 1462 Iuliani
1333 1428 1564 1475 expeditione
1590 1431 1632 1463 in

178 1473 343 1506 Galliam
379 1474 426 1518 (5.
460 1474 512 1519 6).
565 1475 662 1508 Eius
695 1473 904 1509 moderatio
941 1473 1007 1519 (7).
1067 1474 1338 1509 Chariettonem
1374 1477 1530 1509 amicum
1560 1477 1634 1510 sihi

177 1521 359 1553 conciliat
381 1520 443 1566 (8).
494 1520 706 1555 Constantii
733 1519 885 1554 invidia
909 1530 1041 1555 conte-a
1065 1522 1263 1556 Iulianum.
1318 1522 1455 1558 Variae
1486 1531 1632 1558 senten-

176 1567 254 1599 tiae
280 1567 327 1610 (9.
369 1567 435 1612 ιο).
484 1566 654 1601 Iulianus
678 1568 872 1613 epistolam
905 1566 959 1600 ad
990 1568 1198 1611 Cyllenium
1232 1569 1345 1603 mittit
1369 1569 1455 1614 (ιι).
1503 1571 1631 1603 Hera-

177 1613 248 1645 clii
268 1614 386 1647 Stoici
406 1612 586 1660 refutatio
613 1614 726 1659 (12—
743 1614 812 1660 ι4).
859 1613 1032 1648 Iulianus
1043 1614 1260 1657 Scytharum
1284 1616 1519 1649 incursiones
1544 1617 1631 1648 ani-

178 1671 234 1692 mo
269 1662 458 1705 praesagit
489 1661 576 1706 (15).
627 1661 682 1695 De
717 1659 909 1695 obsidione
943 1661 1191 1707 Ctesiphontis
1214 1662 1342 1705 (16-
1369 1662 1439 1708 18).
1485 1662 1632 1695 Iuliani

175 1717 292 1739 mors:
317 1707 396 1740 eius
416 1705 567 1746 laudes,
593 1707 726 1754 quibus
749 1708 928 1751 anonymi
957 1708 1124 1742 invectio
1158 1709 1202 1741 in
1227 1709 1439 1752 Eunapium
1471 1717 1506 1743 et
1537 1709 1631 1741 Iuli-

175 1763 288 1786 anum
312 1753 548 1797 subiungitur
569 1754 654 1799 (¹9)·
702 1753 848 1787 Iuliani
872 1753 968 1787 Solis
992 1752 1167 1788 adoratio
1193 1753 1253 1799 (πο
1266 1755 1385 1800 —23).
1431 1756 1630 1789 Graculum

176 1796 222 1831 de
245 1807 357 1832 morte
380 1799 528 1832 Iuliani
549 1798 638 1844 (24).
685 1800 740 1834 De
763 1800 947 1834 seditione
959 1801 1135 1845 Procopii
1157 1801 1352 1846 (25—28).
1399 1801 1545 1835 Arbitio
1570 1801 1629 1833 la-

177 1844 323 1877 bantem
357 1845 520 1878 Valentis
550 1847 715 1879 animum
743 1846 875 1886 firmat
906 1846 992 1890 (29).
1041 1847 1233 1891 Supplicia
1270 1845 1315 1880 de
1346 1848 1505 1881 consciis
1535 1848 1629 1880 Pro-

175 1891 276 1970 2ιῖἰῖᾆῖ
299 1891 1629 1985 ‚1:223033·2¹k.f?51.52213¹;2‘15.“}32)T⁶22d⁰ffifiissff3³33ff⁸2⁷3

174 1984 351 2018 Musonio
376 1983 526 2030 eiusque
550 1992 664 2018 morte
688 1982 750 2028 (36
767 2001 817 2008 ——-
837 1983 906 2029 39).
958 1984 1095 2018 Bellum
1129 1983 1294 2018 Valentis
1325 1992 1457 2019 contra
1492 1984 1628 2020 Gothos

176 2028 249 2074 (4ο.
276 2030 348 2074 4ι).
399 2029 599 2064 Theodosii
620 2029 774 2064 luxuria
798 2028 887 2076 (42).
934 2029 990 2064 De
1019 2030 1216 2064 Gothorum
1241 2031 1283 2064 in
1311 2030 1472 2065 Thracia
1497 2039 1627 2064 vasta-

175 2076 340 2110 tionibus
363 2075 434 2121 (43.
467 2076 539 2121 44).
578 2077 773 2110 „Narratio
809 2075 853 2110 de
878 2074 1055 2121 tragoedo
1093 2077 1200 2111 exule
1235 2076 1322 2122 (45).
1375 2078 1431 2112 De
1461 2076 1626 2124 perfidia

177 2122 376 2156 Gothorum
404 2123 655 2156 Christianam
676 2121 788 2169 fidem
810 2123 1063 2156 simulantium
1087 2121 1174 2168 (46).
1221 2124 1400 2170 Magnum
1435 2125 1625 2157 asinorum

174 2168 240 2202 sub
270 2168 471 2203 Theodosio
493 2171 651 2215 pretium
678 2170 762 2214 (47).
811 2170 865 2203 De
905 2168 1083 2202 Gratiani
1106 2170 1256 2215 ingenio
1290 2179 1325 2204 et
1348 2171 1510 2203 moribus
1536 2170 1623 2214 (48).

173 2217 334 2249 Maximi
354 2214 499 2253 seditio.
546 2218 601 2250 De
625 2215 804 2250 dissoluto
826 2216 972 2260 imperii
994 2223 1092 2249 statu
1102 2215 1305 2250 Theodosio
1330 2225 1509 2260 regnante
1535 2216 1621 2262 (49).

173 2261 228 2295 De
255 2262 417 2296 Ta‘tiano
441 2271 478 2296 et
500 2263 658 2297 Proculo
683 2262 767 2305 (50).
820 2262 1042 2296 Convivium
1063 2261 1271 2307 principum
1298 2262 1495 2297 Gothorum
1526 2261 1630 2309 apud

172 2309 433 2353 Imperatorem
458 2308 544 2354 (51).
591 2310 646 2343 De
669 2308 798 2355 Rufini
821 2317 858 2342 et
881 2308 1094 2342 Stilichonis
1118 2309 1325 2344 inimicitiis
1348 2309 1437 2356 (52).
1483 2310 1627 2354 Bargus

173 2354 222 2389 ab
241 2356 420 2401 Eutropio
445 2357 714 2390 circumventus
735 2357 808 2398 (53.
838 2354 907 2397 54).
959 2355 1138 2397 Quen-elac
1161 2353 1206 2389 de
1230 2356 1338 2389 malis
1362 2355 1624 2400 scriptoribus:

174 2401 367 2434 mirabilia
394 2414 470 2436 non
495 2401 579 2436 ideo
604 2413 678 2437 esse
694 2401 804 2448 salsa
829 2401 920 2445 (55).
965 2403 1128 2436 Nuntios
1151 2401 1194 2436 de
1224 2403 1332 2437 rebus
1363 2400 1621 2437 Occidentali-

176 2447 241 2480 bus
264 2447 376 2481 valde
403 2460 476 2483 esse
502 2450 662 2482 incertos
686 2449 773 2494 (56).
824 2449 967 2482 Garnae
990 2456 1026 2482 et
1045 2448 1213 2491 Argiboli
1234 2449 1346 2490 (Tri
1355 2448 1480 2494 gibil
1489 2449 1523 2491 i)
1559 2447 1618 2480 in·

175 2491 296 2527 sidiae
321 2493 365 2527 in
385 2495 606 2540 Eutropium
624 2496 683 2540 (57
701 2494 830 2540 —63).
878 2494 1012 2529 Persae
1041 2493 1230 2529 cuiusdam
1260 2494 1304 2530 de
1341 2495 1515 2531 victoriis
1544 2495 1618 2528 Ro-

176 2551 366 2575 manorum
403 2540 539 2575 derisio
571 2541 656 2586 (64).
722 2541 899 2575 Fraviua
940 2541 1095 2575 Garnam
1140 2542 1264 2576 vincit
1293 2541 1368 2585 (65.
1393 2542 1464 2585 66).
1523 2541 1617 2574 Fra·

177 2587 275 2619 vitta
301 2587 475 2621 Hieracis
499 2587 648 2622 insidiis
673 2599 821 2622 eversus
843 2588 915 2632 (67.
951 2587 1021 2632 68).
1070 2588 1211 2621 Hier-ax
1249 2599 1390 2634 poenas
1425 2587 1498 2622 luit
1527 2585 1615 2630 (69).

179 2633 310 2665 Omnia
342 2633 408 2666 sub
433 2634 649 2670 Pulcheriae
673 2635 826 2681 imperio
856 2634 1012 2668 venalia
1032 2634 1147 2679 fuisse
1176 2634 1247 2682 (70.
1282 2634 1351 2681 7¹)·
1402 2634 1457 2670 De
1484 2630 1617 2668 crudo-

178 2679 282 2714 litate
297 2679 509 2722 Stilichonis
529 2679 616 2727 (7²)-
