1924 3164
588 186 622 224 E
662 183 944 227 MENANDm
976 183 1248 228 rllsTomA.
1533 167 1642 240 293

198 285 374 338 βασιλέα
401 285 603 339 παροδον.
657 284 751 328 τότε
781 284 804 327 ὅ
827 286 1029 341 βασιλεύς
1054 286 1130 330 τὸν
1155 291 1235 341 μὲν
1260 284 1503 343 Σαρακηνὸν
1529 289 1684 328 τελε-Α
1708 295 1744 328 C.
1763 296 1830 329 566

198 348 339 393 ώτατα
368 352 721 407 περιεφρόνησεν,
764 352 789 394 ὅ
838 355 885 395 δὲ
923 355 967 402 ές
992 352 1064 396 τὸν
1090 353 1282 409 Μεβώδη
1321 351 1536 408 παρήγαγε
1563 342 1784 420 τὰςῙΙ“(Ῑ·.’4.

196 417 348 464 αἰτίας.
376 414 399 456 ὅ
430 417 476 458 δὲ
503 419 587 460 ταῖν
616 421 800 474 Περσῶν
819 415 1202 478 πρεσβευτὴςζηιιῗ
1230 421 1411 462 δέσποτα
1427 420 1463 472 ,”
1493 394 1821 481 ε’λεξενΝιῗζῗΰη

190 476 271 532 „mi
306 478 482 537 πάρειμι
515 482 846 537 συνεπαμύνων,
901 483 984 538 εἴγε
1039 482 1061 524 ὅ
1090 482 1332 541 Σαρακηνὸς
1358 482 1683 538 ἒπλημμέλησέΒ

175 547 241 589 ὅτι
256 579 269 598 ,
299 541 434 598 ἄλλως
461 549 508 590 δὲ
536 548 838 602 ἀκουσόμενος,
878 546 1000 603 ὅπως,
1030 552 1071 592 εἰ
1095 552 1176 603 μὲν
1204 547 1392 607 ἁρμόδια
1415 550 1471 606 τῷ
1500 547 1647 607 δικαίῳ

199 613 326 666 λέγοι,
353 611 410 668 μή
443 613 723 670 περιόψομαι,
745 616 844 657 εἶδέ
870 632 916 670 γε
943 618 986 665 ές
1011 616 1252 658 τούναντίον
1285 613 1524 672 ὀφθήσεται
1553 614 1648 656 ἀδί-

199 693 282 726 κως
309 679 570 733 ἐπεγκαλῶν,
613 679 744 729 αὔτὸς
787 679 868 736 ἐγώ
898 681 1208 737 καταδιαιτήσω
1246 684 1323 723 τοῦ
1360 681 1647 736 Σαρακηνοῦ.”

202 741 228 783 ὅ
256 741 458 797 βασιλεῦς
483 744 770 796 ἐπιτωθάζων·
797 743 940 801 ,,ἡ’κεις
956 780 968 799 ,
998 746 1054 796 (ὃς
1081 744 1236 799 ἔοικεν,
1270 747 1372 799 ου’χί
1396 741 1650 801 πρεσβευσό-

196 822 339 866 μενος,
370 803 477 851 ἀλλὰ
506 810 726 852 δικάσων.”
754 809 776 853 ὃ
804 808 1021 869 Μεβώὸῃς
1049 812 1203 853 αὐτίκα
1234 806 1257 852 ὅ
1286 826 1332 866 γε
1360 810 1418 869 τῷ
1442 809 1651 867 πληκτικῷ

151 874 274 915 ιοτοῦ
301 871 425 928 λόγου
454 877 636 930 συγχέας
662 874 710 919 τὸ
739 874 957 933 πρόσωπον
998 877 1266 933 ε’φοινίττετο.
1312 877 1537 931 τοιγαροῦν
1565 891 1648 916 πα-

201 940 402 994 ραχρῆμα
424 938 496 982 τόν
523 940 810 999 αὐτοκράτορα
831 941 1067 998 προσειπών
1094 938 1200 1000 ᾗπερ
1229 944 1370 996 θέμις,
1393 939 1526 991 οὕτως
1554 937 1649 982 ἇνε-
1666 942 1696 975 C

202 1003 413 1059 χώρησεν.
471 1004 631 1061 ὄλίγαις
659 1008 706 1048 δὲ
732 1005 911 1063 ὕστερον
939 1007 1118 1064 ἡμέραις
1148 1003 1278 1056 αὖθις
1307 1009 1350 1056 ἐς
1375 1005 1427 1049 τὰ
1459 1007 1654 1060 βασίλεια

204 1068 431 1124 παρελθών
454 1077 678 1125 παρῃτεῖτο
703 1076 890 1128 λιπαραῖς
918 1073 1016 1129 περὶ
1042 1076 1117 1128 τῆς
1142 1075 1227 1116 τῶν
1256 1074 1514 1129 Σαρακηνῶν
1542 1070 1654 1112 εἷσό-·

208 1134 298 1176 ὅου.
353 1136 427 1176 τοῦ
457 1136 502 1176 δὲ
530 1136 737 1188 βασιλέως
765 1134 1061 1189 α’νανεύοντος,
1083 1137 1163 1189 οὐχ
1194 1134 1310 1178 ὅσιον
1337 1135 1522 1192 ἔφασκεν
1548 1132 1656 1176 εἶναι

159 1197 265 1253 ιόμὴ
293 1196 345 1240 τὰ
376 1194 456 1241 ὅσα
485 1201 666 1242 ἐπετέλει
694 1197 774 1256 πρὸ
805 1202 882 1242 τοῦ
908 1199 1024 1256 παρὰ
1059 1201 1296 1253 Ῥωμαίους·
1323 1199 1656 1256 πρεσβευόμενος

203 1261 226 1304 ὅ
255 1266 343 1318 Ζίχ
360 1298 372 1317 ,
404 1262 478 1306 καὶ
503 1266 578 1317 ἐμὲ
606 1259 735 1314 αὖθις
761 1266 978 1323 ἐπιτελεῖν.
1033 1264 1103 1320 ,,οἷ
1127 1263 1207 1320 γὰρ
1250 1266 1347 1306 καθ’
1373 1264 1484 1318 ἡμᾶς
1512 1267 1654 1318 Σαρα-

203 1329 321 1382 κηνοί
347 1326 436 1382 ἅμα
464 1330 579 1387 αΰτῷ
605 1328 720 1386 παρὰ
739 1332 916 1384 βασιλέα
946 1332 1143 1385 ἐγίνοντο.
1175 1331 1246 1373 δεῖ
1267 1323 1341 1372 οὖν
1370 1330 1443 1370 καί
1469 1330 1544 1381 ἐμὲ
1570 1330 1654 1369 τῶν

203 1396 306 1439 ἴσων
337 1395 478 1452 ἐκείνῳ
506 1395 736 1438 ἀπολαύειν
746 1430 759 1449 ,
801 1393 858 1445 ὥς
887 1392 938 1438 ἂν
962 1395 1023 1451 μὴ
1054 1392 1194 1452 ὥσπερ
1224 1396 1520 1450 λελωβημέναι
1550 1389 1656 1435 αἷσιν

207 1461 252 1504 αἱ
277 1458 438 1514 μεταξὺ
463 1461 682 1516 Ῥωμαίων
708 1478 753 1504 τε
781 1461 855 1504 καί
875 1465 1060 1518 Περσῶν
1088 1463 1347 1516 συνθῆκαι.”
1404 1460 1425 1502 ὃ
1455 1456 1656 1514 βασιλεύς

154 1524 314 1583 αοπρὸς
339 1527 474 1568 ταῦτα
504 1523 680 1583 ὀργίλως
708 1526 828 1582 ἔχων·
857 1527 937 1581 ,,τι’
959 1523 1062 1581 οὖν,
1091 1529 1132 1569 εἰ
1154 1526 1228 1569 καί
1252 1523 1502 1583 πεφώραται
1534 1522 1555 1565 ὅ
1572 1522 1657 1577 Ζίχ

208 1594 282 1646 ἐπὶ
317 1592 488 1649 μοιχείᾳ
527 1592 600 1634 καί
635 1590 762 1651 ἑτέρῳ
800 1589 881 1652 ὅτῳ
921 1591 1242 1650 πλημμελήματι
1286 1594 1370 1635 ταῖν
1412 1591 1692 1646 ἆνηκέστωνΒ

207 1656 349 1711 ἁλούς,
377 1656 450 1699 καί
476 1657 546 1700 σοι’
575 1661 666 1700 κατ’
694 1657 810 1714 ἴχνος
838 1662 982 1717 ἐκείνῳ
1009 1661 1126 1712 ἰτέας
1154 1655 1182 1714 ἢ
1211 1658 1260 1700 οὗ
1292 1654 1551 1713 ξυναισθάνῃ
1578 1658 1658 1709 βα-

301 1765 332 1797 8.
360 1760 462 1805 ἥκεις
486 1762 549 1805 Ν.,
567 1762 675 1806 ἥκειν
697 1765 792 1811 vulg.
891 1766 942 1801 15.
970 1760 1022 1812 μὴ
1047 1763 1091 1800 τὰ
1113 1766 1213 1806 Val.‚
1235 1756 1330 1811 μετὰ
1354 1763 1448 1808 vulg.

209 1867 464 1909 Imperatorem
501 1864 695 1906 accedere,
734 1876 854 1911 neque
892 1877 911 1899 a
948 1877 1063 1907 more,
1104 1867 1168 1910 qui
1200 1863 1410 1897 iamdudum
1436 1861 1657 1902 obtinuerat,

208 1911 279 1945 sibi
306 1911 546 1945 recedendum
571 1923 649 1945 esse
672 1917 783 1952 ratus,
806 1914 1037 1957 Imperatoris
1063 1911 1200 1944 aditum
1226 1910 1359 1943 renuit.
1409 1908 1512 1941 'runc
1537 1909 1656 1952 Impe-

210 1965 307 1992 rator
331 1958 437 1992 valde
464 1958 630 2003 despexit
654 1957 882 1998 saracenum,
907 1958 951 1991 de
977 1968 1046 2003 qua
1074 1967 1110 1989 re
1140 1967 1218 1988 cum
1243 1953 1338 1998 apud
1352 1954 1543 1995 Mebodem
1570 1965 1659 1998 que-

209 2011 285 2039 stus
310 2010 428 2045 esset,
452 2006 654 2039 Persarum=
674 2001 812 2048 legatus
837 2003 1047 2048 Imperatori
1077 2003 1189 2036 dixit:
1220 2003 1316 2045 „Ego
1342 1999 1510 2046 quidem,
1539 1999 1658 2032 domi-

209 2062 281 2090 ne,
313 2052 461 2093 adsum,
499 2051 598 2084 haud
635 2050 884 2084 defensionem
917 2054 1144 2093 suscepturus
1177 2047 1365 2086 Saraceni,
1401 2046 1430 2079 si
1459 2047 1499 2079 in·
1530 2046 1656 2091 aliquo

212 2098 435 2143 deliquerit,
461 2098 526 2131 sed
551 2108 626 2132 rem
651 2098 879 2142 cogniturus,
907 2102 967 2137 ut,
994 2097 1023 2128 si
1048 2106 1172 2129 verum
1196 2094 1242 2128 ad
1268 2105 1326 2127 me
1350 2092 1545 2133 detulerit,
1569 2103 1656 2124 cau-

212 2156 284 2178 sam
318 2145 396 2177 eius
430 2156 504 2177 non
538 2144 724 2184 deseram,
754 2144 810 2176 sin
834 2143 968 2176 iniuria
1000 2152 1182 2175 accusasse
1210 2139 1420 2185 apparebit,
1447 2149 1511 2183 ego
1538 2139 1657 2183 ipsum

211 2191 482 2225 condemnem.'’
532 2190 599 2223 Cui
622 2191 821 2235 Imperator
846 2188 1031 2222 mordens:
1056 2187 1224 2228 „Venisti
1258 2186 1369 2230 igitur
1403 2196 1475 2217 non
1502 2185 1657 2230 legatio-

211 2238 269 2271 nis
294 2249 424 2271 munus
449 2237 638 2278 obiturus,
663 2237 726 2269 sed
750 2235 881 2269 iudicis
907 2235 1022 2269 officio
1048 2234 1270 2268 functurus.'’
1330 2232 1378 2265 At
1407 2230 1581 2264 Mebodes
1614 2243 1658 2264 a·-

214 2284 320 2317 cerba
346 2289 383 2318 et
400 2284 559 2318 mordaci
587 2283 815 2328 Imperatoris
839 2282 1073 2327 responsione
1098 2281 1267 2314 confusus
1293 2278 1439 2313 erubuit
1461 2279 1576 2319 vultu,
1601 2283 1657 2310 at-

214 2341 285 2377 que
313 2331 503 2364 confestim
529 2332 760 2374 Imperatore,
795 2330 887 2362 sicut
920 2329 972 2361 sas
999 2334 1087 2368 erat,
1125 2328 1303 2367 salutato,
1327 2324 1485 2359 recessit.
1533 2324 1656 2357 Paucis

214 2382 297 2422 post
330 2377 459 2410 diebus
498 2378 630 2410 iterum
667 2374 839 2409 Mebodes
866 2377 1119 2418 Imperatorem
1147 2373 1260 2414 adiit,
1292 2377 1330 2405 et
1353 2371 1566 2416 suppliciter
1589 2381 1657 2415 po-

216 2423 373 2463 stulavit,
397 2424 615 2458 saracenum
641 2424 686 2456 ad
712 2434 792 2456 eum
820 2421 1024 2461 introduci,
1055 2427 1090 2454 et
1115 2422 1333 2465 Imperatore
1356 2418 1559 2457 abnuente,
1583 2418 1654 2450 mi-

215 2470 315 2502 nime
351 2470 485 2502 iustum
517 2482 614 2511 esse,
646 2470 740 2502 dixit
766 2467 962 2508 Mebodes,
995 2467 1066 2501 sibi
1089 2478 1162 2500 non
1189 2466 1314 2500 eadem
1337 2465 1506 2509 perficere
1532 2463 1654 2504 licere,

218 2527 310 2562 quae
334 2517 458 2550 Zichus
486 2518 632 2550 ante'se
655 2518 792 2561 legatus
825 2515 1046 2559 perfecisset.
1096 2513 1209 2555 „Nam
1234 2518 1355 2546 nostra
1379 2511 1570 2549 memoria,
1595 2510 1655 2541 in-

218 2564 324 2607 quit,
352 2565 519 2597 Saraceni
548 2563 593 2596 ad
629 2565 885 2607 Imperatorem
913 2572 986 2594 una
1019 2572 1102 2594 cum
1125 2561 1202 2604 ipso
1242 2562 1479 2592 accesserunt.
1527 2557 1655 2601 Itaque

220 2613 364 2652 oportet
386 2621 442 2643 me
466 2610 595 2644 iisdem
621 2611 717 2650 frui,
742 2609 877 2653 quibus
903 2608 990 2647 ille,
1014 2618 1060 2639 ne
1084 2607 1122 2639 iu
1146 2607 1268 2651 aliquo
1293 2607 1390 2638 iuter
1416 2604 1591 2635 Romanos
1618 2606 1656 2634 et

221 2656 340 2689 Persas
366 2655 531 2690 induciae
555 2657 628 2688 sint
650 2654 915 2702 quodammodo
940 2655 1127 2687 violatae.'’
1175 2653 1230 2687 Ad
1254 2663 1346 2699 quae
1365 2652 1561 2694 Imperator
1586 2649 1658 2681 ira-

222 2701 352 2734 cundia
376 2704 556 2746 percitus:
575 2702 640 2743 „Si
668 2703 778 2747 igi-tur
803 2701 927 2735 Zichus
956 2702 994 2733 in
1019 2700 1219 2741 adulterio,
1245 2705 1309 2732 aiut
1331 2698 1453 2742 aliquo
1479 2696 1552 2727 aiio
1579 2706 1658 2739 gra-

222 2748 257 2784 vi
286 2749 434 2783 crimine
459 2748 704 2797 deprehensus
729 2753 843 2790 esset,
865 2754 905 2783 tu
928 2748 1014 2782 illus
1039 2746 1198 2792 vestigiis
1223 2746 1295 2781 tibi
1320 2741 1564 2780 insistendum
1587 2752 1658 2787 pu-
