1838 3210
200 233 206 238 ’
246 232 370 275 XXIV
808 230 879 268 DE
918 225 1108 268 PETRO.

249 331 452 386 impellere
469 333 643 386 potuerit
664 330 715 371 ad
745 329 953 370 scribenda
977 342 1080 382 quae
1100 357 1112 379 ,
1132 333 1179 366 ut
1205 326 1372 379 quisque
1396 323 1583 377 prolixius
1608 319 1680 363 aut

248 398 412 438 brevius
436 406 597 438 narrata
612 403 834 451 quaereret,
851 395 971 448 vulgo
1001 394 1319 434 inveniebantur.
1379 392 1471 431 Non
1490 397 1624 429 tamen
1654 402 1679 427 a

249 464 412 503 Tiberio
425 466 632 518 incepisse,
647 487 698 492 -
714 462 755 500 id
775 461 882 514 quod
896 475 967 514 per
981 474 1022 499 se
1036 461 1146 499 omni
1161 465 1313 498 careret
1327 455 1679 518 probabilitate,—

251 529 318 568 sed
338 532 417 568 iam
436 530 484 569 de
501 530 685 583 Augusto
699 558 709 575 ‚
744 527 1119 579 Triumviratusque
1138 528 1315 578 temp'o're
1335 525 1457 578 egisse
1470 553 1482 575 ‚
1510 520 1683 575 probant

252 596 471 649 fragmenta
499 609 600 648 quae
620 596 661 633 in
683 592 818 632 libello
832 592 1086 646 Seguieriano
1110 591 1160 630 de
1187 594 1340 645 syntaxi
1358 594 1494 635 inveni
1517 593 1586 644 ³⁴).
1617 590 1680 629 Ex

251 662 315 702 his
329 661 497 701 alterum
523 660 628 714 apud
637 660 810 699 Dionem
822 660 999 699 Cassium
1011 658 1148 700 iisdem
1167 675 1292 714 prope
1307 662 1439 702 verbis
1460 661 1682 716 legitur³⁵)‚

253 729 362 782 quod
398 729 447 766 de
479 728 527 766 fr.
561 727 601 778 4.
637 727 751 780 5.,p.
791 727 880 766 123.
907 727 971 766 ed.
1002 727 1063 779 B„
1089 726 1234 766 collata
1261 727 1379 782 legat.
1407 728 1496 769 LII.
1517 743 1559 781 p.
1585 727 1681 780 401.

252 794 410 844 Ursini,
440 793 667 833 observavit
696 791 900 832 Valesius:
930 792 1038 831 unde
1067 795 1295 833 coniectura
1324 800 1432 832 certa
1455 794 1584 832 oritur
1604 794 1684 833 Pe·-

252 868 362 898 trum
383 859 484 898 nihil
513 859 624 899 aliud
650 873 771 913 quam
797 860 938 898 Dionis
965 859 1211 899 breviarium
1243 859 1455 898 confecisse
1487 866 1684 913 quatenus

251 926 371 964 huius
388 925 552 965 historia
565 932 732 978 pateret.
765 926 850 964 Iam
871 939 968 965 vero
986 939 1110 978 quum
1133 926 1386 965 continuator
1395 926 1687 977 Dionis‚sscuius

253 991 407 1044 eclogas
440 990 496 1029 ill.
518 993 649 1031 Maius
671 993 715 1030 in
741 990 865 1030 titulo
885 990 936 1030 de
955 992 1156 1031 sententiis
1176 992 1331 1031 invenit
1344 1020 1356 1042 ,
1384 999 1578 1045 quantum
1593 1006 1686 1045 spa-

251 1059 308 1095 tia
338 1058 469 1096 metiri
498 1056 611 1105 licet,
642 1071 724 1096 non
758 1056 933 1096 multum
962 1057 1067 1096 infra
1097 1057 1404 1096 Constantinum
1431 1059 1490 1097 M.
1524 1058 1687 1098 descen-

253 1123 357 1165 derit
373 1153 384 1175 ‚
415 1116 495 1162 non
527 1125 738 1162 temeraria
762 1123 1026 1163 hariolatione
1048 1123 1147 1162 mihi
1174 1124 1352 1177 persuasi
1384 1137 1477 1162 eum
1515 1137 1599 1163 non
1627 1123 1691 1163 di-

254 1203 418 1229 versum
438 1204 462 1227 a
483 1190 605 1228 Petro
626 1204 736 1229 esse:
767 1190 818 1228 ad
839 1204 961 1243 quam
985 1189 1222 1228 firmandam
1251 1189 1436 1228 nonnihil
1457 1189 1688 1237 accederet,

254 1256 287 1294 si
333 1254 582 1307 exploratum
620 1262 721 1294 esset
767 1256 1056 1308 imperatorum
1089 1256 1252 1294 nomina
1288 1255 1435 1308 quibus
1469 1256 1546 1294 ista
1583 1254 1692 1307 apud

255 1321 503 1373 Maiumpro
532 1321 727 1360 lemmatis
768 1321 1067 1375 distinguuntur
1093 1322 1136 1360 in
1165 1320 1309 1375 codice>
1333 1322 1389 1359 sic
1418 1321 1549 1373 posita
1581 1334 1690 1360 esse:

257 1400 352 1424 nam
376 1386 515 1425 eadem
536 1388 690 1426 ratione
721 1389 1002 1440 grammaticus
1033 1386 1101 1427 ille
1128 1388 1198 1441 qui
1229 1386 1278 1426 de
1319 1386 1474 1440 syntaxi
1507 1386 1663 1439 scripsit
1676 1415 1688 1434 ‚

256 1452 370 1491 Petri
405 1467 505 1505 opus
549 1454 595 1491 in'
626 1460 757 1506 partes
793 1453 1025 1493 distinctum
1070 1453 1259 1494 invenit:
1299 1460 1405 1491 certe
1438 1466 1525 1491 non
1567 1451 1695 1491 libro-

256 1532 350 1557 rum
373 1520 579 1570 numeris3
608 1532 735 1572 quos,
756 1527 803 1562 ut
831 1534 985 1573 semper
1015 1518 1110 1559 alias
1126 1550 1137 1570 ,
1168 1520 1377 1572 posuisset.

371 1585 586 1624 Praeterea
610 1586 717 1626 idem
749 1585 890 1627 Suidas
918 1586 1040 1625 Petro
1069 1600 1166 1638 opus
1199 1581 1297 1638 περὶ
1329 1582 1537 1637 πολιτικῆς
1567 1597 1696 1624 κατα*

263 1646 448 1697 στάσεως
492 1651 706 1691 adscribit:
739 1652 848 1705 quod
883 1651 940 1692 ill.
981 1653 1112 1690 Maius
1149 1650 1239 1690 illos
1270 1651 1459 1704 anonymi
1492 1650 1696 1703 scriptoris

262 1716 312 1754 de
338 1730 382 1755 re
409 1716 570 1769 publica
597 1717 774 1771 dialogos
804 1731 887 1756 esse
906 1718 1068 1757 coniicit
1101 1731 1276 1771 quorum
1302 1717 1471 1756 Photius
1507 1716 1598 1755 cod.
1623 1717 1691 1770 37.

261 1783 464 1831 meminit,
489 1784 573 1836 ipse
603 1790 736 1824 autem
765 1798 787 1822 e
812 1783 1066 1836 palimpsesto
1077 1783 1274 1822 Vaticano
1297 1782 1428 1835 ampla
1447 1782 1572 1821 edidit
1590 1782 1698 1836 frag-

261 1856 396 1887 menta
417 1845 515 1900 περί
539 1848 746 1902 πολιτικῆς
766 1844 991 1901 ἐπιστήμης
1018 1850 1219 1901 inscripta.
1275 1848 1476 1902 Equidem
1497 1849 1699 1902 inscripti-

265 1916 353 1953 onis
391 1914 663 1958 diversitatem
698 1915 904 1963 omittam‚
943 1928 1073 1968 neque
1106 1914 1260 1967 negabo
1285 1914 1408 1956 Petro
1441 1914 1598 1968 placere
1621 1929 1697 1968 po-

264 1981 388 2019 tuisse
413 1987 459 2018 ut
485 1980 610 2019 libros
630 1981 714 2020 sine
739 1983 900 2021 nomine
924 1981 1081 2022 ederet:
1117 1987 1292 2020 attamen
1318 1982 1385 2020 vix
1416 1979 1606 2019 credibile
1634 1980 1696 2019 vi-

265 2045 384 2084 detur
420 2060 507 2088 rem
541 2046 688 2087 Suidae
730 2054 975 2100 compertam
1017 2046 1134 2086 docto
1169 2048 1403 2098 curiosoque
1434 2045 1580 2085 Photio
1615 2059 1698 2084 non

268 2113 518 2164 innotuisse3
551 2119 620 2151 aut
650 2120 789 2152 contra
804 2142 816 2163 ‚
841 2112 1007 2152 Suidam
1042 2111 1198 2153 silentio
1240 2111 1439 2150 transiisse
1467 2109 1569 2149 illud
1598 2124 1700 2163 opus

268 2190 349 2229 quo
389 2177 532 2215 Petrus
563 2177 679 2230 Lydo
708 2185 808 2217 teste
837 2178 887 2217 de
914 2178 1139 2231 magisterio
1163 2176 1385 2216 officiorum
1417 2177 1596 2229 exposuit
1616 2174 1668 2227 3ὁ)
1685 2189 1698 2214 :

268 2256 394 2295 quum
412 2242 453 2281 id
461 2249 594 2287 tamen
612 2244 655 2281 in
671 2243 883 2283 hominum
902 2243 1085 2284 manibus
1105 2249 1328 2285 versaretur
1345 2241 1498 2284 decimo
1523 2241 1696 2282 saeculo.

293 2376 353 2421 34)
379 2375 428 2408 Ea
451 2374 570 2418 posita
595 2377 679 2406 sunt
705 2374 800 2406 infra
819 2384 852 2417 p.
876 2374 949 2408 136.
1030 2373 1090 2418 35)
1113 2373 1254 2407 Petrus:
1283 2370 1425 2405 οἷπεῖπε
1446 2376 1525 2410 τοῖς
1546 2372 1700 2417 βουλευ-

362 2425 445 2457 ταῖς
467 2418 646 2465 ἐκδημεῖν
668 2419 736 2458 ἔξω
761 2418 925 2456 Ἰταλίας.
973 2419 1044 2452 1)ὶο
1067 2420 1140 2452 L11.
1164 2419 1216 2466 [μ.
1235 2430 1269 2463 p.
1294 2420 1371 2463 693.
1398 2418 1452 2460 34.
1478 2419 1532 2452 ed.
1557 2420 1596 2451 R.
1635 2419 1703 2452 καὶ

363 2471 605 2512 προσαπεῖπε
629 2466 667 2510 (1.
690 2467 754 2499 καὶ
776 2458 874 2510 πρὸς
899 2464 1052 2512 ιῖπεῖπε)
1078 2466 1176 2498 πᾶσι
1214 2469 1293 2501 τοῖς
1313 2463 1537 2508 βουλεύουσι
1558 2456 1609 2510 μὴ
1635 2465 1702 2499 ἐκ·-

363 2511 498 2559 δημεῖν
531 2511 599 2552 ἔξω
631 2513 694 2553 τῆς
722 2512 893 2548 Ἰταλίας.
942 2513 1047 2546 Hunc
1069 2513 1188 2546 locum
1210 2510 1421 2545 adiumento
1456 2511 1588 2546 indicis
1616 2512 1705 2546 Rei-

363 2559 516 2592 mariani
545 2558 714 2603 indagare
736 2559 860 2602 potui3
887 2558 916 2591 is
941 2559 1005 2604 qui
1031 2559 1137 2592 alteri
1159 2558 1358 2602 fragmento
1385 2557 1603 2602 respondet,
1628 2558 1702 2593 nisi

364 2616 448 2638 casu
472 2605 627 2646 oblatus,
651 2604 748 2638 haud
771 2604 878 2637 facile
902 2605 1117 2638 invenietur.
1165 2604 1307 2648 Quotus
1332 2605 1428 2637 enim
1441 2606 1597 2650 quisque
1611 2605 1704 2638 adeo

363 2651 586 2692 indefessus,
611 2652 758 2697 otioque
783 2652 975 2684 instructus
1005 2657 1083 2692 est,
1105 2654 1147 2684 ut
1171 2655 1326 2695 quatuor
1348 2651 1522 2683 vocabula
1552 2662 1617 2697 per
1648 2655 1706 2685 tot

364 2698 477 2731 libros
503 2708 676 2743 quaerere
700 2697 902 2732 sustineat?
926 2709 1037 2742 quum
1055 2709 1107 2742 *ne
1131 2697 1223 2730 illud
1250 2697 1397 2742 quidem
1416 2702 1554 2731 constet
1566 2703 1704 2732 certum

367 2755 443 2781 esse
477 2745 626 2783 Antonii
649 2756 804 2788 nomen,
835 2755 908 2776 non
933 2754 1051 2778 errore
1076 2743 1233 2790 positum
1260 2754 1324 2786 pro
1351 2743 1535 2777 Antonini.
1583 2742 1704 2783 Verbo

365 2794 513 2841 quidem
537 2790 729 2829 θωπεύειν
759 2800 866 2840 saepe
891 2791 1007 2829 utitur
1032 2791 1113 2825 Dio.
1213 2790 1272 2835 36)
1297 2789 1395 2825 Infra
1420 2790 1459 2826 in
1483 2795 1563 2825 test.
