1924 3164
293 152 366 208 62
883 168 1161 211 Excisum-A

109 282 273 319 A.c.361
292 286 371 326 ραν
407 271 452 319 ἐς
485 269 533 312 τὸ
571 271 759 313 ἐναντίον
794 268 1021 326 ἔστρεφεν,
1064 273 1156 318 ταῖς
1195 269 1269 311 τοῦ
1314 269 1534 326 Καίσαρος
1561 267 1738 328 ἆρέταῖς

94 375 122 409 C
160 329 647 391 ΙΙΙ(1·4συνενθουσιοόσης
684 330 766 390 ἤδη
793 336 865 390 τῆς
891 334 1046 390 τύχης,
1087 337 1160 377 καί
1184 333 1336 390 σχεδὸν
1370 331 1543 391 ἑκάστης
1565 336 1729 392 ἡμέρας

125 377 271 468 fflllcag
286 404 382 453 ξένα
423 401 497 444 καί
530 404 695 444 ποικίλα
725 400 936 457 φερούσης
971 403 1028 457 τῷ
1055 404 1228 455 βασιλεῖ’
1246 400 1502 456 διηγήματα·
1554 403 1620 458 ἐφ’
1667 398 1731 452 οἷς

287 468 311 510 ὅ
341 465 636 515 Κωνστάντιος
670 464 921 520 δακνόμενος
946 461 1025 522 ἤδη
1067 466 1140 509 καί
1167 468 1394 523 δυσφορῶν
1432 465 1515 508 ὑπὸ
1551 465 1729 524 φθόνου,

286 534 383 584 τοὺς
419 534 670 589 ἡγουμένους
709 533 792 574 τῶν
821 529 948 588 φύσει
975 535 1184 586 πολεμίων
1221 533 1451 586 ἐπετείχιζε
1476 534 1533 590 τῷ
1559 531 1756 575 Kalaa-5

286 616 354 655 ρι,
407 601 480 640 καί
505 597 580 653 τὴν
609 595 746 639 αὑτοῦ
771 599 1013 653 προσετίθει
1055 604 1142 647 τοῖς
1169 599 1342 654 ἐχθροῖς
1371 596 1572 651 δύναμιν,
1618 596 1729 651 μόνα

252 665 398 720 Τόρῶν
424 662 474 706 τὰ
497 663 619 718 ἡδέα,
649 664 721 705 καί
745 661 789 705 τὸ
822 663 969 705 οἰκεῖον
997 664 1110 714 ξένον
1135 662 1466 717 ὑπολαμβάνων,
1494 664 1535 705 εἰ
1564 661 1644 706 σύν
1669 665 1729 721 τῷ

285 731 477 785 Καίσαρι
515 727 718 782 σώζοι-το,
761 729 834 770 καί
858 727 906 770 τὸ
947 728 1061 779 ξένον
1091 728 1266 782 οἰκεῖον,
1310 729 1352 770 εἰ
1389 728 1592 771 καταλύοι
1631 730 1728 782 μεθ’

283 795 442 838 ἑαυτοῦ
468 793 536 837 τὸν
574 796 802 850 Καίσαρα·
867 792 976 837 ιδ’στε
1009 793 1032 836 ὅ
1061 793 1236 849 πόλεμος
1262 796 1321 844 εἰς
1349 794 1397 836 τὸ
1445 792 1630 837 ὕπουλον
1658 809 1730 849 με·

283 858 482 916 ταβαλιόν
509 859 583 903 καὶ
605 858 652 903 τὸ
681 857 812 917 φύσει
838 862 1034 915 πολέμιον
1061 862 1192 903 ἐποίει
1218 854 1478 915 σύμμαχονρ
1737 877 1785 909 ιο

158 968 276 1014 Β-254
600 974 961 1017 ΠΡΟΟΙΜΙΟΝ
991 974 1100 1016 Tor
1123 971 1173 1016 Η
1202 973 1411 1016 ΛΟΓΟΥ.

395 1061 443 1102 δ’.
505 1059 567 1102 Τὰ
595 1062 675 1114 μὲν
704 1055 781 1103 οὖν
818 1058 901 1102 «imi
941 1061 1017 1115 τῆς
1041 1059 1255 1109 Δεξίππου
1284 1060 1529 1114 συγγραφῆς
1557 1060 1601 1109 ἐς
1627 1059 1729 1109 τούς

275 1127 510 1169 Ἷουλιανοῦ
536 1126 771 1182 καθήκοντα
799 1124 968 1182 καιρούς
985 1158 998 1179 ,
1027 1125 1085 1175 ὥς
1112 1126 1206 1179 ἐνῆν
1232 1122 1415 1177 μάλιστα
1444 1121 1513 1165 διὰ
1558 1126 1640 1167 τῶν
1678 1122 1730 1167 οἷ-

281 1192 489 1247 ναγκαίων
516 1192 831 1248 ἐπιτρέχουσιν,
860 1190 1013 1240 ἱκανῶς
1039 1192 1086 1233 ἐν
1112 1195 1200 1239 τοῖς
1224 1187 1460 1244 ἔμπροσθεν
1483 1188 1728 1245 δεδήλωται·

281 1259 454 1314 φέρεται
495 1259 543 1299 δὲ
569 1256 763 1300 ἐντεῦθεν
801 1256 824 1298 ὅ
860 1255 982 1311 λόγος
1008 1256 1078 1312 ἐφ’
1113 1252 1241 1310 δ’νπερ
1279 1255 1450 1310 ἐφέρετο
1480 1256 1525 1305 ἐξ
1563 1255 1784 1311 ἀρχῆς,ιό

279 1321 356 1364 καί
385 1322 627 1377 Δοἰναγκοίζει
665 1339 713 1378 γε
754 1327 842 1373 τοῖς
889 1322 1026 1378 ἔργοις
1073 1320 1348 1375 ἐνδιατρίβειν
1386 1316 1524 1375 ὥσπερ
1554 1337 1595 1363 τι
1623 1319 1728 1377 πρὸς

280 1386 416 1431 αὐτὸν
451 1387 648 1445 ἐρωτικὸν
689 1386 961 1437 πεπονθότας.
1019 1381 1070 1428 οὗ
1105 1403 1147 1429 τι
1172 1384 1235 1440 μὰ
1264 1385 1349 1428 Δία
1394 1388 1672 1439 τεθεαμένους
1698 1382 1728 1444 ἢ

281 1455 630 1510 πεπειραμένους·
690 1455 839 1511 κομιδῇ
873 1451 955 1508 γὰρ
992 1448 1045 1508 ἦν
1073 1450 1096 1494 ὅ
1123 1451 1297 1508 γράφων
1321 1449 1421 1492 τάδε
1459 1458 1578 1505 παῖς,
1605 1452 1728 1507 ἡνίκα

279 1519 563 1574 ἐβασίλευσεν·
592 1515 699 1562 ἄλλα
722 1517 861 1562 δεινόν
884 1537 925 1562 τι
939 1520 1087 1575 χρῆμα
1109 1517 1183 1560 καί
1209 1518 1492 1574 α’παραίτητον
1514 1518 1573 1566 εἰς
1590 1516 1725 1572 ἔρωτα

279 1583 328 1627 τὸ
350 1584 488 1628 κοινὸν
512 1582 747 1642 ἀνθρώπων
761 1583 956 1628 ἁπάντων
986 1585 1121 1634 πάθος
1151 1582 1224 1626 καὶ
1247 1581 1293 1625 τὸ
1319 1582 1396 1636 τῆς
1421 1584 1490 1638 ἐφ’
1514 1580 1626 1640 αὑτῷ
1655 1581 1783 1625 δό-αο

279 1655 351 1706 ξης
395 1648 693 1694 ἀστασίαστον.
743 1653 836 1700 πῶς
858 1649 938 1707 γὰρ
970 1645 1023 1705 ἦν
1053 1652 1216 1708 σιωπᾷν
1242 1648 1347 1704 ὑπὲρ
1376 1642 1436 1690 ὧν
1463 1643 1601 1697 οὐδεὶς
1627 1647 1729 1705 ἔφε-

376 1736 427 1770 13.
453 1728 611 1782 καιροὺς
635 1727 717 1768 add.
741 1733 790 1767 Μ.
868 1745 918 1779 ¹7·
943 1743 1005 1767 τοι
1026 1732 1069 1767 Ν.
1146 1744 1202 1769 20.
1225 1720 1287 1768 ’ἐπ’
1307 1732 1409 1778 αὐτῷ
1433 1736 1526 1770 coni.
1559 1736 1598 1770 B.

278 1804 412 1838 vertit:
450 1803 611 1837 Caesaris
647 1802 845 1838 virtutibus
882 1802 1025 1837 favente
1067 1803 1140 1835 iam
1181 1801 1446 1838 studiosissime
1484 1803 1651 1847 fortuna,
1694 1810 1732 1841 et

277 1861 393 1895 prope
427 1850 592 1895 quotidie
615 1850 718 1882 novis
741 1851 925 1896 variisque
947 1849 1086 1882 nuntiis
1109 1848 1155 1882 ad
1178 1848 1380 1894 Augustum
1406 1850 1559 1885 delatis:
1597 1852 1732 1898 quibus

278 1907 419 1930 morsus
447 1896 681 1930 Constantius
708 1900 746 1929 et
769 1897 842 1930 iam
865 1907 970 1941 aeger
993 1895 1151 1936 invidia,
1187 1895 1227 1928 in
1253 1895 1442 1930 Caesarem
1475 1899 1731 1934 acerrimorum

277 1942 437 1976 hostium
463 1943 571 1976 duces
594 1943 782 1983 incitavit,
809 1948 918 1988 atque
942 1941 1071 1975 horum
1106 1941 1200 1976 odiis
1224 1942 1299 1976 vim
1335 1943 1491 1988 ipsemet
1526 1942 1635 1978 suam*
1661 1945 1728 1978 ad·-

279 1990 409 2023 iunxit.
459 1991 504 2022 Et
528 1990 599 2022 iam
624 1989 731 2023 unice
757 1988 982 2022 commodum
1006 2000 1110 2021 suum
1135 1988 1351 2033 respiciens,
1385 2000 1468 2023 suos
1505 2001 1571 2035 pro
1597 1990 1728 2030 alienis

277 2033 440 2070 habebat
454 2060 466 2077 ‚
489 2037 521 2070 si
547 2046 628 2069 cum
653 2034 805 2069 Caesare
829 2036 920 2071 salvi
945 2039 1086 2078 essent3
1124 2035 1263 2068 alienos
1295 2046 1362 2080 pro
1397 2037 1492 2076 suis,
1532 2036 1728 2071 dummodo

280 2082 429 2116 Caesari
455 2093 575 2116 secum
601 2081 877 2116 insidiarentur.
926 2081 1048 2126 Quare
1072 2081 1141 2115 hoc
1164 2081 1255 2114 belli
1291 2081 1485 2116 subdolum
1524 2093 1634 2127 genus
1667 2094 1730 2118 eos

280 2129 406 2170 etiam,
432 2130 496 2175 qui
519 2129 737 2164 naturaliter
760 2128 882 2163 hostes
908 2135 1024 2171 erant,
1048 2128 1088 2162 in
1114 2129 1310 2162 amicorum
1334 2138 1485 2162 numero
1509 2127 1682 2165 habebat.

595 2217 743 2257 LIBRI
773 2217 1016 2257 SECUNDI
1045 2217 1411 2258 PROOEMIUM.

374 2292 409 2336 4.
457 2294 525 2328 Res
548 2294 675 2341 itaque
697 2299 782 2338 post
804 2293 964 2339 Dexippi
989 2293 1179 2327 historiam
1206 2305 1322 2339 usque
1354 2294 1400 2328 ad
1426 2295 1561 2330 Iuliani
1588 2301 1728 2343 tempo·

282 2350 321 2373 ra
346 2344 466 2383 gestae
501 2340 587 2373 satis
625 2341 664 2373 in
689 2341 958 2385 superioribus,
983 2345 1159 2386 quantum
1182 2351 1316 2374 summa
1342 2353 1508 2389 quaeque
1532 2345 1727 2389 attingenti

278 2386 410 2425 licuit,
445 2385 646 2420 declaratae
683 2386 844 2424 suerunt.
900 2387 1079 2432 Deinceps
1117 2386 1232 2420 oratio
1264 2387 1382 2422 fertur
1416 2390 1463 2422 ad
1487 2400 1588 2431 eum,
1618 2402 1727 2437 quem

279 2432 353 2464 iam
380 2433 425 2465 ab
452 2432 558 2465 initio
583 2433 786 2478 spectabat,
813 2433 1022 2476 Caesarem3
1056 2433 1222 2479 cogitque
1246 2445 1313 2467 nos
1334 2436 1374 2468 in
1398 2436 1477 2469 eius
1505 2436 1615 2482 gestis
1645 2447 1728 2471 ver·-

282 2478 374 2519 sari,
410 2479 586 2512 amatorio
619 2480 734 2512 veluti
768 2480 914 2513 stimulo
953 2490 1034 2525 erga
1068 2480 1172 2513 illum
1200 2480 1398 2524 pellectos:
1431 2493 1506 2516 non
1539 2482 1639 2528 quod
1661 2493 1729 2528 per

280 2525 402 2558 Iovem
427 2536 493 2559 nos
519 2536 599 2558 eum
622 2525 840 2566 viderimus,
862 2527 922 2561 vel
945 2526 1243 2560 consuetudinem
1269 2537 1358 2560 cuin¹
1384 2538 1427 2560 eo
1463 2528 1725 2563 habuerimus:

280 2580 427 2616 prorsus
454 2572 552 2604 enim
571 2570 864 2605 adolescentulus
891 2577 990 2613 erat,
1015 2573 1078 2618 qui
1102 2572 1191 2606 haec
1214 2573 1363 2613 scribit,
1391 2574 1476 2608 dum
1503 2575 1568 2608 ille
1595 2587 1726 2621 regua-

282 2617 365 2651 bat:
391 2617 455 2651 sed
480 2617 641 2662 profecto
666 2629 834 2662 magnum
863 2624 959 2652 creat
985 2624 1095 2664 atque
1126 2619 1411 2663 insuperabilem
1442 2633 1600 2655 amorem
1638 2633 1725 2656 con-

283 2675 361 2698 cors
385 2663 575 2700 hominum
600 2664 872 2709 communisque
895 2676 1040 2706 sensus,
1077 2669 1114 2698 et
1141 2665 1345 2699 firmissima
1374 2666 1423 2700 de
1455 2668 1521 2701 illo
1558 2668 1727 2714 principe

283 2710 514 2756 existimatio.
567 2709 658 2745 Nam
683 2710 863 2758 quomodo
888 2710 996 2746 nobis
1020 2712 1128 2746 silere
1146 2711 1273 2746 liceret
1296 2712 1341 2747 de
1381 2723 1454 2759 quo
1477 2726 1583 2749 nemo
1605 2715 1725 2748 conti!
