1924 3164
591 196 625 235 E
659 195 942 238 MENANDm
980 197 1251 251 ffls'romA.
1291 260 1294 262 v
1523 177 1632 256 289

198 291 279 348 ἐγώ
307 295 474 350 παρέξω
501 296 577 336 τοῦ
603 295 808 353 ἡμετέρου
835 298 991 354 πατρὸς
1015 299 1060 342 τὸ
1087 302 1195 358 πέρα
1218 302 1293 343 τοῦ
1318 302 1479 353 δέοντος
1501 305 1630 359 ἒπηρ-
1643 307 1730 341 A·C.
1746 309 1815 343 566

196 361 349 412 μένους
374 357 488 412 ὑμᾶς
514 362 572 418 τῷ
608 363 804 418 πρέποντι
839 365 1134 420 σωφρονίζειν·
1177 366 1199 408 ὃ
1225 366 1305 424 γὰρ
1333 355 1779 436 usvagiffvsfluqfflffl*

201 425 284 475 ζων
319 423 420 475 τούς
452 421 655 477 ἆτάκτους
696 429 780 470 τῶν
807 433 1037 484 λογισμῶν,
1081 431 1153 474 καὶ
1177 429 1316 489 ὥσπερ
1343 431 1556 475 παιδεύων
1583 450 1629 476 τε
1661 413 1700 435 us
1787 413 1807 436 ²

199 490 274 531 καί
314 490 554 533 α’νακόπτων
591 494 665 547 τῆς
701 494 766 535 ἐπ)
794 494 956 552 ὀλέθρῳ
992 498 1073 539 τῶν
1101 498 1447 552 αὕθαδιζομένων
1472 498 1636 556 ὄρμῆς,

177 552 446 610 δυ’φθήσεται
480 555 587 598 κατὰ
628 556 676 599 τὸ
711 560 872 611 μᾶλλον
914 562 1133 618 εὕεργέτης
1159 559 1263 618 ἤπερ
1294 563 1317 606 ὅ
1340 563 1523 621 χορηγὸς
1559 566 1635 620 τῆς

197 623 388 677 τρυφῆς,
426 619 470 671 ὃς
511 624 649 683 φιλεῖν
683 626 763 677 μὲν
792 627 925 679 δοκεῖ,
953 628 1206 684 προφάσεως
1238 630 1284 671 δὲ
1309 631 1465 685 μικρᾶς
1496 631 1642 674 ε’πιλα-

197 684 374 739 βόμενος
409 687 479 729 τὸν
523 690 652 744 δῆθεν
681 686 1028 751 εὐεργετούμενον
1055 693 1259 750 ἠφάνισεν
1288 694 1459 744 εὐθέως.
1516 690 1673 737 ἇπιτεΒ

196 754 424 807 τοιγαροῦν
450 757 641 796 πλεῖστον
676 754 896 811 πριάμενοι
941 761 1039 815 παρ’
1066 757 1186 813 ἡμῶν
1227 755 1306 801 κᾶν
1332 762 1435 814 γοῦν
1467 760 1512 802 ὲν
1540 761 1643 811 ζῶσι

195 820 338 870 τελεῖν,
360 817 538 862 ,calcini
558 822 642 863 τῶν
663 821 917 875 “Ρωμαϊκῶν
938 825 1170 880 χρημάτων
1200 825 1272 868 τὸν
1298 829 1395 867 καθ’
1424 826 1536 881 ἡμᾶς
1563 827 1645 882 φό-

148 884 272 936 ιοβον
295 884 354 931 εἰς
381 883 592 941 σωτηρίαν
619 885 845 943 εἰληφότες.
874 884 967 931 οὕτε
996 888 1074 945 γὰρ
1106 890 1297 946 δεηθείην
1324 893 1423 933 ποτὲ
1451 893 1525 947 τῆς
1543 895 1648 934 καθ’

196 946 311 1001 ὑμᾶς
330 953 589 1005 συμμαχίας,
611 946 708 994 οὔτε
730 968 772 995 τι
802 953 993 1009 λήψεσθε
1023 958 1120 1011 παρ’
1142 957 1262 1011 ἡμῶν
1288 952 1317 1012 ἢ
1335 954 1517 999 καθόσον
1543 954 1646 1011 ἡμῖν

200 1015 333 1068 δοκεῖ,
372 1014 512 1073 ὥσπερ
543 1018 735 1067 δουλείας
758 1016 934 1074 ἔρανον,
972 1020 1044 1062 καί
1071 1017 1153 1076 οὖχ
1177 1021 1235 1071 ῶς
1263 1021 1432 1076 οἴεσθε,
1470 1027 1648 1079 φορολο-

197 1082 292 1134 γιάν
329 1079 463 1122 nard-’²
517 1085 701 1125 τοιοῦτον
738 1084 1023 1134 έπισεισαντος
1066 1086 1201 1142 φόβον
1227 1090 1302 1130 τοῦ
1327 1090 1535 1142 βασιλέως
1561 1093 1648 1138 τοῖς

197 1147 399 1200 πρέσβεσι
426 1147 507 1187 τῶν
541 1144 759 1199 Ἆβάρων,
810 1150 1110 1200 κατεγνωκότες
1146 1154 1192 1191 ἐκ
1225 1155 1307 1193 τῶν
1342 1154 1571 1206 εἰρημένων
1608 1152 1649 1195 οἱ

149 1209 419 1267 ιῦβὰρβαροι,
448 1209 505 1261 ῶς
533 1211 609 1252 οὐκ
639 1211 827 1261 α’νέξεται
857 1213 978 1268 σφῶν
1006 1214 1081 1268 τῆς
1107 1217 1356 1269 πλεονεξίας,
1386 1215 1459 1257 καί
1486 1216 1544 1265 ῶς
1572 1214 1646 1259 οὖ-

199 1278 271 1319 δὲν
299 1276 443 1325 αὐτοῖς
479 1274 541 1318 ἔτι
572 1273 796 1331 δοθήσεται
824 1270 882 1319 ῶν
908 1278 1145 1331 ἐκομίζοντο
1174 1284 1256 1335 πρὸ
1286 1284 1385 1334 τοῦ,
1413 1280 1487 1322 καί
1510 1281 1568 1331 ῶς
1593 1282 1680 1330 roc

199 1340 347 1385 λοιπὸν
375 1338 509 1390 ἀδεῶς
537 1341 612 1383 οὐκ
641 1343 974 1398 έπιδραμοῦνται
1006 1342 1081 1398 τήν
1105 1343 1374 1402 εΡωμαϊκην,
1416 1349 1461 1390 ἐν
1489 1350 1653 1390 δυσθυ-

197 1407 277 1466 μίᾳ
305 1423 351 1449 τε
377 1406 602 1462 ἐτύγχανον
629 1409 784 1465 πολλῇ,
827 1406 901 1449 καί
938 1407 1280 1464 ἀναλογιζόμενοι
1323 1406 1431 1466 ἦσαν
1468 1410 1564 1454 ὅποι
1593 1413 1648 1456 τοὶ

200 1471 388 1530 παρόντα
431 1470 654 1529 ἐκβήσεται
691 1475 764 1516 καί
791 1470 885 1516 ὅποι
912 1472 1043 1530 τύχης
1071 1477 1213 1525 αὕτοῖς
1241 1475 1431 1533 χωρήσοι
1458 1476 1511 1520 τὰ
1541 1477 1651 1532 πρά-

145 1554 367 1593 αογματα·
395 1535 495 1581 οὐδὲ
521 1539 602 1596 γὰρ
630 1541 770 1592 μένειν
798 1542 844 1582 ἐν
871 1539 1089 1599 Βυζαντίῳ
1121 1539 1299 1598 ἀνόνητα
1327 1535 1508 1597 ἤθελον,
1552 1539 1650 1586 οὔτε

199 1603 286 1658 μὴν
324 1599 530 1661 ἄπρακτοι
570 1605 740 1648 ἀπιέναι
777 1603 1013 1660 ἐβούλοντο.
1070 1603 1182 1660 ὅμως
1224 1609 1266 1649 δ’
1293 1604 1371 1650 οὖν
1403 1611 1484 1650 τῶν
1512 1611 1650 1651 κακῶν

201 1666 345 1720 αὗτοῖς
372 1670 645 1728 αἱρετώτερον
670 1670 866 1731 -ὖπῆρχεν
892 1674 1173 1729 α’πονοστῆσαι
1192 1673 1250 1724 ὦς
1268 1672 1369 1723 τούς
1387 1673 1646 1731 ὁμοφύλους.

297 1781 349 1806 ιι.
373 1768 470 1816 ἤμᾶς
490 1769 585 1815 vulg.
682 1772 733 1805 16.
759 1769 815 1804 ἔτι
842 1769 1050 1814 δοθήσεται
1076 1773 1129 1814 Β.,
1152 1770 1402 1815 ἐκδοθήσεται
1425 1773 1519 1818 vulg.

202 1889 332 1928 huam,
366 1899 475 1934 quam
514 1892 618 1932 pater
647 1898 772 1923 meus:
808 1890 942 1923 etenim
976 1900 1039 1923 vos
1072 1891 1118 1924 ad
1142 1893 1316 1930 maiores,
1343 1901 1451 1934 quam
1476 1899 1542 1934 par
1565 1893 1644 1929 est,

203 1935 355 1980 spiritus
390 1935 550 1968 sublatos
577 1934 624 1967 ad
656 1935 878 1980 aequitatem
913 1940 952 1971 et
986 1938 1128 1969 saniora
1166 1936 1318 1969 consilia
1342 1936 1523 1972 reducam.
1571 1935 1649 1980 Qui

204 1983 304 2015 enim
339 1981 531 2015 hominum
573 1981 613 2013 in
645 1982 797 2015 exitium
823 1982 1071 2015 voluntarium
1098 1982 1284 2014 ruentium
1309 1983 1475 2015 turbatos
1496 1982 1646 2014 affectus

203 2028 352 2062 cohibet
382 2033 419 2061 et
452 2027 667 2062 obedientes
699 2029 833 2060 rationi
857 2027 968 2067 facit,
1001 2026 1265 2061 beneficentior
1291 2032 1346 2061 est
1369 2038 1436 2068 eo,
1461 2028 1526 2073 qui
1551 2039 1650 2061 sum-

201 2081 287 2120 ptus
313 2076 354 2108 in
382 2074 532 2108 delicias
557 2073 732 2119 praebet,
757 2078 794 2106 et
817 2083 936 2106 amare
962 2073 1130 2114 videtur,
1153 2073 1217 2106 sed
1241 2074 1391 2107 minima
1415 2079 1558 2117 captata
1585 2084 1649 2106 oe-

202 2122 370 2163 casione,
395 2131 503 2162 eum,-
523 2132 631 2166 quem
655 2120 834 2153 beneficio
859 2120 998 2160 affecit,
1030 2121 1153 2153 statim
1179 2120 1303 2164 perdit
1321 2126 1358 2154 et
1381 2120 1490 2153 tollit.
1537 2119 1649 2154 Abite

203 2168 335 2213 igitur,
371 2168 435 2214 qui
471 2168 591 2211 magni
624 2167 734 2211 pretii
767 2177 842 2199 rem
875 2177 894 2198 a
921 2165 1027 2199 nobis
1065 2166 1262 2208 obtinetis,
1287 2165 1387 2211 quod
1409 2166 1514 2200 vobis
1540 2167 1660 2203 salvis,

202 2214 291 2248 lieet
312 2215 423 2250 vitam
450 2224 644 2258 peragere,
669 2218 706 2247 et
729 2213 965 2257 pecuniarum
991 2213 1093 2253 loco,
1127 2223 1216 2259 quas
1241 2223 1262 2246 a
1288 2213 1457 2246 Romanis
1482 2213 1647 2258 accipere

202 2261 335 2301 vultis,
370 2263 485 2294 nostri
522 2262 687 2294 timorem
728 2260 774 2293 ad
800 2260 954 2293 salutem
974 2264 1129 2292 vestram
1156 2264 1348 2305 reportate.
1395 2260 1524 2306 Neque
1551 2259 1650 2293 enim

203 2318 270 2340 nos
293 2318 454 2352 unquam
490 2313 608 2341 vestro
647 2306 831 2352 egebimus
857 2305 1014 2345 auxilio,
1049 2316 1170 2351 neque
1196 2307 1392 2352 quicquam
1417 2317 1437 2340 a
1459 2305 1568 2338 nobis
1591 2317 1653 2339 ac-

207 2354 369 2398 cipietis,
394 2354 467 2388 nisi
491 2359 666 2399 quantum
693 2353 799 2391 nobis
823 2352 940 2386 visum
964 2352 1093 2393 fuerit,
1117 2353 1228 2398 idque
1252 2358 1423 2398 tanquam
1448 2351 1652 2385 mercedem

207 2401 415 2442 servitutis,
445 2411 519 2433 non
552 2411 617 2445 pro
651 2400 811 2439 tributo,
851 2404 892 2431 ut
928 2409 992 2432 vos
1025 2398 1115 2432 falso
1154 2398 1401 2434 existimatis?
1457 2399 1652 2443 Postquam

207 2447 408 2491 Imperator
435 2453 574 2480 tantum
598 2447 654 2479 sui
679 2452 851 2479 terrorem
876 2445 1004 2489 legatis
1028 2447 1181 2479 Avarum
1205 2445 1360 2478 incussit
1376 2470 1386 2486 ,
1412 2450 1450 2478 et
1473 2455 1654 2489 cognove-

208 2499 294 2526 runt
318 2503 362 2526 ex
385 2492 461 2535 his,
486 2505 580 2539 quae
616 2493 774 2532 dixerat,
806 2492 956 2525 minime
983 2503 1065 2524 eum
1097 2491 1302 2537 superbiam
1327 2492 1488 2536 ipsorum
1513 2491 1652 2524 tolera-

206 2543 350 2579 ·turum,
373 2550 494 2584 neque
519 2540 711 2586 quicquam
737 2549 860 2572 eorum
877 2564 886 2578 ,
919 2548 1012 2583 quae
1037 2540 1137 2582 prius
1169 2539 1332 2584 accipere
1365 2542 1652 2577 consueverant,

212 2585 400 2626 daturum,
426 2598 494 2620 nec
519 2596 602 2619 vero
626 2582 734 2631 ipsos‘
748 2587 896 2629 impune
921 2584 1071 2628 posthac
1094 2585 1318 2618 incursiones
1342 2585 1382 2618 in
1406 2585 1496 2617 fines
1522 2584 1653 2616 Roma'-

211 2643 277 2665 nos
302 2631 477 2674 facturos,
501 2633 541 2666 in
565 2644 724 2676 magnam
751 2633 863 2665 animi
890 2632 1107 2665 anxietatem
1131 2631 1362 2671 inciderunt,
1388 2636 1425 2664 et
1449 2641 1570 2663 secum
1585 2642 1653 2663 co-

212 2677 391 2724 gitarunt,
423 2690 496 2724 quo
525 2678 672 2713 tandem
708 2690 763 2711 res
791 2689 935 2711 casurae
969 2682 1108 2719 essent,
1134 2683 1172 2712 et
1199 2679 1281 2724 quis
1306 2678 1450 2710 futurus
1473 2681 1567 2709 esset
1591 2687 1653 2708 ea-

210 2735 292 2758 rum
315 2725 444 2758 exitus.
491 2725 567 2759 Nec
593 2726 689 2758 enim
703 2725 878 2768 Byzantii,
905 2723 1202 2771 quandoquidem
1225 2723 1319 2757 nihil
1342 2724 1516 2768 proficere
1540 2728 1650 2766 pote-

213 2774 319 2811 rant,
341 2771 559 2805 manendum
585 2771 722 2806 diutius
748 2771 977 2813 statuebant,
999 2782 1119 2817 neque
1149 2782 1190 2805 re
1214 2771 1349 2805 infecta
1377 2769 1562 2803 discedere
1585 2780 1650 2805 vo-

263 2838 450 2885 Dexippus
460 2865 471 2882 ‚
497 2840 695 2887 Eunapius
719 2848 784 2875 etc.
1353 2849 1364 2871 ¹
1373 2849 1395 2882 9
