1924 3164
161 280 198 312 u.
214 279 275 324 πμ

294 156 367 211 36
913 175 1120 215 DEXIPPI
1162 203 1165 206 -

401 279 626 330 Σουκχαῖοι
653 275 773 324 ἔθνος
794 273 1088 329 Μαυρούσιον,
1117 273 1176 323 ὥς
1201 275 1408 324 Δέξιππος
1433 275 1637 330 χρονικῶν
1665 276 1732 316 δε-

289 341 411 398 κάτῳ.
468 343 708 399 Stephanus
735 344 834 393 Byz.
862 357 955 383 voc.
983 343 1223 394 Σουκχαῖοι.

390 403 580 463 Ἕλουροι
608 405 817 448 Σκυθικὸν
845 404 988 459 ἔθνος,
1032 404 1132 462 περὶ
1169 400 1229 447 ὧν
1257 407 1466 457 Δέξιππος
1507 405 1550 446 ἐν
1582 421 1730 461 χρονι-

289 473 373 514 κῶν
401 469 469 525 ιβ’.
523 473 644 514 Idem
669 486 759 513 voc.
779 466 986 527 Ἕλουροι,
1013 487 1088 514 nec
1117 487 1201 514 non
1224 473 1364 524 Ecym.
1389 473 1452 512 M.

397 539 605 587 Δέξιππος
642 537 687 578 ἐν
711 538 893 593 χρονικῷ
919 534 1084 594 δεκάτῳ
1107 536 1264 593 γράφει
1290 532 1401 577 οὕτω
1417 551 1427 560 ·
1477 534 1551 576 καί
1566 536 1756 580 ·Μακε-5

290 600 418 644 δόνων
458 600 705 653 Ἐπίδαμνον
748 603 791 650 ἐς
829 597 1002 657 ὕστερον
1037 598 1288 658 Δυρράχιον
1331 603 1732 654 μετονομασθεῖσαν,

288 666 409 709 πόλιν
439 669 511 721 τῆς
539 667 812 719 Μακεδονιᾏις
842 667 1024 722 μεγάλην
1046 666 1118 709 καί
1142 664 1483 720 εὖδαιμονοῦντα,
1514 664 1620 708 κατὰ
1640 662 1734 722 κρά-

286 747 355 781 τος
382 730 598 786 αἱροῦσιν.
657 734 1042 789 Porphyrogbnitus
1068 736 1195 775 them.
1220 736 1283 777 II·
1302 749 1343 790 9.

381 827 414 861 8.
439 825 618 871 αἴρουσιν
642 825 697 859 ed

381 909 556 943 Succhaei
566 910 722 955 populus
731 909 891 950 Maurus,
902 914 943 942 ut
951 909 1138 955 Dexippus
1150 910 1202 943 ait
1211 909 1460 944 chronicorum
1473 910 1568 944 libro
1579 910 1730 945 decimo.

379 956 506 1035 ΗείΙιιῑί
520 982 530 1000 ,
557 967 641 1002 gens
657 955 840 1000 Scythica,
865 934 910 989 de
932 956 1067 1001 quibus
1090 957 1294 1003 Dexippus
1301 958 1516 993 duodecimo
1540 957 1733 992 chronico-

287 1014 365 1037 rum
378 1003 564 1095 Βέκὲἷρῑιε
599 1048 855 1083 chronicorum
881 1048 976 1082 libro
1002 1048 1141 1083 decimo
1167 1051 1219 1083 ita
1243 1050 1388 1085 scribit:
1415 1052 1463 1085 Et
1489 1050 1732 1086 Macedonum

285 1095 548 1151 Epidamnum,
573 1107 667 1142 quae
691 1099 818 1141 postea
845 1095 1083 1138 Dyrrachium
1106 1097 1288 1131 nominata
1312 1102 1385 1140 est,
1410 1097 1536 1132 urbem
1559 1095 1732 1133 Macedo-

287 1144 371 1180 niae
397 1152 566 1187 magnam
589 1147 700 1189 atque
725 1142 937 1187 opulentam
959 1141 994 1176 vi
1018 1143 1176 1187 capiunt.

396 1400 603 1454 Dexippus
625 1401 722 1440 dicit
742 1414 906 1440 uxorem
945 1415 1036 1440 eum
1072 1400 1390 1449 (Alexandrum
1418 1400 1640 1449 Severum)
1665 1413 1732 1438 eu—

287 1465 444 1504 iusdam
466 1467 655 1505 Martiani
686 1466 809 1505 filiam
845 1466 1002 1506 duxisse
1016 1496 1028 1518 ‚
1070 1466 1321 1520 eundemque
1366 1466 1418 1505 ab
1447 1481 1494 1505 eo
1523 1466 1734 1505 Caesarem

286 1540 587 1585 nuncupatum:
626 1546 768 1571 verum
790 1547 916 1586 quum
947 1532 1067 1573 vellet
1090 1533 1243 1572 insidiis
1260 1532 1440 1571 occidere
1460 1530 1734 1571 Alexandrum

285 1597 510 1636 Martianus
530 1627 542 1648 ‚
579 1597 733 1636 detecta
763 1598 956 1648 factione,
988 1605 1027 1637 et
1053 1600 1185 1651 ipsum
1217 1600 1473 1638 interemtum
1503 1604 1543 1636 et
1569 1610 1734 1635 uxorem

287 1661 499 1701 abiectam.
558 1662 671 1701 Idem
708 1663 806 1702 dicit
842 1664 962 1702 fuisse
1001 1671 1191 1716 patruum
1211 1663 1465 1702 Antoninum
1491 1662 1733 1715 Heliogaba-

286 1726 371 1766 lum
394 1727 641 1778 Alexandri,
668 1742 748 1767 non
769 1731 916 1768 sororis
946 1731 1080 1768 uxoris
1114 1729 1291 1768 eiusdem
1332 1728 1474 1768 filium.
1531 1728 1731 1782 Lampri-

286 1791 381 1830 dius
402 1794 446 1831 in
467 1792 721 1833 Alexandro
751 1793 910 1833 Severo
943 1808 1038 1848 cap.
1061 1793 1217 1833 XLIX.

394 1858 523 1897 Addit
539 1859 767 1912 Dexippus,
787 1867 945 1898 tantum
968 1859 1106 1898 odium
1127 1860 1246 1899 fuisse
1271 1860 1502 1910 Maximini,
1524 1866 1583 1910 ut,
1608 1860 1734 1898 inter-

284 1923 396 1962 fectis
428 1923 642 1964 Gordianis
655 1953 668 1975 ‚
691 1926 834 1978 viginti
858 1926 967 1965 viros
987 1933 1146 1965 senatus
1174 1927 1393 1976 creaverit,
1424 1939 1524 1979 quos
1552 1938 1733 1979 oppone·

285 1996 348 2027 ret
374 1990 618 2028 Maximino:
666 2003 688 2028 e
714 1990 860 2042 quibus
905 1990 1067 2030 filerunt
1101 1990 1292 2030 Balbinus
1323 1998 1362 2029 et
1388 1991 1605 2040 Maximus,
1629 2004 1731 2043 quos

286 2061 427 2093 contra
446 2069 537 2093 eum
558 2056 759 2108 principes
780 2055 970 2096 fecerunt.
1026 2055 1138 2095 Idem
1153 2056 1286 2106 addit,
1315 2057 1358 2094 in
1392 2062 1605 2108 conspectu
1639 2056 1730 2093 Ma-

286 2121 424 2158 ximim
450 2123 529 2159 iam
563 2121 710 2160 deserti
732 2135 756 2159 a
792 2121 985 2160 militibus
1015 2121 1235 2160 Anolinum
1259 2121 1502 2175 praefectum
1527 2121 1727 2172 praetorio

284 2187 409 2238 ipsius
429 2194 468 2224 et
488 2186 615 2225 filium
632 2188 717 2226 eius
746 2188 936 2226 occisum.
996 2186 1259 2241 Capitolinus
1285 2188 1332 2227 in
1350 2185 1594 2238 Blaximino
1622 2185 1730 2224 iuni·
1796 2222 1798 2225 ,

285 2263 359 2291 ore
383 2264 478 2305 cap.
501 2250 547 2291 V
543 2251 577 2291 l.

398 2316 604 2368 Dexippus
633 2324 672 2355 et
705 2317 903 2358 Arrianus
937 2325 977 2357 et
1010 2317 1127 2357 multi
1163 2318 1230 2357 alii
1277 2317 1417 2357 Graeci
1461 2317 1732 2374 seripserunt2

287 2383 510 2423 Maximum
530 2389 570 2420 et
598 2382 812 2422 Balbinum
836 2386 1096 2437 imperatores
1121 2391 1260 2424 contra
1284 2385 1547 2424 Maximinum
1576 2385 1727 2425 factos:

287 2449 509 2487 Maximum
549 2454 683 2486 autem
727 2463 819 2487 cum
867 2451 1040 2489 exercitu
1066 2451 1231 2489 missum
1266 2456 1306 2488 et
1346 2450 1454 2502 apud
1494 2452 1730 2492 Ravennam

286 2512 438 2552 bellum
476 2526 636 2565 parasse
652 2542 666 2564 ,
698 2513 926 2566 Aquileiam
958 2522 1092 2554 autem
1122 2516 1199 2555 nisi
1232 2515 1427 2565 victorem
1456 2529 1538 2554 non
1565 2517 1728 2558 vidisse.

285 2567 582 2620 Idem'ibidem
601 2590 700 2633 cap.
723 2578 770 2619 V
763 2580 828 2619 II.

399 2643 593 2684 Gordiani
614 2657 720 2694 non,
748 2652 795 2684 ut
827 2645 992 2698 quidam
1023 2646 1196 2700 imperiti
1241 2647 1452 2700 scriptores
1485 2647 1727 2702 loquuntur,

290 2709 393 2762 duo,
422 2707 488 2749 sed
516 2715 597 2748 tres
617 2709 802 2761 fuerunt3
833 2710 954 2764 idque
981 2711 1147 2752 docente
1173 2709 1362 2763 Arriano,
1389 2714 1583 2768 scriptore
1600 2715 1728 2754 Grae-
