1924 3164
552 185 586 225 E
623 184 908 228 MENANDRI
946 182 1222 226 nls‘romA.
1343 214 1346 217 .
1485 164 1598 239 397

158 287 288 338 αὕτός
314 288 368 346 τῇ
390 285 557 344 εἰρήνῃ,
596 289 671 330 καί
697 286 777 342 ὥς,
806 288 848 329 εἰ
873 287 972 341 πρὶν
1000 281 1267 342 ἐκστρατεῦοι
1296 284 1469 341 ἄφῶιετο
1500 282 1607 327 Θεό-
1615 298 1655 334 Α,
1667 299 1708 335 c,
1719 298 1809 345 5752

158 357 316 411 δωρος,
359 353 459 396 οὐδὲ
500 352 716 404 ἐξετάξατο
745 349 798 395 ἂν
826 349 952 400 αὐτὸς
982 348 1084 393 οὐδέ
1111 366 1158 406 γε
1184 351 1346 406 ἐκίνησε
1371 348 1448 399 τὰς
1475 345 1728 401 &vrci-Inde

153 436 262 474 μεις.
317 421 392 463 νῦν
421 420 468 461 δὲ
497 417 641 468 ἀκλεὲς
667 418 787 475 αὐτῷ’
821 413 932 459 εἶναι
959 417 1078 458 δοκεῖ
1099 414 1493 474 ἐκστρατευσαμένῳ
1520 409 1603 470 ἤδη
1613 394 1796 429 lamnia

155 487 359 528 διαλῦσαι
386 482 432 527 τὸ
459 482 724 541 στράτευμα·
780 482 879 532 τούς
914 479 995 539 γὰρ
1026 481 1282 540 ἀνθρώπους
1307 478 1337 537 ἢ
1354 483 1427 524 τοῦ
1451 482 1605 538 κερδα-

128 554 253 597 5λέου
280 567 327 607 γε
354 553 473 595 ἕκατι
499 547 528 607 ἢ
554 551 676 606 δόξης
703 549 976 605 ὀρεγομένους
1003 545 1170 591 ἅπαντα
1200 546 1442 605 apolon-etv„
1474 549 1604 604 ἐπηγ-

152 621 318 674 γέλλετο
347 620 406 673 δὲ,
436 615 493 668 ὥς
519 616 806 672 α’πονοστήσας
833 617 876 665 ἐς
903 614 956 658 τὰ
986 617 1118 658 οἰκεῖα
1147 617 1355 670 ἐκπέμψω
1381 611 1481 664 τούς
1510 615 1604 657 ἐπι-

96 741 99 744 ,
151 686 346 741 τηὸείους
372 684 488 743 αὖτῷ
529 678 733 739 ἄρχοντας
759 684 805 725 ἐν
840 687 928 732 τοῖς
952 680 1087 738 ὅριὀις
1114 682 1188 737 τῆς
1214 680 1292 734 ἕω,
1323 682 1604 736 διαλεχθησο-

150 752 305 804 μένους
330 766 375 792 τε
415 748 489 792 καὶ
525 747 808 803 διαθήσοντας
844 746 898 791 τὰ
940 748 1040 804 περὶ
1077 748 1152 803 τῆς
1187 746 1353 802 εἰρήνης
1390 743 1480 800 ἅμα
1515 751 1644 796 τοῖςι)

150 817 568 872 ἒκπεμφθησομένοις
601 814 831 869 Ῥωμαίων
868 811 1076 870 ἡγεμόσιν.
1099 847 1104 851 .
1130 815 1266 855 ταῦτα
1292 814 1372 866 μὲν
1400 808 1478 854 οὖν
1504 813 1604 868 gari-

99 897 256 937 ιομηνε
284 883 342 939 τῷ
368 883 579 938 Καίσαρι.
635 883 978 943 «νέιιλιπαροῦνιόςχ
1002 882 1050 923 δὲ
1079 879 1208 923 αὐτὸν
1239 875 1463 936 Θεοδώρου
1491 875 1602 921 ὥστε

92 940 94 942 ’
152 949 342 1002 ἐπισχεῖν
378 946 453 1003 τήν
493 945 709 1003 εἰσβολήν,
738 946 877 999 ἔδοξεν
904 945 1136 1000 ἐπινεύειν,
1165 943 1210 988 εἴ
1228 961 1276 1001 γε
1304 941 1409 1002 ἄχρι
1435 942 1469 987 λ’
1498 945 1603 1000 ἦμε-

150 1013 239 1069 ρῶν
266 1009 439 1068 α’γγελιά
477 1011 672 1070 φοιτήσοι
713 1013 772 1064 ὥς
802 1011 932 1056 αὐτὸν
975 1017 1174 1055 οταλεΐσα
1201 1013 1248 1054 ἐκ
1274 1014 1352 1055 τοῦ
1379 1013 1602 1069 Καίσαρος

149 1077 205 1122 τὰ
235 1080 381 1122 δέοντα
408 1081 766 1134 βουλευσαμένου.
821 1079 966 1135 ἐπειδὴ
998 1080 1046 1122 δὲ
1077 1075 1302 1134 Θεόδωρον
1329 1078 1514 1134 ἀφῆκεν,
1543 1077 1603 1126 ὥς

150 1143 256 1200 ἔγνω
293 1142 400 1201 μήτε
439 1146 485 1197 ἐξ
511 1144 673 1202 ἐφόδου
709 1139 791 1201 τὴν
832 1144 1184 1188 Θεοδοσιούπολιν
1229 1141 1364 1188 οἷόντε
1400 1138 1449 1186 ὃν
1488 1143 1603 1199 αὕτῷ

99 1211 328 1265 ιόἒξελεῖν,
356 1211 461 1267 μήτε
487 1227 533 1266 γε
558 1210 646 1266 μὴν
673 1213 892 1270 πολιορκίᾳ
919 1226 965 1254 τε
993 1210 1068 1253 καὶ
1092 1209 1399 1266 μηχανήμασιν
1427 1207 1611 1251 ἔσεσθαί

149 1274 190 1318 οἱ
217 1278 262 1327 ἒς
277 1275 323 1318 τὸ
349 1270 563 1326 λυσιτελὲς
591 1273 932 1333 ἀποπειραθῆναι
958 1277 1034 1319 τοῦ
1057 1277 1236 1330 τείχους,
1257 1272 1604 1333 (ξυνελεύσεσθαι

145 1340 229 1398 γὰρ
260 1344 308 1384 ἐν
326 1341 513 1401 τοσούτῳ
539 1340 614 1393 τοῖς
635 1341 882 1398 Ῥωμαϊκὰς
910 1341 1144 1401 surdam)
1173 1340 1248 1386 καὶ
1271 1340 1325 1399 δὴ
1359 1337 1499 1399 ἆφῆκε
1525 1338 1604 1397 τὴν

149 1409 517 1455 Θεοδοσιούπολιν.

686 1467 750 1505 Ἐκ
775 1468 847 1503 1015
869 1467 902 1511 η’
925 1467 1057 1514 λόγου.
1600 1469 1636 1505 Ρ.
1651 1471 1710 1506 161

89 1578 143 1606 20
255 1555 326 1606 ιδ’.
372 1553 466 1600 “On
491 1557 591 1615 περὶ
613 1557 660 1602 τὸ
702 1559 897 1617 δεύτερον
922 1557 1016 1609 ἔτος
1042 1558 1117 1615 τῆς
1148 1554 1348 1613 Τιβερίου
1376 1553 1703 1612 Καίσαροςᾏῃ.
1718 1562 1787 1610 ⁵75

239 1648 269 1672 ι.
292 1635 355 1683 γρ.
385 1640 428 1684 τῇ
455 1636 585 1685 εἰρήνῃ
618 1649 687 1684 mg.
712 1638 781 1682 11„
810 1633 881 1681 τὴν
915 1637 1070 1686 εἰρήνην
1089 1636 1185 1683 vulg.
1257 1637 1289 1671 3.
1324 1634 1600 1681 ἐκστρατευσα-

234 1684 337 1729 μένῳ
362 1684 420 1725 Ν.,
444 1685 799 1732 ἐνστρατευσαμένῳ
823 1686 918 1731 vulg.
1004 1684 1057 1729 ¹4·
1090 1681 1134 1719 ὃν
1154 1682 1212 1724 Ν.,
1235 1681 1328 1718 ὄντα
1349 1683 1445 1728 vulg.
1493 1712 1496 1716 .
1545 1683 1600 1716 16.

234 1731 531 1769 ξυνελεύσεσθαι
555 1732 736 1774 Cantocl.‚
759 1733 983 1772 ξυγελέσθαι
1009 1731 1104 1776 vulg.
1205 1742 1256 1775 ¹9·
1278 1731 1443 1763 Errorem
1465 1729 1504 1763 in
1528 1740 1598 1762 nu-

234 1787 336 1811 mero
365 1776 453 1811 libri
493 1788 571 1811 esse
604 1783 775 1823 apparet,
800 1779 984 1824 siquidem
1013 1777 1150 1822 legatio
1182 1777 1230 1810 ad
1253 1777 1387 1810 Turcas
1411 1787 1506 1811 anno
1536 1786 1596 1810 se-

234 1823 355 1857 cundo
380 1824 524 1858 Tiberii
545 1825 733 1866 Caesaris,
756 1827 953 1870 superstite
978 1826 1140 1866 Iustino,
1165 1825 1275 1857 missa
1305 1829 1369 1856 est.
1396 1823 1441 1856 N.

140 1892 371 1933 advenisset,
397 1903 518 1940 neque
540 1892 660 1938 ipsum
691 1893 731 1926 in
765 1893 879 1927 aciem
907 1892 1164 1927 descensurum
1199 1892 1332 1933 fuisse,
1369 1901 1491 1937 neque
1526 1902 1592 1926 co-

138 1939 219 1984 pias
245 1938 472 1976 educturum.
518 1939 624 1973 Nunc
651 1940 824 1986 quoniam
853 1950 935 1972 cum
961 1940 1122 1973 exercitu
1153 1939 1333 1979 moverit,
1372 1937 1446 1971 sibi
1477 1938 1590 1973 dede-

138 1987 215 2020 cori
242 1985 343 2027 fore,
375 1986 406 2019 si
433 1987 631 2020 exercitum
654 1986 771 2020 solvat
795 1990 833 2020 et
854 1987 1003 2020 missum
1026 1986 1146 2019 faciat.
1195 1985 1326 2019 Omnia
1361 1986 1459 2019 enim
1489 1997 1590 2019 mor-

137 2033 229 2066 tales
267 2033 387 2066 facere
426 2039 491 2067 aut
514 2038 686 2078 quaestus
725 2035 862 2079 gratia,
895 2038 960 2067 aut
992 2045 1064 2078 quo
1097 2032 1170 2066 sibi
1208 2032 1358 2076 gloriam
1398 2030 1587 2078 qmerant.

137 2079 307 2113 Promisit
330 2084 464 2120 autem,
494 2080 715 2127 simulatque
740 2079 886 2113 domum
912 2080 1132 2120 revertisset,
1158 2089 1197 2112 se
1220 2078 1412 2112 missurum
1428 2073 1475 2111 'in
1497 2080 1588 2113 fines

137 2127 302 2161 Orientis
329 2138 375 2160 ex
402 2127 632 2171 principibus
657 2127 729 2160 sibi
757 2125 1030 2160 necessitudine
1055 2125 1278 2166 coniunctis,
1331 2126 1369 2158 ui
1404 2137 1485 2159 cum
1506 2126 1587 2172 pri-

98 2170 102 2174 ’
135 2173 261 2206 mariis
285 2173 372 2207 viris
403 2183 447 2206 ex
465 2173 648 2214 Romanis,
677 2184 769 2220 quos
796 2173 927 2206 Caesar
952 2173 1030 2206 eius
1064 2173 1118 2206 rei
1152 2172 1268 2217 gratia
1301 2137 1504 2216 delegaret,
1538 2174 1587 2208 de

136 2218 208 2260 his,
237 2230 331 2265 quae
364 2220 411 2254 ad
442 2231 567 2266 pacem
604 2220 786 2260 facerent,
814 2221 913 2253 inter
947 2230 986 2253 se
1021 2218 1266 2264 disceptarent
1301 2222 1339 2253 et
1369 2223 1584 2255 statuerent.

136 2265 237 2300 Haec
261 2266 373 2310 igitur
395 2267 441 2301 ad
466 2267 655 2301 Caesarem
679 2264 790 2300 misit.
837 2267 931 2301 Cum
954 2277 1039 2300 vero
1073 2265 1288 2300 Theodorus
1323 2277 1407 2300 eum
1440 2267 1585 2311 suppli-

136 2312 228 2347 citer
251 2318 393 2354 oraret,
429 2318 472 2348 ut
489 2315 536 2348 ab
562 2314 832 2348 incursionibus
868 2313 1089 2353 abstineret,
1123 2312 1163 2345 id
1194 2312 1341 2358 quidem
1377 2312 1584 2347 conceden-

136 2358 224 2392 dum
257 2361 423 2402 censuit,
469 2363 500 2395 si
532 2363 629 2396 intra
660 2361 899 2406 quadraginta
932 2360 1010 2393 dies
1042 2360 1194 2394 nuntius
1232 2359 1278 2393 ad
1308 2370 1348 2395 se
1371 2370 1393 2394 a
1430 2359 1583 2394 Caesare

133 2405 302 2447 veniret,
333 2408 398 2452 qui
434 2407 559 2450 illum,
593 2408 683 2454 quid
720 2418 806 2441 suae
841 2407 1040 2442 voluntatis
1073 2411 1189 2448 esset,
1213 2407 1403 2441 certiorem
1435 2407 1582 2440 faceret.

134 2452 294 2485 Dimisso
320 2454 528 2496 Theodoro,
553 2461 596 2488 ut
620 2456 788 2500 cognovit
811 2456 851 2488 in
890 2465 954 2488 sua
976 2459 1159 2499 potestate
1182 2454 1332 2487 minime
1357 2453 1465 2487 situm
1490 2464 1583 2494 esse,

134 2499 330 2543 improvisa
354 2501 543 2536 invasione
571 2501 897 2545 Theodosiopolim
922 2511 1068 2546 capere,
1108 2511 1230 2548 neque
1254 2502 1284 2535 si
1310 2499 1503 2534 obsidione
1518 2505 1582 2534 aut

132 2545 310 2579 machinis
342 2557 462 2582 muros
494 2553 669 2589 tentaret,
707 2549 902 2594 quicquam
937 2548 1182 2593 profecturum
1208 2558 1300 2589 esse,
1323 2547 1582 2589 (Romanorum

133 2592 231 2625 enim
260 2593 380 2636 copias
405 2595 502 2630 inter
527 2595 568 2629 id
590 2595 765 2642 temporis
799 2596 957 2640 spatium
988 2595 1266 2642 conventuros‚)
1309 2593 1355 2628 ab
1387 2593 1582 2628 obsidione

134 2638 442 2686 Theodosiopolis
465 2642 643 2678 discessit.
1263 2641 1267 2644 ’

680 2701 743 2736 Ex
767 2701 865 2736 libro
891 2708 1036 2736 octavo.

228 2765 283 2810 14.
331 2764 499 2804 Secundo
525 2770 670 2807 Tiberii
695 2770 862 2806 Caesaris
885 2770 1033 2819 imperii
1057 2780 1175 2813 anno,
1204 2768 1316 2816 paulo
1341 2770 1449 2810 ante,
1472 2776 1582 2813 quam
