1924 3164
394 145 505 215 588
766 165 988 206 Prummu
1031 164 1216 205 LABBEI
1240 164 1440 206 NOTAE

393 269 539 308 Lector
567 266 640 307 sub
669 267 788 306 finem
817 267 909 306 libri
935 269 1053 321 primi
1069 266 1412 306 Collectaneorum
1429 274 1469 306 et
1495 268 1609 308 initio
1637 268 1815 317 secundi,

391 337 437 362 ac
466 323 730 375 Theophanes
744 352 755 372 ‚
787 324 900 362 cuius
927 324 1163 361 sententiam
1189 324 1388 375 integram
1413 323 1579 362 curiosis
1605 323 1820 363 lectoribus

390 378 582 417 exhibebo
600 391 610 414 :
639 373 913 426 ἐβουλεύσατο
929 369 1062 423 Ἴλλος
1084 374 1107 414 ὅ
1124 376 1344 427 ΖΙΙαΐστρος
1366 377 1570 429 (dignitate
1585 379 1821 431 Magistrum

388 432 628 471 Officiorum
674 430 929 470 Marcellinus
957 430 1142 483 appellat)
1184 431 1242 485 τῷ
1268 431 1440 480 βασιλεῖ
1480 429 1668 483 Ζήνωνι,
1713 427 1821 478 ὅπως

387 485 569 537 Βερίναν
598 480 674 536 τήν
701 484 908 537 πενθερὰν
936 484 1069 524 αὐτοῦ
1100 481 1250 539 ἐκβάλῃ
1282 484 1356 537 τῆς
1384 483 1541 531 πόλεως
1559 515 1571 532 ,
1611 482 1686 525 καὶ
1711 482 1818 541 δόλῳ

386 538 471 578 τινί
506 539 676 590 πέμψας
717 536 848 590 αὕτὴν
889 538 1256 592 εἰς’Χαλκηδόγα,
1299 539 1386 589 μετ’
1423 537 1561 590 ὄλίγον
1606 539 1651 579 δὲ
1681 538 1738 587 εἰς
1765 537 1817 578 ro*

387 593 561 644 Παρίου
590 594 759 647 (corrigo
772 592 1015 646 Παπυριόυ)
1046 592 1263 634 καστέλλιν
1291 590 1449 644 ταύτην
1479 590 1694 632 ἀπέστειλε
1720 608 1820 634 συν-

385 644 544 699 διάγειν
582 648 819 702 Μαρκιανῷ
856 647 928 688 καί
964 646 1143 701 Λεοντίᾳ
1181 648 1232 702 τῇ
1269 646 1354 702 ἰδίᾳ
1397 645 1592 699 θυγατρί.
1649 648 1818 702 Reliqua

383 702 437 740 ob
465 702 727 755 prolixitatem
766 705 906 742 omitto
923 734 934 752 ,
981 704 1022 742 in
1049 704 1195 756 quibus
1223 702 1272 741 de
1299 709 1502 754 amputata
1530 702 1733 751 auricula,
1775 711 1815 742 et

383 756 562 796 Orientis
611 758 858 810 praefectura
902 758 1067 810 aliisque
1108 758 1308 796 uberrime
1335 763 1631 809 pertractatur,
1672 755 1818 810 quibus

382 810 574 850 illustrari
603 814 752 864 possint
768 841 779 860 ,
810 827 912 864 quae
942 813 1064 852 habet
1084 811 1341 851 Marcellinus
1363 812 1504 850 Comes
1530 813 1573 849 in
1600 811 1814 860 Chronico,

382 865 633 905 Theodorico
676 874 715 906 et
752 867 950 906 Venantio
985 868 1098 906 Coss.
1142 870 1224 905 sive
1269 879 1374 904 anno
1414 867 1662 919 Dionysiano
1689 866 1814 918 484:

377 919 479 959 Illus
506 923 662 960 nacione
685 921 863 972 Isauras,
893 931 1093 976 amputata
1113 921 1223 975 apud
1241 921 1470 965 Comitatum
1494 922 1685 969 auribida,
1716 922 1814 960 Ori-

377 984 502 1017 entem
531 975 687 1015 Zenoni
707 977 864 1028 infestus
890 978 1048 1016 invasit.
1106 976 1235 1015 Porro
1259 990 1344 1015 cum
1371 975 1532 1014 Leontio
1567 976 1815 1026 tyrannidem

377 1031 563 1085 arripiat.

487 1085 590 1138 Pag.
611 1099 676 1123 20.
695 1084 749 1124 A.
781 1084 898 1140 [477,
915 1085 978 1138 2.]
1009 1086 1228 1125 Marciano
1257 1094 1295 1123 et
1319 1085 1539 1138 ProcopiO,
1580 1083 1693 1139 filiis
1722 1084 1814 1124 Au-

376 1139 526 1178 themii.
582 1139 720 1178 Civilis
757 1140 865 1179 illius
909 1141 1004 1179 belli
1048 1155 1209 1179 causam
1251 1141 1377 1178 tacuit
1419 1138 1651 1186 Candidus,
1691 1154 1813 1192 quam

376 1193 614 1233 Theodorus
630 1194 772 1233 Lector
799 1202 972 1234 extremo
1001 1194 1105 1234 libro
1133 1195 1262 1248 primo
1278 1224 1288 1243 ,
1308 1193 1574 1246 Theophanes
1591 1192 1809 1243 Chronico,

375 1248 521 1301 aliique
548 1248 731 1301 pluribus
762 1250 984 1302 explicant:
1017 1252 1248 1288 Marcianus
1276 1250 1483 1287 Leontiam
1512 1247 1677 1293 duxerat
1705 1250 1811 1293 Leo-

373 1303 436 1342 nis
464 1317 509 1342 ex
530 1303 681 1343 Verina
708 1303 854 1355 filiam,
882 1306 946 1344 cui
973 1318 1020 1343 eo
1047 1305 1209 1343 nomine
1236 1317 1404 1356 regnum
1432 1302 1566 1341 deberi
1587 1303 1807 1353 asserebat,

371 1357 480 1411 quod
499 1366 690 1411 regnante
714 1366 826 1410 patre
852 1366 946 1397 nata
975 1366 1089 1409 esset,
1119 1373 1211 1397 cum
1227 1358 1419 1405 Ariadne,
1443 1357 1526 1396 eius
1554 1371 1666 1395 soror
1679 1359 1809 1398 Zeno-

370 1412 433 1451 nis
463 1415 632 1463 coniux,
663 1420 875 1465 antequam
917 1414 999 1452 Leo
1041 1414 1253 1465 imperaret
1284 1412 1421 1451 suisset
1449 1412 1490 1450 in
1522 1409 1652 1450 lucem
1685 1413 1803 1452 edita.

369 1465 480 1504 Idem
509 1466 659 1505 bellum
688 1466 886 1519 eleganter
913 1467 1174 1520 descripserat
1201 1467 1435 1505 Eustathius
1458 1466 1582 1518 Syrus
1621 1473 1661 1504 et
1701 1468 1806 1508 Mal-

370 1519 471 1559 chus
514 1521 906 1573 Philadelphiensis,
935 1529 981 1560 ut
1018 1528 1105 1560 tum
1144 1536 1189 1560 ex
1217 1535 1309 1574 pag.
1340 1520 1407 1560 86.
1438 1521 1725 1572 Excerptorum
1754 1522 1806 1563 de

367 1573 634 1627 legationibus
672 1576 855 1614 editionis
890 1576 1042 1629 regiae,
1088 1583 1176 1614 tum
1205 1590 1250 1614 ex
1278 1590 1364 1628 cap.
1386 1575 1454 1615 26.
1483 1574 1576 1613 libri
1606 1577 1711 1614 tertii
1739 1575 1804 1616 hi-

368 1631 527 1668 storiae-
561 1630 844 1669 ecclesiasticae
889 1630 1055 1683 Euagrii
1092 1630 1245 1669 clarum
1272 1637 1342 1669 est.
1400 1630 1605 1668 Marciano
1634 1638 1673 1669 et
1699 1631 1802 1670 Pro-

365 1685 480 1736 copio
518 1685 682 1723 tertium
725 1684 946 1736 adiungunt
987 1685 1194 1737 utriusque
1236 1685 1396 1723 fratrem
1437 1683 1669 1728 Romulum⁴
1693 1687 1802 1726 citati

365 1738 486 1790 paulo
516 1746 610 1777 ante
637 1739 875 1777 Theodorus
904 1747 943 1778 et
972 1739 1254 1792 Theophanes,
1286 1752 1405 1791 quem
1424 1738 1580 1778 silentio
1601 1739 1802 1780 Candidus

365 1793 572 1843 obvolvit,
603 1801 642 1832 et
669 1795 926 1832 Marcianum
953 1794 1116 1846 quidem
1146 1795 1188 1832 in
1218 1795 1384 1846 Papyrii
1413 1794 1616 1833 castellum
1647 1794 1800 1847 relega-

363 1853 466 1898 tum,
487 1848 730 1901 Procopium
758 1862 855 1887 vero
883 1863 928 1887 ac
957 1848 1175 1888 Romulum
1191 1850 1233 1887 in
1252 1847 1511 1887 Occidentem
1531 1848 1614 1888 sive
1629 1849 1799 1890 Romam

362 1902 561 1956 aufugisse
589 1910 793 1943 testantur.

462 1957 566 2010 Pag.
585 1971 648 1996 20.
663 1959 708 1996 B.
730 1957 842 2011 [477,
866 1958 949 2012 1o.]
980 1958 1117 1998 Hillns
1139 1960 1398 1998 insurrexerit
1425 1967 1463 1996 et
1473 1958 1674 1996 Leontium
1689 1958 1796 2012 Imp.

362 2013 661 2051 renuntiaverit.
701 2013 973 2052 Rebellionem
1003 2013 1100 2052 Hilli
1130 2027 1176 2052 ac
1204 2028 1338 2053 casum
1365 2012 1542 2051 referunt
1558 2012 1795 2052 Theodorus

360 2066 507 2106 Lector
534 2068 649 2105 initio
677 2066 839 2115 libi-iz„
874 2068 1070 2120 Euagrius
1098 2068 1168 2107 lib.
1201 2070 1241 2108 3.
1272 2083 1360 2120 cap.
1393 2081 1479 2120 27.‚
1510 2081 1553 2105 ex
1582 2067 1795 2108 Eustathio

359 2121 462 2173 Syro
480 2150 491 2171 ,
522 2135 641 2173 quem
680 2121 803 2174 vulgo
831 2123 1169 2175 Epiphaniensem
1197 2129 1453 2175 nuncupant,
1492 2121 1562 2159 ubi
1592 2128 1630 2159 et
1658 2121 1793 2160 Theo-

359 2174 512 2227 dorici,
544 2176 767 2215 Gothorum
795 2176 906 2216 ducis
923 2208 934 2227 ,
964 2180 1146 2216 meminit
1163 2207 1174 2228 ,
1211 2178 1280 2230 qui
1310 2184 1443 2229 postea
1470 2176 1620 2213 Romae
1649 2189 1791 2228 regna-

359 2230 419 2267 vit
439 2260 449 2276 ,
493 2231 726 2270 Damascius
755 2231 796 2269 in
831 2232 915 2271 vita
945 2231 1086 2271 Isidori
1116 2232 1204 2271 loco
1234 2246 1354 2284 supra
1381 2230 1576 2277 indicato,
1617 2229 1790 2275 Marcel,-

360 2281 466 2323 linus
499 2286 666 2336 Comes,
710 2285 912 2337 Dynamio
953 2293 992 2325 et
1029 2287 1166 2325 Sifidio
1196 2288 1328 2335 Coss.,
1359 2299 1453 2323 ann.
1481 2283 1630 2323 Christi
1659 2283 1755 2334 488.
1774 2298 1788 2324 :

356 2338 539 2377 Leontius
564 2354 639 2378 rex
663 2348 700 2378 et
723 2340 860 2378 Hillas
886 2350 1072 2392 tyrannus
1097 2343 1139 2379 in
1166 2342 1345 2396 Papyrio
1361 2370 1371 2387 ,
1402 2339 1580 2376 Isauriae
1613 2339 1784 2386 castello,

356 2395 465 2446 capti
481 2394 734 2448 decollatique
755 2404 856 2433 sunt.
916 2396 1056 2449 Capita
1082 2410 1214 2434 eor-um
1240 2395 1323 2434 ΟΡ.
1348 2394 1472 2432 allata
1502 2392 1691 2446 praefixa
1713 2393 1787 2431 Iza-

356 2448 505 2485 stilibus
531 2448 698 2486 tabuere.
753 2448 894 2487 Victor
931 2451 1213 2489 Tunnunensis
1249 2451 1291 2488 in
1320 2447 1537 2494 Chronico,
1583 2454 1622 2485 et
1648 2446 1786 2486 Theo-

357 2501 508 2554 phanes
525 2531 536 2547 ,
567 2503 637 2554 qui
665 2502 866 2541 uberrime
893 2504 1045 2557 singula
1073 2518 1250 2557 quaeque
1278 2502 1549 2555 persequitur,
1578 2515 1650 2539 suo
1677 2507 1781 2549 tem->

355 2569 453 2608 pore
480 2556 576 2594 alias
614 2556 877 2608 proferenda,
922 2572 967 2596 ex
1005 2558 1150 2611 quibus
1177 2559 1274 2597 haec
1301 2570 1424 2609 pauca
1453 2554 1643 2593 delibavit
1670 2554 1782 2593 Ana·

354 2612 496 2649 stasius
522 2610 851 2650 Bibliothecarius
878 2627 969 2665 pag.
991 2612 1059 2663 46.
1089 2613 1184 2651 edit.
1217 2613 1346 2665 regiae
1368 2625 1378 2648 :
1410 2610 1546 2647 Hillus
1584 2609 1779 2650 Patricius

353 2678 438 2703 cum
470 2665 631 2703 Leontio
660 2673 698 2702 et
727 2666 886 2719 reliquis
913 2670 1019 2706 venit
1044 2667 1102 2705 ad
1128 2667 1324 2706 castellum
1338 2665 1521 2718 'Paprrii
1534 2693 1545 2713 ,
1579 2671 1617 2701 et
1641 2663 1776 2701 edzwta

356 2719 402 2757 V
396 2722 507 2759 erina
537 2717 711 2772 Augusta
738 2721 779 2760 in
820 2719 860 2760 T
855 2734 987 2761 arsum
1022 2721 1183 2761 Ciliciae
1199 2717 1307 2774 ficit
1339 2733 1427 2770 eam
1449 2718 1631 2759 coronari
1657 2725 1775 2777 extrq
