<?xml version="1.0" encoding="UTF-8"?>
<!DOCTYPE html PUBLIC "-//W3C//DTD XHTML 1.0 Transitional//EN"
    "http://www.w3.org/TR/xhtml1/DTD/xhtml1-transitional.dtd">
<html xmlns="http://www.w3.org/1999/xhtml" xml:lang="en" lang="en">
 <head>
  <title>
</title>
<meta http-equiv="Content-Type" content="text/html;charset=utf-8" />
  <meta name='ocr-system' content='tesseract 3.04.00' />
  <meta name='ocr-capabilities' content='ocr_page ocr_carea ocr_par ocr_line ocrx_word'/>
</head>
<body>
  <div class='ocr_page' id='page_1' title='image "./corpusscriptorum10niebuoft/corpusscriptorum10niebuoft_0311.png"; bbox 0 0 1924 3164; ppageno 0'>
   <div class='ocr_carea' id='block_1_1' title="bbox 588 161 1611 237">
    <p class='ocr_par' dir='ltr' id='par_1_1' title="bbox 588 161 1611 237">
     <span class='ocr_line' id='line_1_1' title="bbox 588 161 1611 237; baseline 0.001 -21"><span class='ocrx_word' id='word_1_1' title='bbox 588 176 621 216; x_wconf 82' lang='lat' dir='ltr'>E</span> <span class='ocrx_word' id='word_1_2' title='bbox 661 176 866 219; x_wconf 81' lang='lat' dir='ltr'><strong>MALcffl</strong></span> <span class='ocrx_word' id='word_1_3' title='bbox 910 178 1183 220; x_wconf 75' lang='lat' dir='ltr'><strong>nls‘romA.</strong></span> <span class='ocrx_word' id='word_1_4' title='bbox 1502 161 1611 237; x_wconf 78' lang='lat'><strong>257</strong></span> 
     </span>
    </p>
   </div>
   <div class='ocr_carea' id='block_1_2' title="bbox 109 275 1801 1714">
    <p class='ocr_par' dir='ltr' id='par_1_2' title="bbox 165 275 1801 338">
     <span class='ocr_line' id='line_1_2' title="bbox 165 275 1801 338; baseline 0.006 -22"><span class='ocrx_word' id='word_1_5' title='bbox 165 275 273 328; x_wconf 71' lang='grc' dir='ltr'><strong><em>ταχυ</em></strong></span> <span class='ocrx_word' id='word_1_6' title='bbox 305 275 585 326; x_wconf 78' lang='grc' dir='ltr'><strong><em>διεκπεσόντες</em></strong></span> <span class='ocrx_word' id='word_1_7' title='bbox 612 277 826 334; x_wconf 78' lang='grc' dir='ltr'><strong><em>ὖπέφυγον</em></strong></span> <span class='ocrx_word' id='word_1_8' title='bbox 855 281 914 329; x_wconf 81' lang='grc' dir='ltr'><strong>εἷς</strong></span> <span class='ocrx_word' id='word_1_9' title='bbox 939 279 985 322; x_wconf 83' lang='grc' dir='ltr'><strong>τὰ</strong></span> <span class='ocrx_word' id='word_1_10' title='bbox 1018 283 1172 334; x_wconf 80' lang='grc' dir='ltr'><strong><em>πεδίον,</em></strong></span> <span class='ocrx_word' id='word_1_11' title='bbox 1204 281 1279 323; x_wconf 71' lang='grc' dir='ltr'><strong>καὶ</strong></span> <span class='ocrx_word' id='word_1_12' title='bbox 1304 281 1380 338; x_wconf 78' lang='grc' dir='ltr'><strong>τήν</strong></span> <span class='ocrx_word' id='word_1_13' title='bbox 1404 284 1610 338; x_wconf 79' lang='grc' dir='ltr'><strong><em>γέφυραν,</em></strong></span> <span class='ocrx_word' id='word_1_14' title='bbox 1625 286 1664 320; x_wconf 79' lang='grc' dir='ltr'><strong>Δ·</strong></span> <span class='ocrx_word' id='word_1_15' title='bbox 1682 285 1801 331; x_wconf 77' lang='lat' dir='ltr'><strong>C-479</strong></span> 
     </span>
    </p>

    <p class='ocr_par' dir='ltr' id='par_1_3' title="bbox 165 332 1798 413">
     <span class='ocr_line' id='line_1_3' title="bbox 165 332 1798 413; baseline 0.006 -32"><span class='ocrx_word' id='word_1_16' title='bbox 165 342 263 382; x_wconf 82' lang='grc' dir='ltr'><strong><em>καθ’</em></strong></span> <span class='ocrx_word' id='word_1_17' title='bbox 296 338 351 395; x_wconf 77' lang='grc' dir='ltr'><strong>ἢν</strong></span> <span class='ocrx_word' id='word_1_18' title='bbox 386 341 665 398; x_wconf 74' lang='grc' dir='ltr'><strong><em>ὑπερέβησαν,</em></strong></span> <span class='ocrx_word' id='word_1_19' title='bbox 693 343 854 394; x_wconf 67' lang='grc' dir='ltr'><strong><em>εὐθέως</em></strong></span> <span class='ocrx_word' id='word_1_20' title='bbox 895 344 1108 396; x_wconf 75' lang='grc' dir='ltr'><strong><em>ἀνελόντες</em></strong></span> <span class='ocrx_word' id='word_1_21' title='bbox 1123 378 1135 400; x_wconf 88' lang='grc'>,</span> <span class='ocrx_word' id='word_1_22' title='bbox 1178 345 1208 401; x_wconf 76' lang='grc' dir='ltr'><strong><em>ἢ</em></strong></span> <span class='ocrx_word' id='word_1_23' title='bbox 1246 345 1435 404; x_wconf 81' lang='grc' dir='ltr'><strong><em>φάραγγι</em></strong></span> <span class='ocrx_word' id='word_1_24' title='bbox 1461 351 1615 406; x_wconf 69' lang='grc' dir='ltr'><strong><em>βαθείᾳ</em></strong></span> <span class='ocrx_word' id='word_1_25' title='bbox 1625 332 1702 412; x_wconf 52' lang='grc' dir='ltr'><strong>ῙΖᾞῙ·</strong></span> <span class='ocrx_word' id='word_1_26' title='bbox 1720 345 1751 412; x_wconf 54' lang='grc' dir='ltr'>ἶ</span> <span class='ocrx_word' id='word_1_27' title='bbox 1772 378 1798 413; x_wconf 72' lang='grc'><strong>6</strong></span> 
     </span>
    </p>

    <p class='ocr_par' dir='ltr' id='par_1_4' title="bbox 165 390 1762 467">
     <span class='ocr_line' id='line_1_4' title="bbox 165 390 1762 467; baseline 0.006 -19"><span class='ocrx_word' id='word_1_28' title='bbox 165 406 408 460; x_wconf 53' lang='lat' dir='ltr'><strong>subcavato,</strong></span> <span class='ocrx_word' id='word_1_29' title='bbox 433 410 565 463; x_wconf 80' lang='grc' dir='ltr'><strong><em>μέσης</em></strong></span> <span class='ocrx_word' id='word_1_30' title='bbox 587 403 714 463; x_wconf 70' lang='grc' dir='ltr'><strong><em>οὔσης</em></strong></span> <span class='ocrx_word' id='word_1_31' title='bbox 735 411 810 464; x_wconf 82' lang='grc' dir='ltr'><strong>τῆς</strong></span> <span class='ocrx_word' id='word_1_32' title='bbox 826 409 942 463; x_wconf 76' lang='grc' dir='ltr'><strong><em>ὁδοῦ,</em></strong></span> <span class='ocrx_word' id='word_1_33' title='bbox 971 410 1050 467; x_wconf 78' lang='grc' dir='ltr'><strong>τήν</strong></span> <span class='ocrx_word' id='word_1_34' title='bbox 1068 414 1210 463; x_wconf 80' lang='grc' dir='ltr'><strong><em>δίωξιν</em></strong></span> <span class='ocrx_word' id='word_1_35' title='bbox 1224 414 1394 464; x_wconf 78' lang='grc' dir='ltr'><strong><em>ἐκείνοις</em></strong></span> <span class='ocrx_word' id='word_1_36' title='bbox 1420 412 1495 455; x_wconf 77' lang='grc' dir='ltr'><strong><em>ἐπὶ</em></strong></span> <span class='ocrx_word' id='word_1_37' title='bbox 1519 412 1618 465; x_wconf 81' lang='grc' dir='ltr'><strong><em>τούς</em></strong></span> <span class='ocrx_word' id='word_1_38' title='bbox 1677 390 1724 414; x_wconf 85' lang='lat' dir='ltr'><strong>no</strong></span> <span class='ocrx_word' id='word_1_39' title='bbox 1754 403 1762 411; x_wconf 53' lang='grc'>’</span> 
     </span>
    </p>

    <p class='ocr_par' dir='ltr' id='par_1_5' title="bbox 165 469 1618 530">
     <span class='ocr_line' id='line_1_5' title="bbox 165 469 1618 530; baseline 0.007 -18"><span class='ocrx_word' id='word_1_40' title='bbox 165 471 430 526; x_wconf 78' lang='grc' dir='ltr'><strong><em>καταβάντας</em></strong></span> <span class='ocrx_word' id='word_1_41' title='bbox 468 474 666 528; x_wconf 80' lang='grc' dir='ltr'><strong><em>ἐποίησαν</em></strong></span> <span class='ocrx_word' id='word_1_42' title='bbox 703 469 884 530; x_wconf 68' lang='grc' dir='ltr'><strong><em>ἄπορον,</em></strong></span> <span class='ocrx_word' id='word_1_43' title='bbox 923 476 998 517; x_wconf 80' lang='grc' dir='ltr'><em>καί</em></span> <span class='ocrx_word' id='word_1_44' title='bbox 1031 479 1174 528; x_wconf 84' lang='grc' dir='ltr'><strong><em>μέντοι</em></strong></span> <span class='ocrx_word' id='word_1_45' title='bbox 1210 478 1286 520; x_wconf 74' lang='grc' dir='ltr'><strong>καὶ</strong></span> <span class='ocrx_word' id='word_1_46' title='bbox 1321 484 1406 528; x_wconf 79' lang='grc' dir='ltr'><strong><em>τοῖς</em></strong></span> <span class='ocrx_word' id='word_1_47' title='bbox 1452 477 1618 522; x_wconf 73' lang='grc' dir='ltr'><strong><em>ἑαυτῶν</em></strong></span> 
     </span>
    </p>

    <p class='ocr_par' dir='ltr' id='par_1_6' title="bbox 141 534 1618 599">
     <span class='ocr_line' id='line_1_6' title="bbox 141 534 1618 599; baseline 0.007 -22"><span class='ocrx_word' id='word_1_48' title='bbox 141 534 380 584; x_wconf 78' lang='grc' dir='ltr'><strong><em>5ἄδόνατον</em></strong></span> <span class='ocrx_word' id='word_1_49' title='bbox 407 536 482 593; x_wconf 73' lang='grc' dir='ltr'><strong>τὴν</strong></span> <span class='ocrx_word' id='word_1_50' title='bbox 511 538 660 598; x_wconf 74' lang='grc' dir='ltr'><strong><em>φυγὴν,</em></strong></span> <span class='ocrx_word' id='word_1_51' title='bbox 681 537 792 582; x_wconf 69' lang='grc' dir='ltr'><strong><em>ὥστε</em></strong></span> <span class='ocrx_word' id='word_1_52' title='bbox 818 539 925 593; x_wconf 79' lang='grc' dir='ltr'><strong><em>πρὸς</em></strong></span> <span class='ocrx_word' id='word_1_53' title='bbox 953 537 1157 584; x_wconf 75' lang='grc' dir='ltr'><strong><em>ἀπόνοιαν</em></strong></span> <span class='ocrx_word' id='word_1_54' title='bbox 1186 544 1320 598; x_wconf 78' lang='grc' dir='ltr'><strong><em>ὅλίγοι</em></strong></span> <span class='ocrx_word' id='word_1_55' title='bbox 1347 539 1459 594; x_wconf 75' lang='grc' dir='ltr'><strong><em>ὄντες</em></strong></span> <span class='ocrx_word' id='word_1_56' title='bbox 1486 544 1618 599; x_wconf 76' lang='grc' dir='ltr'><strong><em>ὁμόσε</em></strong></span> 
     </span>
    </p>

    <p class='ocr_par' dir='ltr' id='par_1_7' title="bbox 162 601 1619 667">
     <span class='ocr_line' id='line_1_7' title="bbox 162 601 1619 667; baseline 0.006 -23"><span class='ocrx_word' id='word_1_57' title='bbox 162 607 252 653; x_wconf 79' lang='grc' dir='ltr'><strong><em>τοῖς</em></strong></span> <span class='ocrx_word' id='word_1_58' title='bbox 277 601 472 647; x_wconf 78' lang='grc' dir='ltr'><strong><em>ἱππεῦσιν</em></strong></span> <span class='ocrx_word' id='word_1_59' title='bbox 499 603 704 660; x_wconf 75' lang='grc' dir='ltr'><strong><em>ἐχώρουν.</em></strong></span> <span class='ocrx_word' id='word_1_60' title='bbox 760 605 819 655; x_wconf 66' lang='grc' dir='ltr'><strong>αἷς</strong></span> <span class='ocrx_word' id='word_1_61' title='bbox 847 608 894 648; x_wconf 87' lang='grc' dir='ltr'><strong>δὲ</strong></span> <span class='ocrx_word' id='word_1_62' title='bbox 921 606 1030 663; x_wconf 78' lang='grc' dir='ltr'><strong><em>ὑπὲρ</em></strong></span> <span class='ocrx_word' id='word_1_63' title='bbox 1057 614 1243 664; x_wconf 83' lang='grc' dir='ltr'><strong><em>κεφαλῆς</em></strong></span> <span class='ocrx_word' id='word_1_64' title='bbox 1285 609 1324 651; x_wconf 81' lang='grc' dir='ltr'><strong>οἱ</strong></span> <span class='ocrx_word' id='word_1_65' title='bbox 1353 609 1475 662; x_wconf 74' lang='grc' dir='ltr'><strong><em>πεζοὶ</em></strong></span> <span class='ocrx_word' id='word_1_66' title='bbox 1508 610 1619 667; x_wconf 76' lang='grc' dir='ltr'><strong>ἐφά-</strong></span> 
     </span>
    </p>

    <p class='ocr_par' dir='ltr' id='par_1_8' title="bbox 164 668 1616 729">
     <span class='ocr_line' id='line_1_8' title="bbox 164 668 1616 729; baseline 0.005 -18"><span class='ocrx_word' id='word_1_67' title='bbox 164 685 296 724; x_wconf 88' lang='grc' dir='ltr'><strong><em>νησαν</em></strong></span> <span class='ocrx_word' id='word_1_68' title='bbox 321 668 428 711; x_wconf 80' lang='grc' dir='ltr'><strong><em>κατὰ</em></strong></span> <span class='ocrx_word' id='word_1_69' title='bbox 456 668 503 711; x_wconf 80' lang='grc' dir='ltr'><strong>τὸ</strong></span> <span class='ocrx_word' id='word_1_70' title='bbox 534 673 830 724; x_wconf 82' lang='grc' dir='ltr'><strong><em>συγκείμενον,</em></strong></span> <span class='ocrx_word' id='word_1_71' title='bbox 873 669 983 714; x_wconf 68' lang='grc' dir='ltr'><strong><em>οὕτω</em></strong></span> <span class='ocrx_word' id='word_1_72' title='bbox 1024 672 1318 729; x_wconf 79' lang='grc' dir='ltr'><strong><em>διετράποντο,</em></strong></span> <span class='ocrx_word' id='word_1_73' title='bbox 1362 675 1436 717; x_wconf 80' lang='grc' dir='ltr'>καί</span> <span class='ocrx_word' id='word_1_74' title='bbox 1470 675 1511 718; x_wconf 83' lang='grc' dir='ltr'><strong>οῖ</strong></span> <span class='ocrx_word' id='word_1_75' title='bbox 1535 677 1616 729; x_wconf 80' lang='grc' dir='ltr'><strong>μὲν</strong></span> 
     </span>
    </p>

    <p class='ocr_par' dir='ltr' id='par_1_9' title="bbox 161 733 1619 796">
     <span class='ocr_line' id='line_1_9' title="bbox 161 733 1619 796; baseline 0.005 -20"><span class='ocrx_word' id='word_1_76' title='bbox 161 735 226 784; x_wconf 82' lang='grc' dir='ltr'><strong>εἷς</strong></span> <span class='ocrx_word' id='word_1_77' title='bbox 253 733 350 784; x_wconf 77' lang='grc' dir='ltr'><strong><em>τούς</em></strong></span> <span class='ocrx_word' id='word_1_78' title='bbox 377 735 530 789; x_wconf 83' lang='grc' dir='ltr'><strong><em>ἱππεῖς,</em></strong></span> <span class='ocrx_word' id='word_1_79' title='bbox 556 734 595 778; x_wconf 85' lang='grc' dir='ltr'><strong>οἱ</strong></span> <span class='ocrx_word' id='word_1_80' title='bbox 624 737 671 779; x_wconf 82' lang='grc' dir='ltr'><strong>δὲ</strong></span> <span class='ocrx_word' id='word_1_81' title='bbox 700 737 760 787; x_wconf 87' lang='grc' dir='ltr'><strong>εἷς</strong></span> <span class='ocrx_word' id='word_1_82' title='bbox 786 737 888 787; x_wconf 78' lang='grc' dir='ltr'><strong><em>τούς</em></strong></span> <span class='ocrx_word' id='word_1_83' title='bbox 907 737 1081 788; x_wconf 76' lang='grc' dir='ltr'><strong><em>ὁπλίτας</em></strong></span> <span class='ocrx_word' id='word_1_84' title='bbox 1105 739 1375 792; x_wconf 81' lang='grc' dir='ltr'><strong><em>ἐμπίπτοντες</em></strong></span> <span class='ocrx_word' id='word_1_85' title='bbox 1401 739 1619 796; x_wconf 77' lang='grc' dir='ltr'><strong><em>ἔθνησκον.</em></strong></span> 
     </span>
    </p>

    <p class='ocr_par' dir='ltr' id='par_1_10' title="bbox 112 798 1654 925">
     <span class='ocr_line' id='line_1_10' title="bbox 164 798 1654 862; baseline 0.003 -21"><span class='ocrx_word' id='word_1_86' title='bbox 164 803 240 842; x_wconf 79' lang='grc' dir='ltr'>καί</span> <span class='ocrx_word' id='word_1_87' title='bbox 264 798 340 849; x_wconf 77' lang='grc' dir='ltr'><strong>τὰς</strong></span> <span class='ocrx_word' id='word_1_88' title='bbox 367 799 533 854; x_wconf 73' lang='grc' dir='ltr'><strong><em>ἁμάξας</em></strong></span> <span class='ocrx_word' id='word_1_89' title='bbox 560 803 705 845; x_wconf 70' lang='grc' dir='ltr'><strong><em>αὐτῶν</em></strong></span> <span class='ocrx_word' id='word_1_90' title='bbox 733 802 876 856; x_wconf 78' lang='grc' dir='ltr'><strong><em>λαβών</em></strong></span> <span class='ocrx_word' id='word_1_91' title='bbox 903 803 1178 858; x_wconf 81' lang='grc' dir='ltr'><strong><em>Σαβινιανὸς,</em></strong></span> <span class='ocrx_word' id='word_1_92' title='bbox 1220 800 1352 855; x_wconf 67' lang='grc' dir='ltr'><strong><em>οὔσας</em></strong></span> <span class='ocrx_word' id='word_1_93' title='bbox 1389 807 1446 856; x_wconf 77' lang='grc' dir='ltr'><strong><em>ὥς</em></strong></span> <span class='ocrx_word' id='word_1_94' title='bbox 1474 809 1654 862; x_wconf 69' lang='grc' dir='ltr'><strong><em>δισχι-(Ῑ</em></strong></span> 
     </span>
     <span class='ocr_line' id='line_1_11' title="bbox 112 866 1616 925; baseline 0.006 -19"><span class='ocrx_word' id='word_1_95' title='bbox 112 867 283 919; x_wconf 78' lang='grc' dir='ltr'><strong><em>ιολίας,</em></strong></span> <span class='ocrx_word' id='word_1_96' title='bbox 311 867 608 920; x_wconf 79' lang='grc' dir='ltr'><strong><em>αἰχμαλώτους</em></strong></span> <span class='ocrx_word' id='word_1_97' title='bbox 633 885 677 911; x_wconf 82' lang='grc' dir='ltr'><strong>τε</strong></span> <span class='ocrx_word' id='word_1_98' title='bbox 715 868 885 918; x_wconf 83' lang='grc' dir='ltr'><strong><em>πλείους</em></strong></span> <span class='ocrx_word' id='word_1_99' title='bbox 912 866 940 924; x_wconf 78' lang='grc' dir='ltr'><em>ἢ</em></span> <span class='ocrx_word' id='word_1_100' title='bbox 977 873 1339 925; x_wconf 85' lang='grc' dir='ltr'><strong><em>πεντακισχιλίους</em></strong></span> <span class='ocrx_word' id='word_1_101' title='bbox 1377 875 1452 915; x_wconf 81' lang='grc' dir='ltr'>καί</span> <span class='ocrx_word' id='word_1_102' title='bbox 1497 872 1616 915; x_wconf 85' lang='grc' dir='ltr'><strong><em>λείαν</em></strong></span> 
     </span>
    </p>

    <p class='ocr_par' dir='ltr' id='par_1_11' title="bbox 165 926 1616 996">
     <span class='ocr_line' id='line_1_12' title="bbox 165 926 1616 996; baseline 0.006 -24"><span class='ocrx_word' id='word_1_103' title='bbox 165 926 243 972; x_wconf 78' lang='grc' dir='ltr'><strong>οὖκ</strong></span> <span class='ocrx_word' id='word_1_104' title='bbox 271 928 436 987; x_wconf 74' lang='grc' dir='ltr'><strong><em>ὄλίγην,’</em></strong></span> <span class='ocrx_word' id='word_1_105' title='bbox 473 931 592 983; x_wconf 80' lang='grc' dir='ltr'><strong><em>τινὰς</em></strong></span> <span class='ocrx_word' id='word_1_106' title='bbox 619 935 666 992; x_wconf 80' lang='grc' dir='ltr'><strong>δὲ</strong></span> <span class='ocrx_word' id='word_1_107' title='bbox 692 936 776 976; x_wconf 73' lang='grc' dir='ltr'><strong>τῶν</strong></span> <span class='ocrx_word' id='word_1_108' title='bbox 804 934 980 988; x_wconf 75' lang='grc' dir='ltr'><strong><em>ἁμαξῶν</em></strong></span> <span class='ocrx_word' id='word_1_109' title='bbox 1007 934 1082 977; x_wconf 77' lang='grc' dir='ltr'><strong>καὶ</strong></span> <span class='ocrx_word' id='word_1_110' title='bbox 1106 935 1373 988; x_wconf 81' lang='grc' dir='ltr'><strong><em>κατακαύσας</em></strong></span> <span class='ocrx_word' id='word_1_111' title='bbox 1402 939 1448 980; x_wconf 77' lang='grc' dir='ltr'><strong>ἐν</strong></span> <span class='ocrx_word' id='word_1_112' title='bbox 1474 942 1531 996; x_wconf 78' lang='grc' dir='ltr'><strong>τῷ</strong></span> <span class='ocrx_word' id='word_1_113' title='bbox 1569 933 1616 979; x_wconf 76' lang='grc' dir='ltr'><strong>ὅ-</strong></span> 
     </span>
    </p>

    <p class='ocr_par' dir='ltr' id='par_1_12' title="bbox 164 992 1617 1059">
     <span class='ocr_line' id='line_1_13' title="bbox 164 992 1617 1059; baseline 0.007 -22"><span class='ocrx_word' id='word_1_114' title='bbox 164 1012 254 1053; x_wconf 84' lang='grc' dir='ltr'><strong><em>ρει,</em></strong></span> <span class='ocrx_word' id='word_1_115' title='bbox 273 995 326 1046; x_wconf 78' lang='grc' dir='ltr'><strong><em>ιῖς</em></strong></span> <span class='ocrx_word' id='word_1_116' title='bbox 352 992 405 1052; x_wconf 81' lang='grc' dir='ltr'><strong>ἦν</strong></span> <span class='ocrx_word' id='word_1_117' title='bbox 431 997 552 1054; x_wconf 80' lang='grc' dir='ltr'><strong><em>ἔργον</em></strong></span> <span class='ocrx_word' id='word_1_118' title='bbox 578 996 752 1045; x_wconf 72' lang='grc' dir='ltr'><strong><em>ἑλκύσαι</em></strong></span> <span class='ocrx_word' id='word_1_119' title='bbox 781 1000 853 1042; x_wconf 81' lang='grc' dir='ltr'><strong><em>διὰ</em></strong></span> <span class='ocrx_word' id='word_1_120' title='bbox 878 1003 1074 1056; x_wconf 72' lang='grc' dir='ltr'><strong><em>κρημνῶν</em></strong></span> <span class='ocrx_word' id='word_1_121' title='bbox 1100 1000 1325 1056; x_wconf 78' lang='grc' dir='ltr'><strong><em>τοσούτων,</em></strong></span> <span class='ocrx_word' id='word_1_122' title='bbox 1346 1005 1391 1053; x_wconf 76' lang='grc' dir='ltr'><strong><em>ἐς</em></strong></span> <span class='ocrx_word' id='word_1_123' title='bbox 1414 1003 1492 1059; x_wconf 72' lang='grc' dir='ltr'><strong>τήν</strong></span> <span class='ocrx_word' id='word_1_124' title='bbox 1518 1008 1617 1046; x_wconf 79' lang='grc' dir='ltr'><strong><em>Λυ-</em></strong></span> 
     </span>
    </p>

    <p class='ocr_par' dir='ltr' id='par_1_13' title="bbox 158 1062 1616 1124">
     <span class='ocr_line' id='line_1_14' title="bbox 158 1062 1616 1124; baseline 0.005 -21"><span class='ocrx_word' id='word_1_125' title='bbox 158 1062 314 1118; x_wconf 84' lang='grc' dir='ltr'><strong><em>χνηδὸν</em></strong></span> <span class='ocrx_word' id='word_1_126' title='bbox 342 1065 593 1120; x_wconf 81' lang='grc' dir='ltr'><strong><em>α’φικνεῖται.</em></strong></span> <span class='ocrx_word' id='word_1_127' title='bbox 650 1065 725 1107; x_wconf 84' lang='grc' dir='ltr'>καί</span> <span class='ocrx_word' id='word_1_128' title='bbox 763 1066 950 1122; x_wconf 73' lang='grc' dir='ltr'><strong><em>εὑρίσκει</em></strong></span> <span class='ocrx_word' id='word_1_129' title='bbox 991 1068 1268 1120; x_wconf 84' lang='grc' dir='ltr'><strong><em>Ἀδαμοίντιον</em></strong></span> <span class='ocrx_word' id='word_1_130' title='bbox 1302 1069 1350 1110; x_wconf 79' lang='grc' dir='ltr'><strong>ἐκ</strong></span> <span class='ocrx_word' id='word_1_131' title='bbox 1388 1072 1464 1124; x_wconf 74' lang='grc' dir='ltr'><strong>τῆς</strong></span> <span class='ocrx_word' id='word_1_132' title='bbox 1509 1067 1616 1124; x_wconf 77' lang='grc' dir='ltr'><strong><em>πρὸς</em></strong></span> 
     </span>
    </p>

    <p class='ocr_par' dir='ltr' id='par_1_14' title="bbox 113 1128 1616 1255">
     <span class='ocr_line' id='line_1_15' title="bbox 166 1128 1616 1189; baseline 0.004 -20"><span class='ocrx_word' id='word_1_133' title='bbox 166 1128 424 1184; x_wconf 82' lang='grc' dir='ltr'><strong><em>Θευδέριχον</em></strong></span> <span class='ocrx_word' id='word_1_134' title='bbox 453 1132 680 1180; x_wconf 68' lang='grc' dir='ltr'><strong><em>συνουσίαις</em></strong></span> <span class='ocrx_word' id='word_1_135' title='bbox 707 1131 1008 1174; x_wconf 71' lang='grc' dir='ltr'><strong><em>ἐπανελθόντα·</em></strong></span> <span class='ocrx_word' id='word_1_136' title='bbox 1053 1133 1106 1174; x_wconf 77' lang='grc' dir='ltr'><strong>οὐ</strong></span> <span class='ocrx_word' id='word_1_137' title='bbox 1137 1132 1218 1187; x_wconf 81' lang='grc' dir='ltr'><strong>γάρ</strong></span> <span class='ocrx_word' id='word_1_138' title='bbox 1248 1151 1314 1175; x_wconf 90' lang='grc' dir='ltr'><strong>πω</strong></span> <span class='ocrx_word' id='word_1_139' title='bbox 1356 1135 1616 1189; x_wconf 82' lang='grc' dir='ltr'><strong><em>Θευδέριχος</em></strong></span> 
     </span>
     <span class='ocr_line' id='line_1_16' title="bbox 113 1191 1616 1255; baseline 0.002 -17"><span class='ocrx_word' id='word_1_140' title='bbox 113 1194 372 1242; x_wconf 72' lang='grc' dir='ltr'><strong><em>ιόἒπέπυστο</em></strong></span> <span class='ocrx_word' id='word_1_141' title='bbox 400 1196 524 1238; x_wconf 81' lang='grc' dir='ltr'><strong><em>ου’δὲν</em></strong></span> <span class='ocrx_word' id='word_1_142' title='bbox 550 1198 632 1239; x_wconf 72' lang='grc' dir='ltr'><strong>τῶν</strong></span> <span class='ocrx_word' id='word_1_143' title='bbox 659 1195 743 1239; x_wconf 76' lang='grc' dir='ltr'><strong>ὕπὸ</strong></span> <span class='ocrx_word' id='word_1_144' title='bbox 759 1200 1016 1251; x_wconf 81' lang='grc' dir='ltr'><strong><em>Σαβινιανοῢ</em></strong></span> <span class='ocrx_word' id='word_1_145' title='bbox 1042 1199 1088 1240; x_wconf 79' lang='grc' dir='ltr'><strong>ἐν</strong></span> <span class='ocrx_word' id='word_1_146' title='bbox 1115 1200 1173 1255; x_wconf 71' lang='grc' dir='ltr'><strong>τῷ</strong></span> <span class='ocrx_word' id='word_1_147' title='bbox 1197 1191 1289 1254; x_wconf 73' lang='grc' dir='ltr'><strong><em>ὄρει</em></strong></span> <span class='ocrx_word' id='word_1_148' title='bbox 1326 1201 1616 1255; x_wconf 73' lang='grc' dir='ltr'><strong><em>πραχθέντων.</em></strong></span> 
     </span>
    </p>

    <p class='ocr_par' dir='ltr' id='par_1_15' title="bbox 166 1254 1615 1321">
     <span class='ocr_line' id='line_1_17' title="bbox 166 1254 1615 1321; baseline 0.002 -19"><span class='ocrx_word' id='word_1_149' title='bbox 166 1258 267 1309; x_wconf 79' lang='grc' dir='ltr'><strong><em>τούς</em></strong></span> <span class='ocrx_word' id='word_1_150' title='bbox 304 1261 383 1314; x_wconf 80' lang='grc' dir='ltr'><strong>μὲν</strong></span> <span class='ocrx_word' id='word_1_151' title='bbox 428 1255 502 1303; x_wconf 74' lang='grc' dir='ltr'><strong>οὖν</strong></span> <span class='ocrx_word' id='word_1_152' title='bbox 541 1263 837 1316; x_wconf 79' lang='grc' dir='ltr'><strong><em>αἰχμαλώτους</em></strong></span> <span class='ocrx_word' id='word_1_153' title='bbox 873 1262 977 1312; x_wconf 78' lang='grc' dir='ltr'><strong><em>τούς</em></strong></span> <span class='ocrx_word' id='word_1_154' title='bbox 1012 1254 1062 1304; x_wconf 70' lang='grc' dir='ltr'><strong>εὖ</strong></span> <span class='ocrx_word' id='word_1_155' title='bbox 1102 1262 1324 1318; x_wconf 84' lang='grc' dir='ltr'><strong><em>γεγονότας</em></strong></span> <span class='ocrx_word' id='word_1_156' title='bbox 1361 1266 1407 1306; x_wconf 83' lang='grc' dir='ltr'><strong>ἐν</strong></span> <span class='ocrx_word' id='word_1_157' title='bbox 1442 1266 1615 1321; x_wconf 82' lang='grc' dir='ltr'><strong><em>φυλακῇ</em></strong></span> 
     </span>
    </p>

    <p class='ocr_par' dir='ltr' id='par_1_16' title="bbox 162 1324 1616 1384">
     <span class='ocr_line' id='line_1_18' title="bbox 162 1324 1616 1384; baseline 0.003 -17"><span class='ocrx_word' id='word_1_158' title='bbox 162 1331 373 1379; x_wconf 61' lang='grc' dir='ltr'><strong><em>ποιεῖται,</em></strong></span> <span class='ocrx_word' id='word_1_159' title='bbox 406 1326 505 1376; x_wconf 80' lang='grc' dir='ltr'><strong><em>τούς</em></strong></span> <span class='ocrx_word' id='word_1_160' title='bbox 536 1329 583 1368; x_wconf 83' lang='grc' dir='ltr'><strong>δὲ</strong></span> <span class='ocrx_word' id='word_1_161' title='bbox 609 1324 763 1376; x_wconf 73' lang='grc' dir='ltr'><strong><em>ἄλλους</em></strong></span> <span class='ocrx_word' id='word_1_162' title='bbox 787 1326 896 1381; x_wconf 76' lang='grc' dir='ltr'><strong><em>μετὰ</em></strong></span> <span class='ocrx_word' id='word_1_163' title='bbox 924 1330 997 1383; x_wconf 83' lang='grc' dir='ltr'><strong>τῆς</strong></span> <span class='ocrx_word' id='word_1_164' title='bbox 1024 1327 1139 1379; x_wconf 85' lang='grc' dir='ltr'><strong><em>λείας</em></strong></span> <span class='ocrx_word' id='word_1_165' title='bbox 1169 1330 1341 1370; x_wconf 79' lang='grc' dir='ltr'><strong><em>διέδωκε</em></strong></span> <span class='ocrx_word' id='word_1_166' title='bbox 1369 1335 1456 1379; x_wconf 84' lang='grc' dir='ltr'><strong><em>τοῖς</em></strong></span> <span class='ocrx_word' id='word_1_167' title='bbox 1483 1346 1616 1384; x_wconf 90' lang='grc' dir='ltr'><strong><em>στρα-</em></strong></span> 
     </span>
    </p>

    <p class='ocr_par' dir='ltr' id='par_1_17' title="bbox 162 1389 1614 1451">
     <span class='ocr_line' id='line_1_19' title="bbox 162 1389 1614 1451; baseline 0.003 -19"><span class='ocrx_word' id='word_1_168' title='bbox 162 1389 346 1441; x_wconf 80' lang='grc' dir='ltr'><strong><em>τιώταις.</em></strong></span> <span class='ocrx_word' id='word_1_169' title='bbox 402 1390 566 1445; x_wconf 76' lang='grc' dir='ltr'><strong><em>ἁμάξας</em></strong></span> <span class='ocrx_word' id='word_1_170' title='bbox 598 1394 745 1446; x_wconf 84' lang='grc' dir='ltr'><strong><em>μέντοι</em></strong></span> <span class='ocrx_word' id='word_1_171' title='bbox 779 1391 937 1442; x_wconf 78' lang='grc' dir='ltr'><strong><em>πολλὰς</em></strong></span> <span class='ocrx_word' id='word_1_172' title='bbox 977 1393 1178 1444; x_wconf 82' lang='grc' dir='ltr'><strong><em>κελεύσας</em></strong></span> <span class='ocrx_word' id='word_1_173' title='bbox 1212 1401 1304 1444; x_wconf 83' lang='grc' dir='ltr'><strong><em>ταῖς</em></strong></span> <span class='ocrx_word' id='word_1_174' title='bbox 1331 1393 1477 1436; x_wconf 84' lang='grc' dir='ltr'><strong><em>πόλεσι</em></strong></span> <span class='ocrx_word' id='word_1_175' title='bbox 1503 1393 1614 1451; x_wconf 81' lang='grc' dir='ltr'><strong><em>πρὸς</em></strong></span> 
     </span>
    </p>

    <p class='ocr_par' dir='ltr' id='par_1_18' title="bbox 109 1455 1720 1582">
     <span class='ocr_line' id='line_1_20' title="bbox 161 1455 1654 1516; baseline 0.001 -17"><span class='ocrx_word' id='word_1_176' title='bbox 161 1455 239 1506; x_wconf 73' lang='grc' dir='ltr'><strong>τὰς</strong></span> <span class='ocrx_word' id='word_1_177' title='bbox 281 1459 360 1499; x_wconf 80' lang='grc' dir='ltr'><strong>τοῦ</strong></span> <span class='ocrx_word' id='word_1_178' title='bbox 395 1460 683 1513; x_wconf 83' lang='grc' dir='ltr'><strong><em>στρατοπέδου</em></strong></span> <span class='ocrx_word' id='word_1_179' title='bbox 722 1459 1037 1501; x_wconf 79' lang='grc' dir='ltr'><strong><em>κατασκευάσαι</em></strong></span> <span class='ocrx_word' id='word_1_180' title='bbox 1061 1462 1234 1515; x_wconf 83' lang='grc' dir='ltr'><strong><em>χρείας,</em></strong></span> <span class='ocrx_word' id='word_1_181' title='bbox 1279 1459 1338 1509; x_wconf 75' lang='grc' dir='ltr'><strong><em>ὥς</em></strong></span> <span class='ocrx_word' id='word_1_182' title='bbox 1366 1458 1654 1516; x_wconf 74' lang='grc' dir='ltr'><strong><em>ἐλήφθησανι)</em></strong></span> 
     </span>
     <span class='ocr_line' id='line_1_21' title="bbox 109 1517 1720 1582; baseline 0.003 -16"><span class='ocrx_word' id='word_1_183' title='bbox 109 1517 318 1576; x_wconf 63' lang='grc' dir='ltr'><strong><em>ποαῦται,</em></strong></span> <span class='ocrx_word' id='word_1_184' title='bbox 361 1524 512 1565; x_wconf 80' lang='grc' dir='ltr'><strong><em>α’πεϊπε</em></strong></span> <span class='ocrx_word' id='word_1_185' title='bbox 547 1530 640 1573; x_wconf 82' lang='grc' dir='ltr'><strong><em>ταῖς</em></strong></span> <span class='ocrx_word' id='word_1_186' title='bbox 681 1522 828 1566; x_wconf 89' lang='grc' dir='ltr'><strong><em>πόλεσι</em></strong></span> <span class='ocrx_word' id='word_1_187' title='bbox 853 1526 986 1580; x_wconf 82' lang='grc' dir='ltr'><strong><em>μηδὲν</em></strong></span> <span class='ocrx_word' id='word_1_188' title='bbox 1012 1525 1306 1579; x_wconf 73' lang='grc' dir='ltr'><strong><em>ἐνοχλεῖσθαι,</em></strong></span> <span class='ocrx_word' id='word_1_189' title='bbox 1338 1524 1396 1575; x_wconf 76' lang='grc' dir='ltr'><strong><em>ὥς</em></strong></span> <span class='ocrx_word' id='word_1_190' title='bbox 1423 1525 1502 1574; x_wconf 79' lang='grc' dir='ltr'><strong>τὰς</strong></span> <span class='ocrx_word' id='word_1_191' title='bbox 1529 1527 1720 1582; x_wconf 47' lang='lat' dir='ltr'><strong>‹lp-vsa</strong></span> 
     </span>
    </p>

    <p class='ocr_par' dir='ltr' id='par_1_19' title="bbox 163 1588 1615 1648">
     <span class='ocr_line' id='line_1_22' title="bbox 163 1588 1615 1648; baseline 0.002 -18"><span class='ocrx_word' id='word_1_192' title='bbox 163 1588 318 1638; x_wconf 83' lang='grc' dir='ltr'><strong><em>κούσας</em></strong></span> <span class='ocrx_word' id='word_1_193' title='bbox 344 1588 463 1644; x_wconf 80' lang='grc' dir='ltr'><strong><em>ἔχων.</em></strong></span> <span class='ocrx_word' id='word_1_194' title='bbox 490 1588 598 1643; x_wconf 75' lang='grc' dir='ltr'><strong><em>μετὰ</em></strong></span> <span class='ocrx_word' id='word_1_195' title='bbox 628 1592 675 1633; x_wconf 81' lang='grc' dir='ltr'><strong>δὲ</strong></span> <span class='ocrx_word' id='word_1_196' title='bbox 702 1593 833 1632; x_wconf 81' lang='grc' dir='ltr'><strong><em>ταῦτα</em></strong></span> <span class='ocrx_word' id='word_1_197' title='bbox 858 1588 1016 1646; x_wconf 81' lang='grc' dir='ltr'><strong><em>γράφει</em></strong></span> <span class='ocrx_word' id='word_1_198' title='bbox 1040 1593 1120 1644; x_wconf 84' lang='grc' dir='ltr'><strong>μὲν</strong></span> <span class='ocrx_word' id='word_1_199' title='bbox 1146 1589 1421 1644; x_wconf 79' lang='grc' dir='ltr'><strong><em>Ἀδαμᾰντιος</em></strong></span> <span class='ocrx_word' id='word_1_200' title='bbox 1448 1594 1506 1648; x_wconf 79' lang='grc' dir='ltr'><strong>τῷ</strong></span> <span class='ocrx_word' id='word_1_201' title='bbox 1533 1595 1615 1644; x_wconf 89' lang='grc' dir='ltr'><strong>βα-</strong></span> 
     </span>
    </p>

    <p class='ocr_par' dir='ltr' id='par_1_20' title="bbox 163 1654 1615 1714">
     <span class='ocr_line' id='line_1_23' title="bbox 163 1654 1615 1714; baseline 0 -15"><span class='ocrx_word' id='word_1_202' title='bbox 163 1658 294 1709; x_wconf 77' lang='grc' dir='ltr'><strong><em>σιλεῖ,</em></strong></span> <span class='ocrx_word' id='word_1_203' title='bbox 324 1654 380 1705; x_wconf 80' lang='grc' dir='ltr'><strong><em>ὥς</em></strong></span> <span class='ocrx_word' id='word_1_204' title='bbox 406 1654 639 1710; x_wconf 73' lang='grc' dir='ltr'><strong><em>ὑπέσχετο,</em></strong></span> <span class='ocrx_word' id='word_1_205' title='bbox 678 1654 730 1699; x_wconf 78' lang='grc' dir='ltr'><strong>τὰ</strong></span> <span class='ocrx_word' id='word_1_206' title='bbox 761 1655 865 1713; x_wconf 82' lang='grc' dir='ltr'><strong><em>πρὸς</em></strong></span> <span class='ocrx_word' id='word_1_207' title='bbox 896 1657 1155 1712; x_wconf 82' lang='grc' dir='ltr'><strong><em>Θευδέριχον</em></strong></span> <span class='ocrx_word' id='word_1_208' title='bbox 1183 1658 1300 1714; x_wconf 71' lang='grc' dir='ltr'><strong><em>αὐτῷ</em></strong></span> <span class='ocrx_word' id='word_1_209' title='bbox 1327 1658 1615 1711; x_wconf 83' lang='grc' dir='ltr'><strong><em>διειλεγμένοι·</em></strong></span> 
     </span>
    </p>
   </div>
   <div class='ocr_carea' id='block_1_3' title="bbox 254 1760 1611 1854">
    <p class='ocr_par' dir='ltr' id='par_1_21' title="bbox 254 1760 1611 1854">
     <span class='ocr_line' id='line_1_24' title="bbox 254 1760 1611 1807; baseline -0.001 -11"><span class='ocrx_word' id='word_1_210' title='bbox 254 1774 286 1796; x_wconf 81' lang='lat'><strong>2.</strong></span> <span class='ocrx_word' id='word_1_211' title='bbox 312 1760 541 1799; x_wconf 69' lang='grc' dir='ltr'><strong><em>ἀναλύοντες</em></strong></span> <span class='ocrx_word' id='word_1_212' title='bbox 565 1762 656 1796; x_wconf 89' lang='lat' dir='ltr'><strong>coni.</strong></span> <span class='ocrx_word' id='word_1_213' title='bbox 670 1760 713 1794; x_wconf 88' lang='lat' dir='ltr'><strong>N.</strong></span> <span class='ocrx_word' id='word_1_214' title='bbox 807 1763 839 1797; x_wconf 88' lang='grc'><strong>3.</strong></span> <span class='ocrx_word' id='word_1_215' title='bbox 868 1761 1065 1802; x_wconf 76' lang='grc' dir='ltr'><strong><em>ἔπέζευκτο</em></strong></span> <span class='ocrx_word' id='word_1_216' title='bbox 1093 1761 1150 1802; x_wconf 87' lang='grc' dir='ltr'><strong>Ν.,</strong></span> <span class='ocrx_word' id='word_1_217' title='bbox 1176 1760 1384 1802; x_wconf 77' lang='grc' dir='ltr'><strong><em>ὑπέζευκτο</em></strong></span> <span class='ocrx_word' id='word_1_218' title='bbox 1411 1763 1506 1807; x_wconf 80' lang='lat' dir='ltr'><strong>vulg.</strong></span> <span class='ocrx_word' id='word_1_219' title='bbox 1559 1775 1611 1797; x_wconf 89' lang='grc' dir='ltr'><strong>ιο.</strong></span> 
     </span>
     <span class='ocr_line' id='line_1_25' title="bbox 255 1806 1254 1854; baseline 0.001 -12"><span class='ocrx_word' id='word_1_220' title='bbox 255 1818 296 1842; x_wconf 79' lang='grc' dir='ltr'><strong>τε</strong></span> <span class='ocrx_word' id='word_1_221' title='bbox 310 1808 392 1842; x_wconf 89' lang='lat' dir='ltr'><strong>add.</strong></span> <span class='ocrx_word' id='word_1_222' title='bbox 416 1808 461 1841; x_wconf 86' lang='lat' dir='ltr'><strong>N.</strong></span> <span class='ocrx_word' id='word_1_223' title='bbox 558 1809 610 1852; x_wconf 74' lang='lat'><strong>¹4·</strong></span> <span class='ocrx_word' id='word_1_224' title='bbox 634 1817 711 1841; x_wconf 89' lang='grc' dir='ltr'><strong>που</strong></span> <span class='ocrx_word' id='word_1_225' title='bbox 736 1807 830 1852; x_wconf 84' lang='lat' dir='ltr'><strong>vulg.</strong></span> <span class='ocrx_word' id='word_1_226' title='bbox 930 1809 982 1846; x_wconf 83' lang='lat'><strong>15.</strong></span> <span class='ocrx_word' id='word_1_227' title='bbox 1003 1806 1134 1843; x_wconf 74' lang='grc' dir='ltr'><strong><em>οὐδενὶ</em></strong></span> <span class='ocrx_word' id='word_1_228' title='bbox 1158 1809 1254 1854; x_wconf 82' lang='lat' dir='ltr'>vulg.</span> 
     </span>
    </p>
   </div>
   <div class='ocr_carea' id='block_1_4' title="bbox 164 1901 1616 2788">
    <p class='ocr_par' dir='ltr' id='par_1_22' title="bbox 164 1901 1616 2788">
     <span class='ocr_line' id='line_1_26' title="bbox 167 1901 1614 1948; baseline -0.001 -11"><span class='ocrx_word' id='word_1_229' title='bbox 167 1907 273 1945; x_wconf 75' lang='lat' dir='ltr'><strong>runt,</strong></span> <span class='ocrx_word' id='word_1_230' title='bbox 302 1903 470 1937; x_wconf 83' lang='lat' dir='ltr'>celeriter</span> <span class='ocrx_word' id='word_1_231' title='bbox 493 1903 533 1935; x_wconf 89' lang='lat' dir='ltr'><strong>in</strong></span> <span class='ocrx_word' id='word_1_232' title='bbox 555 1902 748 1947; x_wconf 72' lang='lat' dir='ltr'><strong>planitiem</strong></span> <span class='ocrx_word' id='word_1_233' title='bbox 773 1901 889 1948; x_wconf 89' lang='lat' dir='ltr'><strong>elapsi</strong></span> <span class='ocrx_word' id='word_1_234' title='bbox 914 1907 951 1936; x_wconf 89' lang='lat' dir='ltr'><strong>et</strong></span> <span class='ocrx_word' id='word_1_235' title='bbox 973 1908 1147 1948; x_wconf 88' lang='lat' dir='ltr'><strong>pontem,</strong></span> <span class='ocrx_word' id='word_1_236' title='bbox 1172 1903 1231 1935; x_wconf 89' lang='lat' dir='ltr'><strong>cui</strong></span> <span class='ocrx_word' id='word_1_237' title='bbox 1257 1903 1406 1936; x_wconf 79' lang='lat' dir='ltr'>suberat</span> <span class='ocrx_word' id='word_1_238' title='bbox 1428 1903 1526 1936; x_wconf 85' lang='lat' dir='ltr'><strong>fossa</strong></span> <span class='ocrx_word' id='word_1_239' title='bbox 1551 1905 1614 1937; x_wconf 88' lang='lat' dir='ltr'><strong>in-</strong></span> 
     </span>
     <span class='ocr_line' id='line_1_27' title="bbox 168 1948 1615 1997; baseline 0.001 -14"><span class='ocrx_word' id='word_1_240' title='bbox 168 1953 268 1997; x_wconf 87' lang='lat' dir='ltr'><strong>genti</strong></span> <span class='ocrx_word' id='word_1_241' title='bbox 285 1949 550 1995; x_wconf 81' lang='lat' dir='ltr'>profunditate,</span> <span class='ocrx_word' id='word_1_242' title='bbox 577 1949 788 1993; x_wconf 85' lang='lat' dir='ltr'><strong>transgressi</strong></span> <span class='ocrx_word' id='word_1_243' title='bbox 813 1953 909 1989; x_wconf 87' lang='lat' dir='ltr'><strong>sunt,</strong></span> <span class='ocrx_word' id='word_1_244' title='bbox 936 1959 1008 1995; x_wconf 88' lang='lat' dir='ltr'><strong>quo</strong></span> <span class='ocrx_word' id='word_1_245' title='bbox 1033 1948 1213 1982; x_wconf 85' lang='lat' dir='ltr'><strong>dissoluto</strong></span> <span class='ocrx_word' id='word_1_246' title='bbox 1233 1951 1525 1993; x_wconf 84' lang='lat' dir='ltr'><strong>persecutionem</strong></span> <span class='ocrx_word' id='word_1_247' title='bbox 1549 1962 1615 1984; x_wconf 88' lang='lat' dir='ltr'><strong>eo-</strong></span> 
     </span>
     <span class='ocr_line' id='line_1_28' title="bbox 164 1994 1614 2043; baseline -0.001 -11"><span class='ocrx_word' id='word_1_248' title='bbox 164 2006 270 2038; x_wconf 73' lang='lat' dir='ltr'><strong>rum,</strong></span> <span class='ocrx_word' id='word_1_249' title='bbox 308 1998 373 2043; x_wconf 85' lang='lat' dir='ltr'><strong>qui</strong></span> <span class='ocrx_word' id='word_1_250' title='bbox 406 1997 447 2030; x_wconf 88' lang='lat' dir='ltr'><strong>in</strong></span> <span class='ocrx_word' id='word_1_251' title='bbox 475 1996 626 2029; x_wconf 87' lang='lat' dir='ltr'><strong>alteram</strong></span> <span class='ocrx_word' id='word_1_252' title='bbox 660 1997 776 2039; x_wconf 83' lang='lat' dir='ltr'>ripam</span> <span class='ocrx_word' id='word_1_253' title='bbox 810 2001 1068 2040; x_wconf 86' lang='lat' dir='ltr'><strong>pervenerant,</strong></span> <span class='ocrx_word' id='word_1_254' title='bbox 1105 1994 1273 2029; x_wconf 80' lang='lat' dir='ltr'><strong>hostibus</strong></span> <span class='ocrx_word' id='word_1_255' title='bbox 1308 1996 1614 2039; x_wconf 86' lang='lat' dir='ltr'><strong>intercluserunt;</strong></span> 
     </span>
     <span class='ocr_line' id='line_1_29' title="bbox 167 2041 1615 2090; baseline -0.002 -12"><span class='ocrx_word' id='word_1_256' title='bbox 167 2043 322 2090; x_wconf 86' lang='lat' dir='ltr'><strong>reliquis</strong></span> <span class='ocrx_word' id='word_1_257' title='bbox 355 2049 477 2076; x_wconf 90' lang='lat' dir='ltr'><strong>autem</strong></span> <span class='ocrx_word' id='word_1_258' title='bbox 502 2053 648 2076; x_wconf 91' lang='lat' dir='ltr'><strong>suorum</strong></span> <span class='ocrx_word' id='word_1_259' title='bbox 671 2053 692 2074; x_wconf 87' lang='lat' dir='ltr'><strong>a</strong></span> <span class='ocrx_word' id='word_1_260' title='bbox 720 2047 833 2087; x_wconf 87' lang='lat' dir='ltr'><strong>ponte</strong></span> <span class='ocrx_word' id='word_1_261' title='bbox 866 2041 1020 2075; x_wconf 84' lang='lat' dir='ltr'><strong>exclusis</strong></span> <span class='ocrx_word' id='word_1_262' title='bbox 1054 2042 1175 2085; x_wconf 83' lang='lat' dir='ltr'><strong>fugam</strong></span> <span class='ocrx_word' id='word_1_263' title='bbox 1198 2041 1413 2086; x_wconf 85' lang='lat' dir='ltr'><strong>impeditam</strong></span> <span class='ocrx_word' id='word_1_264' title='bbox 1438 2043 1615 2077; x_wconf 81' lang='lat' dir='ltr'><strong>reddide-</strong></span> 
     </span>
     <span class='ocr_line' id='line_1_30' title="bbox 168 2088 1615 2136; baseline -0.001 -12"><span class='ocrx_word' id='word_1_265' title='bbox 168 2097 267 2124; x_wconf 89' lang='lat' dir='ltr'><strong>runt.</strong></span> <span class='ocrx_word' id='word_1_266' title='bbox 314 2090 362 2124; x_wconf 89' lang='lat' dir='ltr'><strong>At</strong></span> <span class='ocrx_word' id='word_1_267' title='bbox 385 2090 444 2124; x_wconf 85' lang='lat' dir='ltr'><strong>illi</strong></span> <span class='ocrx_word' id='word_1_268' title='bbox 459 2101 548 2135; x_wconf 81' lang='lat' dir='ltr'><strong>prae</strong></span> <span class='ocrx_word' id='word_1_269' title='bbox 566 2088 842 2134; x_wconf 80' lang='lat' dir='ltr'><strong>desperatione,</strong></span> <span class='ocrx_word' id='word_1_270' title='bbox 871 2099 953 2121; x_wconf 91' lang='lat' dir='ltr'><strong>cum</strong></span> <span class='ocrx_word' id='word_1_271' title='bbox 971 2088 1078 2132; x_wconf 88' lang='lat' dir='ltr'><strong>pauci</strong></span> <span class='ocrx_word' id='word_1_272' title='bbox 1094 2093 1234 2128; x_wconf 87' lang='lat' dir='ltr'><strong>essent,</strong></span> <span class='ocrx_word' id='word_1_273' title='bbox 1258 2088 1296 2122; x_wconf 93' lang='lat' dir='ltr'><strong>in</strong></span> <span class='ocrx_word' id='word_1_274' title='bbox 1311 2090 1490 2122; x_wconf 88' lang='lat' dir='ltr'><strong>Romanos</strong></span> <span class='ocrx_word' id='word_1_275' title='bbox 1507 2090 1615 2136; x_wconf 88' lang='lat' dir='ltr'><strong>equi-</strong></span> 
     </span>
     <span class='ocr_line' id='line_1_31' title="bbox 168 2134 1616 2181; baseline -0.001 -10"><span class='ocrx_word' id='word_1_276' title='bbox 168 2143 225 2172; x_wconf 79' lang='lat' dir='ltr'><strong>tes</strong></span> <span class='ocrx_word' id='word_1_277' title='bbox 259 2138 463 2178; x_wconf 87' lang='lat' dir='ltr'><strong>irruerunt,</strong></span> <span class='ocrx_word' id='word_1_278' title='bbox 497 2135 562 2170; x_wconf 87' lang='lat' dir='ltr'><strong>sed</strong></span> <span class='ocrx_word' id='word_1_279' title='bbox 597 2136 662 2169; x_wconf 90' lang='lat' dir='ltr'><strong>ubi</strong></span> <span class='ocrx_word' id='word_1_280' title='bbox 695 2135 935 2168; x_wconf 84' lang='lat' dir='ltr'><strong>Romanorum</strong></span> <span class='ocrx_word' id='word_1_281' title='bbox 965 2134 1107 2179; x_wconf 81' lang='lat' dir='ltr'><strong>pedites</strong></span> <span class='ocrx_word' id='word_1_282' title='bbox 1137 2146 1181 2168; x_wconf 78' lang='lat' dir='ltr'><strong>ex</strong></span> <span class='ocrx_word' id='word_1_283' title='bbox 1213 2136 1412 2180; x_wconf 87' lang='lat' dir='ltr'><strong>composito</strong></span> <span class='ocrx_word' id='word_1_284' title='bbox 1436 2147 1616 2181; x_wconf 85' lang='lat' dir='ltr'><strong>prorupe-</strong></span> 
     </span>
     <span class='ocr_line' id='line_1_32' title="bbox 170 2181 1615 2228; baseline -0.001 -10"><span class='ocrx_word' id='word_1_285' title='bbox 170 2189 275 2225; x_wconf 86' lang='lat' dir='ltr'><strong>runt,</strong></span> <span class='ocrx_word' id='word_1_286' title='bbox 306 2184 360 2217; x_wconf 88' lang='lat' dir='ltr'><strong>ita</strong></span> <span class='ocrx_word' id='word_1_287' title='bbox 383 2183 505 2217; x_wconf 88' lang='lat' dir='ltr'><strong>hostes</strong></span> <span class='ocrx_word' id='word_1_288' title='bbox 530 2188 629 2227; x_wconf 87' lang='lat' dir='ltr'><strong>terga</strong></span> <span class='ocrx_word' id='word_1_289' title='bbox 653 2186 864 2222; x_wconf 87' lang='lat' dir='ltr'><strong>verterunt,</strong></span> <span class='ocrx_word' id='word_1_290' title='bbox 900 2185 942 2213; x_wconf 90' lang='lat' dir='ltr'><strong>ut</strong></span> <span class='ocrx_word' id='word_1_291' title='bbox 971 2181 1103 2226; x_wconf 86' lang='lat' dir='ltr'><strong>partim</strong></span> <span class='ocrx_word' id='word_1_292' title='bbox 1137 2182 1176 2214; x_wconf 92' lang='lat' dir='ltr'><strong>in</strong></span> <span class='ocrx_word' id='word_1_293' title='bbox 1210 2182 1375 2228; x_wconf 85' lang='lat' dir='ltr'><strong>equites,</strong></span> <span class='ocrx_word' id='word_1_294' title='bbox 1414 2182 1548 2227; x_wconf 89' lang='lat' dir='ltr'><strong>partim</strong></span> <span class='ocrx_word' id='word_1_295' title='bbox 1573 2184 1615 2216; x_wconf 87' lang='lat' dir='ltr'><strong>in</strong></span> 
     </span>
     <span class='ocr_line' id='line_1_33' title="bbox 170 2226 1616 2276; baseline -0.001 -13"><span class='ocrx_word' id='word_1_296' title='bbox 170 2230 314 2276; x_wconf 84' lang='lat' dir='ltr'><strong>pedites</strong></span> <span class='ocrx_word' id='word_1_297' title='bbox 338 2229 544 2264; x_wconf 83' lang='lat' dir='ltr'><strong>inciderent</strong></span> <span class='ocrx_word' id='word_1_298' title='bbox 568 2235 605 2263; x_wconf 90' lang='lat' dir='ltr'><strong>et</strong></span> <span class='ocrx_word' id='word_1_299' title='bbox 631 2227 908 2263; x_wconf 87' lang='lat' dir='ltr'><strong>trucidarentur.</strong></span> <span class='ocrx_word' id='word_1_300' title='bbox 957 2226 1179 2261; x_wconf 85' lang='lat' dir='ltr'><strong>Sabinianus</strong></span> <span class='ocrx_word' id='word_1_301' title='bbox 1217 2238 1387 2261; x_wconf 88' lang='lat' dir='ltr'><strong>curruum</strong></span> <span class='ocrx_word' id='word_1_302' title='bbox 1420 2228 1515 2271; x_wconf 89' lang='lat' dir='ltr'><strong>duo,</strong></span> <span class='ocrx_word' id='word_1_303' title='bbox 1553 2240 1616 2263; x_wconf 91' lang='lat' dir='ltr'><strong>ca-</strong></span> 
     </span>
     <span class='ocr_line' id='line_1_34' title="bbox 170 2274 1613 2323; baseline -0.001 -13"><span class='ocrx_word' id='word_1_304' title='bbox 170 2277 353 2323; x_wconf 88' lang='lat' dir='ltr'><strong>ptivorum</strong></span> <span class='ocrx_word' id='word_1_305' title='bbox 378 2277 473 2322; x_wconf 88' lang='lat' dir='ltr'><strong>plus,</strong></span> <span class='ocrx_word' id='word_1_306' title='bbox 498 2287 606 2322; x_wconf 88' lang='lat' dir='ltr'><strong>quam</strong></span> <span class='ocrx_word' id='word_1_307' title='bbox 638 2276 802 2322; x_wconf 87' lang='lat' dir='ltr'><strong>quinque</strong></span> <span class='ocrx_word' id='word_1_308' title='bbox 836 2274 966 2313; x_wconf 87' lang='lat' dir='ltr'><strong>millia,</strong></span> <span class='ocrx_word' id='word_1_309' title='bbox 990 2274 1109 2319; x_wconf 87' lang='lat' dir='ltr'><strong>cepit,</strong></span> <span class='ocrx_word' id='word_1_310' title='bbox 1134 2279 1171 2307; x_wconf 89' lang='lat' dir='ltr'><strong>et</strong></span> <span class='ocrx_word' id='word_1_311' title='bbox 1193 2285 1268 2307; x_wconf 91' lang='lat' dir='ltr'><strong>non</strong></span> <span class='ocrx_word' id='word_1_312' title='bbox 1291 2286 1419 2320; x_wconf 89' lang='lat' dir='ltr'><strong>parum</strong></span> <span class='ocrx_word' id='word_1_313' title='bbox 1442 2275 1613 2320; x_wconf 80' lang='lat' dir='ltr'><strong>praedae.</strong></span> 
     </span>
     <span class='ocr_line' id='line_1_35' title="bbox 174 2320 1614 2368; baseline -0.001 -11"><span class='ocrx_word' id='word_1_314' title='bbox 174 2322 349 2357; x_wconf 87' lang='lat' dir='ltr'><strong>Curribus</strong></span> <span class='ocrx_word' id='word_1_315' title='bbox 373 2329 495 2357; x_wconf 84' lang='lat' dir='ltr'><strong>tamen</strong></span> <span class='ocrx_word' id='word_1_316' title='bbox 519 2324 684 2368; x_wconf 85' lang='lat' dir='ltr'><strong>aliquot,</strong></span> <span class='ocrx_word' id='word_1_317' title='bbox 710 2333 801 2367; x_wconf 90' lang='lat' dir='ltr'><strong>quos</strong></span> <span class='ocrx_word' id='word_1_318' title='bbox 827 2320 972 2354; x_wconf 87' lang='lat' dir='ltr'><strong>difficile</strong></span> <span class='ocrx_word' id='word_1_319' title='bbox 994 2321 1124 2354; x_wconf 86' lang='lat' dir='ltr'><strong>fuisset</strong></span> <span class='ocrx_word' id='word_1_320' title='bbox 1145 2332 1212 2365; x_wconf 85' lang='lat' dir='ltr'><strong>per</strong></span> <span class='ocrx_word' id='word_1_321' title='bbox 1235 2325 1290 2354; x_wconf 85' lang='lat' dir='ltr'><strong>tot</strong></span> <span class='ocrx_word' id='word_1_322' title='bbox 1313 2327 1507 2366; x_wconf 84' lang='lat' dir='ltr'><strong>praerupta</strong></span> <span class='ocrx_word' id='word_1_323' title='bbox 1533 2323 1614 2356; x_wconf 83' lang='lat' dir='ltr'><strong>loca</strong></span> 
     </span>
     <span class='ocr_line' id='line_1_36' title="bbox 174 2366 1614 2415; baseline 0 -12"><span class='ocrx_word' id='word_1_324' title='bbox 174 2380 301 2415; x_wconf 83' lang='lat' dir='ltr'><strong>agere,</strong></span> <span class='ocrx_word' id='word_1_325' title='bbox 338 2371 378 2403; x_wconf 92' lang='lat' dir='ltr'><strong>in</strong></span> <span class='ocrx_word' id='word_1_326' title='bbox 408 2375 532 2404; x_wconf 89' lang='lat' dir='ltr'><strong>monte</strong></span> <span class='ocrx_word' id='word_1_327' title='bbox 564 2370 732 2409; x_wconf 85' lang='lat' dir='ltr'><strong>incensis,</strong></span> <span class='ocrx_word' id='word_1_328' title='bbox 758 2366 983 2412; x_wconf 86' lang='lat' dir='ltr'><strong>Lychnidum</strong></span> <span class='ocrx_word' id='word_1_329' title='bbox 1028 2368 1239 2402; x_wconf 87' lang='lat' dir='ltr'><strong>revertitur:</strong></span> <span class='ocrx_word' id='word_1_330' title='bbox 1275 2367 1336 2402; x_wconf 88' lang='lat' dir='ltr'><strong>hic</strong></span> <span class='ocrx_word' id='word_1_331' title='bbox 1358 2367 1614 2403; x_wconf 75' lang='lat' dir='ltr'><strong>Adamantium</strong></span> 
     </span>
     <span class='ocr_line' id='line_1_37' title="bbox 175 2412 1614 2462; baseline -0.002 -11"><span class='ocrx_word' id='word_1_332' title='bbox 175 2417 330 2462; x_wconf 82' lang='lat' dir='ltr'><strong>reperit,</strong></span> <span class='ocrx_word' id='word_1_333' title='bbox 365 2418 430 2462; x_wconf 88' lang='lat' dir='ltr'><strong>qui</strong></span> <span class='ocrx_word' id='word_1_334' title='bbox 453 2428 473 2450; x_wconf 93' lang='lat' dir='ltr'><strong>a</strong></span> <span class='ocrx_word' id='word_1_335' title='bbox 498 2417 683 2461; x_wconf 89' lang='lat' dir='ltr'><strong>colloquio</strong></span> <span class='ocrx_word' id='word_1_336' title='bbox 716 2426 796 2461; x_wconf 82' lang='lat' dir='ltr'><strong>cum</strong></span> <span class='ocrx_word' id='word_1_337' title='bbox 821 2412 1075 2447; x_wconf 87' lang='lat' dir='ltr'><strong>Theudericho</strong></span> <span class='ocrx_word' id='word_1_338' title='bbox 1100 2414 1269 2448; x_wconf 85' lang='lat' dir='ltr'><strong>redierat.</strong></span> <span class='ocrx_word' id='word_1_339' title='bbox 1311 2414 1490 2454; x_wconf 59' lang='lat' dir='ltr'><strong>Rondum</strong></span> <span class='ocrx_word' id='word_1_340' title='bbox 1514 2416 1614 2448; x_wconf 87' lang='lat' dir='ltr'><strong>enim</strong></span> 
     </span>
     <span class='ocr_line' id='line_1_38' title="bbox 176 2459 1611 2508; baseline -0.003 -10"><span class='ocrx_word' id='word_1_341' title='bbox 176 2463 474 2505; x_wconf 86' lang='lat' dir='ltr'><strong>Theuderichus‚</strong></span> <span class='ocrx_word' id='word_1_342' title='bbox 511 2474 605 2508; x_wconf 89' lang='lat' dir='ltr'><strong>quae</strong></span> <span class='ocrx_word' id='word_1_343' title='bbox 630 2464 670 2495; x_wconf 89' lang='lat' dir='ltr'><strong>in</strong></span> <span class='ocrx_word' id='word_1_344' title='bbox 694 2467 816 2495; x_wconf 90' lang='lat' dir='ltr'><strong>monte</strong></span> <span class='ocrx_word' id='word_1_345' title='bbox 839 2471 860 2492; x_wconf 89' lang='lat' dir='ltr'><strong>a</strong></span> <span class='ocrx_word' id='word_1_346' title='bbox 886 2459 1083 2494; x_wconf 87' lang='lat' dir='ltr'><strong>Sabiniano</strong></span> <span class='ocrx_word' id='word_1_347' title='bbox 1109 2466 1207 2505; x_wconf 83' lang='lat' dir='ltr'><strong>gesta</strong></span> <span class='ocrx_word' id='word_1_348' title='bbox 1231 2467 1351 2502; x_wconf 85' lang='lat' dir='ltr'><strong>erant,</strong></span> <span class='ocrx_word' id='word_1_349' title='bbox 1386 2468 1611 2506; x_wconf 84' lang='lat' dir='ltr'><strong>cognoverat.</strong></span> 
     </span>
     <span class='ocr_line' id='line_1_39' title="bbox 179 2505 1612 2554; baseline -0.001 -11"><span class='ocrx_word' id='word_1_350' title='bbox 179 2510 411 2554; x_wconf 87' lang='lat' dir='ltr'><strong>Captivorum</strong></span> <span class='ocrx_word' id='word_1_351' title='bbox 435 2515 556 2543; x_wconf 90' lang='lat' dir='ltr'><strong>autem</strong></span> <span class='ocrx_word' id='word_1_352' title='bbox 581 2509 782 2543; x_wconf 85' lang='lat' dir='ltr'><strong>nobiliores</strong></span> <span class='ocrx_word' id='word_1_353' title='bbox 818 2505 1004 2540; x_wconf 84' lang='lat' dir='ltr'><strong>custodiae</strong></span> <span class='ocrx_word' id='word_1_354' title='bbox 1039 2507 1209 2548; x_wconf 84' lang='lat' dir='ltr'><strong>tradidit,</strong></span> <span class='ocrx_word' id='word_1_355' title='bbox 1245 2507 1405 2554; x_wconf 78' lang='lat' dir='ltr'><strong>reliquos</strong></span> <span class='ocrx_word' id='word_1_356' title='bbox 1429 2508 1612 2542; x_wconf 87' lang='lat' dir='ltr'><strong>militibus</strong></span> 
     </span>
     <span class='ocr_line' id='line_1_40' title="bbox 179 2553 1613 2602; baseline -0.002 -10"><span class='ocrx_word' id='word_1_357' title='bbox 179 2567 263 2592; x_wconf 81' lang='lat' dir='ltr'><strong>cum</strong></span> <span class='ocrx_word' id='word_1_358' title='bbox 296 2556 431 2602; x_wconf 86' lang='lat' dir='ltr'><strong>praeda</strong></span> <span class='ocrx_word' id='word_1_359' title='bbox 462 2555 660 2590; x_wconf 87' lang='lat' dir='ltr'><strong>distribuit.</strong></span> <span class='ocrx_word' id='word_1_360' title='bbox 709 2556 754 2588; x_wconf 90' lang='lat' dir='ltr'><strong>Et</strong></span> <span class='ocrx_word' id='word_1_361' title='bbox 788 2565 867 2587; x_wconf 90' lang='lat' dir='ltr'><strong>cum</strong></span> <span class='ocrx_word' id='word_1_362' title='bbox 900 2564 973 2588; x_wconf 90' lang='lat' dir='ltr'><strong>non</strong></span> <span class='ocrx_word' id='word_1_363' title='bbox 1002 2553 1117 2587; x_wconf 82' lang='lat' dir='ltr'><strong>multo</strong></span> <span class='ocrx_word' id='word_1_364' title='bbox 1136 2560 1233 2599; x_wconf 52' lang='lat' dir='ltr'><strong>⁴ante</strong></span> <span class='ocrx_word' id='word_1_365' title='bbox 1266 2566 1331 2598; x_wconf 89' lang='lat' dir='ltr'><strong>per</strong></span> <span class='ocrx_word' id='word_1_366' title='bbox 1367 2555 1530 2588; x_wconf 80' lang='lat' dir='ltr'><strong>civitates</strong></span> <span class='ocrx_word' id='word_1_367' title='bbox 1566 2555 1613 2589; x_wconf 85' lang='lat' dir='ltr'><strong>ad</strong></span> 
     </span>
     <span class='ocr_line' id='line_1_41' title="bbox 179 2601 1612 2647; baseline -0.001 -11"><span class='ocrx_word' id='word_1_368' title='bbox 179 2614 286 2636; x_wconf 87' lang='lat' dir='ltr'><strong>usum</strong></span> <span class='ocrx_word' id='word_1_369' title='bbox 308 2603 486 2636; x_wconf 77' lang='lat' dir='ltr'><strong>exercitus</strong></span> <span class='ocrx_word' id='word_1_370' title='bbox 511 2614 635 2636; x_wconf 84' lang='lat' dir='ltr'><strong>currus</strong></span> <span class='ocrx_word' id='word_1_371' title='bbox 659 2601 926 2647; x_wconf 88' lang='lat' dir='ltr'><strong>praeparandos</strong></span> <span class='ocrx_word' id='word_1_372' title='bbox 949 2602 1177 2643; x_wconf 84' lang='lat' dir='ltr'><strong>imperasset,</strong></span> <span class='ocrx_word' id='word_1_373' title='bbox 1205 2607 1246 2634; x_wconf 90' lang='lat' dir='ltr'><strong>ut</strong></span> <span class='ocrx_word' id='word_1_374' title='bbox 1267 2601 1347 2634; x_wconf 80' lang='lat' dir='ltr'><strong>istis</strong></span> <span class='ocrx_word' id='word_1_375' title='bbox 1371 2607 1426 2634; x_wconf 90' lang='lat' dir='ltr'><strong>est</strong></span> <span class='ocrx_word' id='word_1_376' title='bbox 1451 2603 1612 2646; x_wconf 86' lang='lat' dir='ltr'><strong>potitus,</strong></span> 
     </span>
     <span class='ocr_line' id='line_1_42' title="bbox 179 2645 1614 2694; baseline -0.003 -10"><span class='ocrx_word' id='word_1_377' title='bbox 179 2649 298 2687; x_wconf 84' lang='lat' dir='ltr'><strong>vetuit</strong></span> <span class='ocrx_word' id='word_1_378' title='bbox 321 2650 482 2684; x_wconf 87' lang='lat' dir='ltr'><strong>civitates</strong></span> <span class='ocrx_word' id='word_1_379' title='bbox 507 2649 662 2694; x_wconf 89' lang='lat' dir='ltr'><strong>amplius</strong></span> <span class='ocrx_word' id='word_1_380' title='bbox 688 2647 733 2682; x_wconf 93' lang='lat' dir='ltr'><strong>de</strong></span> <span class='ocrx_word' id='word_1_381' title='bbox 759 2646 922 2680; x_wconf 87' lang='lat' dir='ltr'><strong>curribus</strong></span> <span class='ocrx_word' id='word_1_382' title='bbox 946 2645 1131 2687; x_wconf 81' lang='lat' dir='ltr'><strong>laborare,</strong></span> <span class='ocrx_word' id='word_1_383' title='bbox 1160 2646 1247 2692; x_wconf 86' lang='lat' dir='ltr'><strong>quia</strong></span> <span class='ocrx_word' id='word_1_384' title='bbox 1275 2647 1374 2693; x_wconf 89' lang='lat' dir='ltr'><strong>quod</strong></span> <span class='ocrx_word' id='word_1_385' title='bbox 1412 2648 1499 2680; x_wconf 82' lang='lat' dir='ltr'><strong>satis</strong></span> <span class='ocrx_word' id='word_1_386' title='bbox 1535 2653 1614 2680; x_wconf 84' lang='lat' dir='ltr'><strong>erat</strong></span> 
     </span>
     <span class='ocr_line' id='line_1_43' title="bbox 181 2692 1613 2740; baseline -0.001 -12"><span class='ocrx_word' id='word_1_387' title='bbox 181 2694 351 2729; x_wconf 88' lang='lat' dir='ltr'><strong>habebat.</strong></span> <span class='ocrx_word' id='word_1_388' title='bbox 399 2695 465 2735; x_wconf 80' lang='lat' dir='ltr'><strong>His</strong></span> <span class='ocrx_word' id='word_1_389' title='bbox 488 2695 540 2729; x_wconf 88' lang='lat' dir='ltr'><strong>ita</strong></span> <span class='ocrx_word' id='word_1_390' title='bbox 562 2695 690 2740; x_wconf 81' lang='lat' dir='ltr'><strong>gestis,</strong></span> <span class='ocrx_word' id='word_1_391' title='bbox 716 2693 844 2728; x_wconf 87' lang='lat' dir='ltr'><strong>scribit</strong></span> <span class='ocrx_word' id='word_1_392' title='bbox 868 2692 1102 2727; x_wconf 80' lang='lat' dir='ltr'><strong>Adamantius</strong></span> <span class='ocrx_word' id='word_1_393' title='bbox 1125 2693 1364 2738; x_wconf 87' lang='lat' dir='ltr'><strong>Imperatori,</strong></span> <span class='ocrx_word' id='word_1_394' title='bbox 1385 2699 1427 2727; x_wconf 92' lang='lat' dir='ltr'><strong>ut</strong></span> <span class='ocrx_word' id='word_1_395' title='bbox 1440 2693 1613 2727; x_wconf 88' lang='lat' dir='ltr'><strong>Theude-</strong></span> 
     </span>
     <span class='ocr_line' id='line_1_44' title="bbox 176 2739 1614 2788; baseline -0.001 -12"><span class='ocrx_word' id='word_1_396' title='bbox 176 2742 279 2777; x_wconf 79' lang='lat' dir='ltr'><strong>richo</strong></span> <span class='ocrx_word' id='word_1_397' title='bbox 303 2743 538 2788; x_wconf 83' lang='lat' dir='ltr'><strong>promiserat,</strong></span> <span class='ocrx_word' id='word_1_398' title='bbox 574 2753 774 2783; x_wconf 83' lang='lat' dir='ltr'><strong>sermones,</strong></span> <span class='ocrx_word' id='word_1_399' title='bbox 811 2750 902 2788; x_wconf 85' lang='lat' dir='ltr'><strong>quos</strong></span> <span class='ocrx_word' id='word_1_400' title='bbox 936 2750 1016 2773; x_wconf 88' lang='lat' dir='ltr'><strong>cum</strong></span> <span class='ocrx_word' id='word_1_401' title='bbox 1044 2750 1097 2775; x_wconf 67' lang='lat' dir='ltr'><strong>,eo</strong></span> <span class='ocrx_word' id='word_1_402' title='bbox 1131 2739 1320 2774; x_wconf 83' lang='lat' dir='ltr'><strong>habuerat.</strong></span> <span class='ocrx_word' id='word_1_403' title='bbox 1369 2740 1543 2776; x_wconf 85' lang='lat' dir='ltr'><strong>Scribunt</strong></span> <span class='ocrx_word' id='word_1_404' title='bbox 1575 2745 1614 2774; x_wconf 82' lang='lat' dir='ltr'><strong>et</strong></span> 
     </span>
    </p>
   </div>
   <div class='ocr_carea' id='block_1_5' title="bbox 224 2810 1349 2858">
    <p class='ocr_par' dir='ltr' id='par_1_23' title="bbox 224 2810 1349 2858">
     <span class='ocr_line' id='line_1_45' title="bbox 224 2810 1349 2858; baseline -0.004 -11"><span class='ocrx_word' id='word_1_405' title='bbox 224 2811 436 2858; x_wconf 80' lang='lat' dir='ltr'><strong>Dexippus,</strong></span> <span class='ocrx_word' id='word_1_406' title='bbox 456 2810 653 2858; x_wconf 78' lang='lat' dir='ltr'><strong>Eunapius</strong></span> <span class='ocrx_word' id='word_1_407' title='bbox 674 2820 742 2850; x_wconf 72' lang='lat' dir='ltr'><strong>etc.</strong></span> <span class='ocrx_word' id='word_1_408' title='bbox 1310 2821 1349 2855; x_wconf 77' lang='lat'><strong>¹7</strong></span> 
     </span>
    </p>
   </div>
  </div>
 </body>
</html>
