1924 3164
657 160 1053 205 PANEGYRICUS.

136 262 297 301 Vexatis
320 262 506 302 domibus
532 270 649 316 raptu
682 267 889 319 stuprique
917 267 1076 316 furore,

137 327 239 366 Cum
273 328 419 368 similes
446 343 584 368 omnes
609 330 659 368 ad
694 334 864 383 pessima
894 331 1040 371 damna
1070 332 1291 386 putabant3

135 392 228 431 Non
253 394 384 433 honor
407 402 476 434 aut
499 402 606 434 aetas
638 397 769 448 potuit
796 397 1010 436 defendere
1037 412 1279 453 quemquam
1297 429 1310 452 ,

134 458 309 510 Legibus
331 461 478 499 eversis
492 489 504 510 ‚
526 468 634 499 certo
661 463 882 501 munimine
908 476 1044 501 rerum
1059 492 1073 514 ‚

136 525 269 578 Vique
296 533 531 579 potestatem
550 526 708 565 telluris
738 526 822 566 sola
842 534 1018 567 tenente.

135 590 253 629 Tunc
274 593 388 644 pravi
415 590 610 630 scelerum
632 592 844 645 capiebant
868 595 1047 646 praemia
1074 594 1194 646 laeti,

136 656 298 696 Iudiciis
321 657 490 695 niqum
519 659 642 696 iustos
669 657 860 697 damnare
892 661 1052 698 coactis.

137 723 239 761 Nam
265 736 416 761 vanum
438 736 585 761 nomen
609 722 838 762 retinebant
869 725 990 775 inrita
1009 726 1096 764 iura
1110 754 1123 777 ‚

138 787 377 840 Umbraque
398 789 570 827 iustitiae
601 788 721 827 rebus
746 789 922 828 restabat
944 791 1090 829 inanis.

135 855 355 906 Paupertas
383 853 485 892 nulli
510 855 639 893 tenuis
661 854 850 907 prodesse
879 854 1060 903 valebat,

138 920 254 969 Quae
276 919 377 959 solet
408 934 492 959 esse
520 920 627 960 salus
653 927 860 973 raptorum
887 927 1068 974 tempore
1099 935 1255 975 regum.

136 985 315 1038 Namque
334 985 456 1024 dabat
485 1000 658 1039 poenas,
688 993 735 1025 ut
754 1000 837 1026 non
868 988 1092 1039 praesentia
1118 987 1265 1038 ferret,

136 1050 191 1089 Et
218 1052 372 1104 stupuit
399 1065 483 1090 sese
512 1051 668 1091 damnis
697 1052 916 1090 maioribus
941 1066 1051 1102 esse,

137 1117 271 1166 Quam
303 1115 441 1169 plenos
468 1116 611 1170 opibus
637 1116 756 1170 largis
789 1118 1058 1172 gravibusque
1079 1117 1266 1157 metallis.

138 1182 319 1234 Corpora
337 1196 432 1221 nam
447 1211 459 1232 ,
489 1183 605 1236 spolii
632 1183 665 1222 si
692 1183 807 1236 copia
827 1181 939 1222 nulla
965 1183 1159 1234 dabatur,

137 1246 349 1287 Vexabant
371 1247 539 1300 vinclis,
567 1249 765 1288 vexabant
791 1250 926 1302 stipite
957 1249 1072 1288 duro.

237 1314 427 1354 Cladibus
456 1314 518 1354 his
541 1315 704 1354 tandem
742 1314 841 1355 caeli
867 1329 935 1354 rex
961 1314 1105 1354 liberat
1135 1314 1302 1366 orbem,

139 1380 244 1419 Cum
263 1380 471 1420 dominum
486 1411 497 1431 ‚
529 1380 672 1419 melius
691 1380 760 1421 sed
781 1387 936 1434 patrem
955 1379 1087 1418 dicere
1109 1394 1269 1432 possum
1281 1409 1294 1431 ,

137 1446 309 1486 Praebet
333 1446 591 1485 Anastasium
605 1475 617 1497 ‚
642 1452 754 1486 tanta
776 1446 921 1499 pietate
942 1445 1142 1498 vigentem
1155 1474 1168 1497 ‚

138 1512 187 1551 In
212 1514 324 1551 cuius
344 1513 427 1552 vita
445 1514 615 1552 virtutes
643 1512 842 1551 cernimus
869 1525 1022 1551 omnes.

137 1578 213 1618 Est
237 1579 382 1628 iustus,
406 1579 586 1632 sapiens,
617 1585 767 1626 castus,
798 1577 992 1631 fortisque
1007 1606 1019 1628 ‚
1049 1578 1259 1631 piusque‚.

138 1643 214 1686 Est
240 1644 413 1683 clemens
427 1674 440 1695 ,
468 1643 619 1683 stabilis
631 1674 643 1693 ,
673 1643 901 1683 moderatus
917 1672 931 1693 ‚
951 1644 1057 1682 mitis
1074 1672 1086 1693 ,
1105 1643 1294 1682 honestus
1310 1657 1323 1694 3

138 1709 196 1749 Et
210 1740 221 1761 ‚
250 1709 393 1762 loquar
413 1714 460 1748 ut
485 1710 662 1748 breviter
683 1708 792 1762 quod
817 1709 945 1747 sentio
971 1708 1092 1748 corde
1112 1709 1187 1748 sub
1207 1710 1315 1760 imo,

138 1775 323 1816 Possidet
344 1774 410 1813 hie
423 1805 434 1822 ‚
464 1781 645 1814 veterum
667 1773 863 1827 quidquid
892 1772 1079 1812 laudatur
1107 1774 1150 1811 in
1172 1772 1276 1812 ullo.

140 1841 392 1880 Antoninum
413 1840 533 1879 huius
555 1841 704 1893 pietas,
735 1839 927 1892 sapientia
957 1839 1140 1876 Marcum
1155 1866 1169 1888 ‚

140 1908 197 1948 Et
225 1908 361 1946 mitem
383 1907 559 1946 Nervam
577 1905 777 1944 lenissima
796 1911 955 1957 pectora
976 1903 1169 1952 vincunt3

140 1973 450 2025 Promeruitque
469 1972 584 2010 Titus
613 1985 696 2010 non
719 1977 877 2009 tantum
906 1975 1039 2008 mente
1070 1968 1242 2021 benigna
1258 1997 1274 2017 ‚

143 2040 282 2078 Gloria
302 2038 544 2092 magnanimi
578 2037 745 2075 Traiani
763 2042 933 2075 cesserat
957 2034 1035 2073 isti.

142 2106 249 2146 Nam
280 2106 368 2158 quis
391 2111 452 2142 tot
481 2103 637 2142 domuit
655 2101 773 2141 simul
793 2115 879 2140 uno
895 2102 1024 2140 Marte
1053 2106 1245 2153 tyrannos
1258 2102 1278 2136 ¹?

144 2171 328 2224 Rupibus
351 2169 519 2208 adverso
542 2182 641 2221 quos
662 2167 773 2206 duxit
793 2167 946 2205 Isauria
969 2165 1049 2204 fato
1070 2194 1082 2217 ,

146 2238 258 2288 Quos
277 2236 434 2275 bonitas
455 2235 608 2273 domini
628 2233 893 2287 placidissima
913 2231 1054 2270 cedere
1073 2231 1187 2269 iussit

146 2302 359 2343 Moenibus
381 2316 427 2341 ex
455 2302 565 2340 urbis
580 2330 592 2351 ‚
618 2299 748 2340 voluit
776 2312 849 2338 nee
881 2297 1037 2336 laedere
1074 2309 1236 2349 prorsus
1249 2324 1262 2344 ,

148 2369 344 2419 Quamvis
363 2367 600 2420 supplicium
619 2365 806 2404 debentes
835 2362 989 2403 solvere
1018 2361 1185 2400 mundo.

148 2434 229 2472 Sed
244 2447 325 2472 non
349 2433 417 2472 ille
449 2439 560 2485 pater
578 2461 587 2479 ‚
620 2431 690 2484 qui
714 2430 881 2468 sustinet
901 2428 1035 2467 omnia
1061 2427 1197 2466 dextra
1212 2454 1231 2476 ,

151 2498 285 2551 Atque
301 2499 390 2551 pari
421 2497 525 2536 libra
542 2495 634 2535 iusti
651 2500 912 2534 monumenta
939 2498 1144 2546 repensat,

152 2563 310 2603 Adnuit
331 2563 494 2616 impune
520 2561 749 2600 sceleratam
772 2559 953 2612 linquere
972 2563 1143 2610 gentem.

151 2628 256 2671 Nam
279 2627 389 2667 furor
414 2629 612 2667 immissus
632 2625 849 2667 commovit
878 2623 1008 2663 Marte
1037 2620 1207 2663 nefando
1226 2648 1245 2672 ,

246 2704 299 2748 57.
330 2727 337 2736 .
366 2729 373 2737 .
400 2729 411 2738 .—
434 2704 488 2738 ιιίι
513 2704 591 2738 eod.

1457 146 1579 222 ¹'519

1523 464 1575 506 25

1525 794 1577 831 30

1526 1117 1577 1157 35

1524 1769 1577 1821 45

1526 2097 1582 2139 50

1529 2419 1584 2463 55
