1924 3164
280 155 353 209 60
853 171 1126 213 ExcERPTA

279 274 555 330 *παντοδαπῇ
583 271 869 327 ἐμπεπλήκασι
890 271 941 313 τά
969 273 1127 325 βιβλία.
1154 268 1279 312 ὁπότε
1309 267 1381 312 καὶ
1398 269 1655 326 Θουκυδίδης
1681 269 1709 313 ὅ

276 337 443 381 πάντων
472 338 768 395 ἀκριβέστατος
795 335 868 378 τὸν
897 338 1028 391 μέγαν
1058 337 1130 378 καί
1157 334 1441 391 πολυύμνητον
1461 335 1613 379 ἐκεῖνον
1632 344 1706 378 πο·-

275 409 401 458 λεμον
445 402 582 460 α’ρχήν
615 419 706 445 τινα
742 401 815 444 καί
849 400 1085 458 προφάσεις.
1121 403 1224 458 φησὶ
1262 404 1403 461 λαβεῖν
1438 399 1542 457 πρὸς
1569 403 1708 444 δευτέ-

274 486 354 526 ραν
391 471 549 525 κίνησιν
591 471 635 511 ἐκ
671 470 881 523 διαφορᾶς
919 467 1099 523 ἡμερῶν,
1134 465 1163 522 ἢ
1191 466 1289 522 περὶ
1323 465 1483 508 πόλεων
1517 465 1708 516 ἁλώσεως

275 536 416 585 αὐτοῖς
443 535 615 588 ἐγένετο,
643 535 718 575 καί
742 533 842 575 οὐδὲ
871 532 998 583 αὐτὸς
1026 532 1302 589 «ξ’χειγὸιαιτᾷν
1328 533 1477 588 σαφῶς
1491 531 1733 587 ›caldum-5

273 603 382 654 βαῖς,
409 602 517 647 τίνες
546 597 772 641 ἐπεκάλουν
800 598 1078 656 δικαιότερον,
1121 599 1210 640 ἀλλ’
1237 599 1309 640 ἐπὶ
1340 598 1417 646 τὰς
1455 590 1614 653 ἡμέρας
1640 598 1709 639 ⁶³2-

273 664 364 707 θών
389 664 596 719 ὑποδηλοῖ
616 666 690 706 καί
713 665 1051 720 παραδεικνυσιν,
1075 659 1141 707 ὅτι
1167 661 1261 720 κενή
1287 662 1351 713 τίς
1371 680 1450 706 που
1462 665 1548 720 ,καί
1562 659 1588 705 ἆ
1590 667 1709 719 χρεῖ-

277 747 321 780 ος
348 730 374 786 ἦ
404 729 504 784 περὶ
527 730 626 780 τούς
652 729 828 786 χρόνους
856 730 1045 787 διατριβὴ
1075 732 1147 773 καί
1172 729 1320 784 σχολή.

138 794 177 829 R·
198 796 263 830 25²
391 795 577 838 Τοιαῦτα
605 812 699 838 τινα
729 795 801 839 καί
825 799 952 839 πλείω
994 798 1117 852 ἕτερα
1144 794 1246 849 πρὸς
1281 793 1710 851 ἐμαυτόν-ἐκκλησιά-

273 879 353 912 σας
379 864 454 904 καί
478 859 835 916 βουλευσάμενος,
884 864 956 905 καὶ
995 868 1083 912 τοῖς
1111 864 1154 912 ἐς
1180 860 1229 904 τὰ
1256 860 1431 916 χρονικὰ
1459 857 1761 906 σπεύδουσινιρ

274 928 348 970 καί
393 925 666 982 ἀνεστηκόσιν
725 924 850 981 ὅμοιά
898 944 995 970 τινα
1026 929 1292 983 παρεγγυῶν,
1344 925 1403 974 ὥς
1437 925 1464 980 ἦ
1495 926 1595 981 περὶ
1631 922 1709 973 τὰς

273 991 388 1049 ὥρας
415 993 485 1035 καὶ
510 993 671 1049 ἡμέρας
698 992 892 1049 ἄκριζθεια
919 995 1128 1041 πλουσίων
1157 990 1386 1044 οἰκονόμοις
1416 990 1504 1037 τισὶ
1542 988 1617 1032 καὶ
1638 994 1708 1031 λο-

272 1065 431 1114 γισταῖς
459 1059 627 1115 πρέπει,
668 1062 742 1101 καί
765 1057 814 1113 νῆ
843 1060 929 1101 Διά
955 1075 1001 1113 γε
1027 1064 1114 1107 τοῖς
1140 1060 1184 1107 ἐς
1210 1055 1264 1099 τὰ
1292 1053 1469 1110 οὐράνια
1495 1055 1708 1110 κεχηνόσι,

275 1127 350 1166 καί
375 1122 467 1166 ὅσοι
493 1123 599 1180 πρὸς
637 1125 808 1182 ἀριθμῷ
849 1126 1046 1181 φανεραῖς
1069 1123 1292 1178 κάθηνται·
1348 1120 1473 1171 αὐτὸς
1501 1122 1548 1162 δὲ
1578 1136 1710 1176 προα-

272 1187 456 1245 γορεύων
482 1190 703 1245 πόρῤωθεν
728 1195 816 1239 τοῖς
843 1188 1174 1244 ἐντυγχάνουσιν,
1205 1185 1271 1231 ὅτι
1296 1182 1518 1236 πιστεύσας
1543 1185 1708 1241 ἒμαντῷ
1716 1190 1761 1231 15

275 1255 488 1297 δύνασθαι
528 1255 708 1312 γράφειν
750 1252 942 1309 γεγονότα
981 1271 1025 1296 τε
1063 1257 1136 1295 καί
1168 1253 1363 1308 γινόμενα
1398 1251 1503 1309 πρὸς
1537 1250 1633 1294 τόδε
1658 1251 1705 1295 τὸ

273 1320 393 1376 ἔργον
419 1318 616 1376 ὥρμησα,
643 1320 688 1363 τὸ
716 1322 795 1374 μὲν
832 1323 920 1362 κατ’
949 1319 1144 1362 ἐνιαυτὸν
1171 1318 1244 1361 καί
1268 1321 1364 1361 καθ’
1388 1318 1549 1374 ἡμέραν
1568 1313 1707 1374 ὥσπερ

272 1385 603 1441 ἄπροσδιόνυσόν
627 1402 722 1428 τινα
751 1384 873 1443 ῥῆσιν
899 1382 1262 1442 παραιτησάμενος
1278 1418 1292 1437 ,
1320 1382 1365 1426 τό
1395 1385 1442 1426 δὲ
1470 1381 1576 1426 κατὰ
1603 1383 1708 1439 χρό-

274 1467 384 1503 νους,
419 1450 463 1492 οἳ
486 1456 572 1500 τοῖς
600 1454 821 1505 βασιλεῦσι
861 1449 1198 1507 περιγράφονται,
1233 1451 1376 1504 κρίνας
1414 1450 1709 1504 ἀληθέστερον.

275 1512 556 1570 ἀναγνώσεται
581 1517 681 1571 γοῦν
716 1534 792 1569 τις,
824 1511 891 1558 ὅτι
919 1520 1051 1558 ταῦτα
1082 1514 1153 1558 ἐπὶ
1181 1516 1303 1560 τοῦδε
1336 1515 1414 1556 τοῦ
1451 1508 1763 1572 βασιλέως,ἢαο

273 1583 391 1624 τοῦδ’
422 1582 671 1637 ἐπράττετο·
726 1583 824 1624 καθ’
849 1578 897 1625 ὃν
926 1583 973 1624 δὲ
1006 1579 1195 1625 ἐνιαυτὸν
1231 1583 1304 1623 καὶ
1336 1580 1523 1635 ἡμέραν,
1569 1580 1709 1634 ἕτερος

373 1685 402 1706 1.
423 1672 516 1706 Ante
535 1671 758 1719 παντοδαπῇ
778 1672 953 1707 excidisse
978 1673 1069 1706 coni.
1093 1671 1136 1704 N.
1165 1670 1318 1716 α’πορίᾳ.
1412 1672 1443 1705 3.
1461 1680 1546 1704 τινα
1562 1673 1600 1702 et
1610 1664 1709 1713 πρὸς·

367 1717 463 1751 δευτ.
493 1719 632 1752 emend.
665 1719 718 1752 Cl.
746 1730 895 1753 monens
925 1719 1057 1763 respici
1084 1718 1129 1751 ab
1150 1718 1314 1761 Eunapio
1340 1715 1501 1760 Thucyd.
1526 1714 1595 1756 IV,
1624 1726 1708 1755 122,

365 1777 440 1798 non
463 1764 508 1806 ΙΙ,
539 1778 579 1811 ¹9
591 1771 654 1799 aut
668 1765 714 1807 V,
734 1778 803 1807 αα,
827 1776 932 1802 τινας
952 1769 988 1798 et
1004 1764 1110 1801 ἔτους
1131 1763 1226 1798 devr-
1242 1763 1297 1797 ed.
1401 1764 1432 1807 4.
1448 1762 1599 1808 πόλεων·
1617 1760 1712 1807 (ταὼ,

368 1812 575 1847 Πλαταιῶν
606 1811 659 1846 ed.
697 1823 741 1845 ex
766 1813 974 1846 coniectura
1004 1811 1102 1843 Maii.
1223 1822 1274 1843 11.
1310 1809 1521 1855 παρεγγυιῦ
1553 1806 1644 1846 coni.
1669 1807 1707 1840 B.

373 1858 426 1902 ¹4·
452 1858 705 1905 προαγορεύω
728 1859 821 1892 coni.
849 1859 887 1891 B.
958 1868 1014 1891 20.
1038 1857 1103 1891 ἐπὶ
1127 1856 1169 1890 N.
1186 1882 1197 1899 ,
1221 1856 1302 1891 ἐστι
1329 1855 1384 1890 ed.

276 1941 397 1971 autem
413 1941 575 1982 tempore
598 1937 800 1977 exstiterit,
824 1935 863 1968 id
883 1935 1081 1969 innumeris
1102 1934 1207 1969 libris
1231 1935 1449 1980 disquirunt·
1496 1932 1710 1979 Ethuidem

276 1986 354 2028 ipse
375 1983 625 2027 Thucydides,
648 1995 720 2029 quo
737 1994 844 2016 nemo
862 1982 934 2018 fuit
961 1984 1000 2016 in
1028 1982 1198 2016 notandis
1230 1981 1454 2026 temporibus
1475 1979 1709 2024 diligentior,

274 2041 444 2074 magnum
469 2030 563 2064 illud
586 2036 623 2064 et
646 2031 894 2074 famigeratum
918 2028 1056 2063 bellum
1086 2029 1249 2062 renovati
1274 2027 1411 2061 ardoris
1434 2027 1709 2060 initiumecca-

276 2078 468 2121 sionesque
494 2077 631 2122 cepisse
656 2078 708 2109 ait
734 2088 779 2110 ex
805 2075 946 2109 dierum
970 2076 1234 2116 controversia,
1269 2085 1362 2119 quae
1389 2073 1433 2106 de
1456 2073 1569 2118 captis
1591 2071 1710 2117 >oppi-

276 2124 333 2156 dis
358 2124 453 2156 iuter
477 2123 559 2157 illos
586 2123 778 2157 oriebatur.
810 2122 938 2167 Neque
961 2127 1081 2155 tamen
1107 2123 1186 2166 ipse
1211 2122 1298 2154 satis
1321 2124 1443 2165 aperte
1468 2123 1706 2163 accurateque

278 2170 431 2209 definit,
456 2171 528 2203 utri
552 2171 682 2203 iustius
708 2169 826 2215 questi
850 2170 946 2202 sint:
978 2179 1063 2201 mox
1087 2179 1165 2201 cum
1184 2166 1228 2200 ad
1252 2167 1391 2201 dierum
1415 2166 1708 2211 supputationem

276 2220 425 2250 ventum
451 2220 530 2256 est,
558 2217 668 2261 plane
693 2216 869 2262 significat
901 2221 1010 2261 atque
1044 2215 1285 2254 demonstrat,
1311 2224 1438 2248 vanam
1469 2223 1545 2245 esse
1575 2212 1708 2256 pro'pre-

278 2261 425 2295 modum
449 2266 556 2307 atque
580 2263 750 2296 inutilem
774 2267 978 2307 temporum
1006 2262 1230 2296 notationem
1255 2271 1296 2293 ac
1319 2259 1559 2293 sedulitatem.

371 2308 468 2340 Haec
495 2313 531 2341 et
554 2309 624 2341 alia
647 2310 752 2353 plura
775 2319 915 2342 mecum
937 2310 1015 2353 ipse
1034 2311 1153 2342 animo
1178 2307 1306 2351 collegi
1331 2317 1371 2340 ac
1395 2305 1576 2350 reputavi;
1601 2307 1638 2336 et
1648 2313 1709 2338 ce-

278 2355 366 2388 teris
391 2354 508 2394 etiam,
525 2356 588 2399 qui
612 2355 657 2388 ad
680 2356 828 2389 annales
851 2354 1059 2389 scribendos
1086 2353 1244 2388 studium
1265 2351 1493 2396 impendunt,
1508 2351 1708 2384 admonen-

281 2400 319 2433 di
343 2411 448 2433 causa
472 2402 648 2445 suggessi3
673 2402 771 2447 quod
787 2402 959 2437 videlicet
982 2402 1074 2435 circa
1098 2402 1183 2438 anni
1212 2403 1442 2443 tempestates
1475 2398 1625 2442 diesque
1651 2408 1710 2430 se-

280 2447 414 2480 dulitas
435 2447 562 2481 vilicos
587 2447 737 2481 divitum
761 2459 802 2482 ac
826 2449 1040 2482 rationarius
1064 2448 1212 2488 deceat,
1246 2451 1355 2490 atque
1392 2455 1452 2478 eos
1476 2443 1608 2484 hercle,
1643 2443 1709 2488 qui

280 2493 450 2526 coelestia
473 2498 700 2535 scrutantur,
734 2500 770 2528 et
794 2495 1020 2528 calculatoris
1052 2498 1164 2528 artem
1198 2491 1332 2526 diserte
1362 2491 1586 2536 profitentur.
1634 2489 1707 2533 Ego

279 2551 364 2574 vero
391 2538 460 2573 hoc
486 2539 681 2573 lectoribus
707 2541 797 2574 meis
824 2541 980 2581 affirmo,
1015 2552 1074 2575 me
1099 2550 1173 2574 non
1197 2540 1275 2572 sine
1298 2537 1429 2571 fiducia
1461 2539 1556 2572 vires
1581 2534 1628 2569 ad
1651 2546 1707 2569 res

279 2587 492 2631 praeteritas
515 2597 556 2619 ac
583 2592 787 2630 praesentes
816 2587 1022 2620 scribendas
1045 2586 1136 2620 mihi
1170 2587 1395 2625 suffecturas,
1430 2583 1499 2618 hoo
1523 2590 1613 2628 o‘pus
1643 2581 1707 2615 ad—

281 2643 438 2678 gressum
461 2643 557 2674 esse,
582 2633 633 2666 ita
657 2633 815 2678 quidem,
842 2639 884 2666 ut
906 2633 1081 2668 minutam
1102 2634 1175 2667 sive
1198 2632 1284 2665 anni
1310 2631 1385 2664 sive
1409 2629 1483 2664 diei
1509 2630 1709 2668 rationem,

282 2690 348 2712 ceu
375 2679 464 2725 quid
487 2680 752 2724 importunum,
777 2679 973 2724 negligam3
997 2689 1120 2714 verum
1144 2679 1222 2725 ipsa
1248 2682 1409 2724 tempora
1434 2677 1552 2710 verius
1574 2684 1708 2722 expen-

284 2725 362 2759 dam
377 2751 387 2769 ‚
414 2727 507 2761 intra
532 2737 623 2772 quae
650 2737 748 2772 reges
771 2725 904 2772 singuli
930 2728 1061 2763 versati
1085 2731 1176 2762 sunt.
1224 2724 1352 2761 Lector
1383 2723 1493 2769 igitur
1524 2721 1621 2769 apud
1651 2730 1717 2757 mer
