1924 3164
307 154 380 220 24
735 166 1014 212 ExcERPTA
1050 168 1085 208 E
1120 166 1352 210 nnxlrro

121 282 162 317 Α.
177 283 213 316 C.
227 286 294 331 267
304 271 377 315 και
397 272 528 329 πολλῇ
550 287 629 326 μεν
648 271 782 328 ἵππῳ,
810 272 975 317 πολλοῖς
997 268 1045 310 δὲ
1073 266 1262 320 οπλι’ταις
1281 285 1352 312 και
1370 271 1512 323 ψιλοῖς
1532 283 1766 327 παρεσκευ-

112 328 206 364 Gau·
223 332 295 369 1⁴³
308 339 515 392 ασμενους
525 370 539 391 ,
580 335 642 379 ἔτι
683 337 730 378 δὲ
766 339 915 390 πεῖραν
965 332 1192 390 πολεμικήν
1234 333 1442 392 φοβερούς
1498 338 1572 379 και
1615 334 1765 390 σωμά-

259 423 261 425 ·
304 420 390 446 των
422 398 522 457 οψει
549 399 734 454 δεινούς,
762 401 834 441 καὶ
862 395 1001 441 finam
1028 394 1254 454 οἷνασείσει,
1283 401 1478 452 ἀπειλαῖς
1503 417 1551 443 τε
1577 401 1652 444 και
1684 404 1762 456 βο·

299 471 357 522 ἤς
407 471 579 524 μεγέθει
618 462 911 515 ’ἱκανωτάτους
973 467 1291 522 προεκφοβῆσαι
1349 464 1448 517 τούς
1496 467 1660 523 πρῶτον
1717 468 1763 514 ἒς

306 533 466 584 αύτούς
499 533 649 580 ἰόντας.
683 531 792 586 μηδὲ
820 528 926 586 πρὸς
953 529 1102 572 τούσδε
1130 529 1519 587 οἷποκινδυνεύσητε,
1549 530 1643 584 ἐξὸν
1674 531 1787 577 «imm

307 602 393 644 τῶν
422 599 574 653 τειχῶν
613 594 692 640 σύν
732 595 944 655 οἷσφαλεία
985 596 1236 650 ἀμύνεσθαι.
1272 599 1346 639 καί
1369 595 1448 654 γὰρ
1478 597 1506 654 ἦ
1533 599 1651 647 έλπις
1674 603 1764 649 τοῖς

304 680 469 722 πρωτον
505 665 548 714 ἒς
586 662 730 719 μάχην
769 663 908 706 ἰοῦσιν
934 660 1112 729 ἰσχυρόν
1139 679 1179 705 τι
1207 661 1346 714 ἔδοξεν
1372 659 1480 705 εἶναι
1507 665 1580 705 και
1603 679 1763 720 προσα-

269 730 541 786 τγωγότατον
583 728 644 777 εἷς
687 726 979 784 κατόρθωσιν·
1046 717 1139 770 ἀλλ’
1179 730 1225 770 ἑν
1263 732 1351 777 τοῖς
1390 725 1763 785 περιφανεστάτοις

303 792 455 876 ὤφθη,
487 789 587 837 όταν
617 795 675 852 τῷ
704 794 862 850 ἀληθεῖ
884 794 1089 872 μάχηται.
1132 788 1324 850 εύδηλον
1352 795 1400 836 δὲ
1425 792 1587 872 δήπου,
1617 791 1762 849 οἶμαι,

302 861 359 911 ὥς
385 857 463 903 κᾶν
489 866 575 911 τοῖς
600 861 645 911 ἐξ
669 858 764 903 ι’σου
794 854 913 902 ουσιν
941 853 1042 901 ἄνευ
1081 862 1316 915 στρατηγοῦ
1357 858 1464 902 κατὰ
1505 857 1635 914 μόνας
1657 855 1818 903 ἄπο-ιο

305 924 564 968 κινδυνεύειν
590 923 940 981 σφαλερωτατον·
1009 927 1055 966 τὸ
1096 926 1144 967 δὲ
1186 924 1269 966 ὑπὸ
1309 925 1480 981 ἡγεμόνι
1506 940 1552 967 τε
1580 919 1762 980 αγεσθαι

156 998 297 1046 Cod.9n
309 993 382 1035 καί
407 993 451 1042 ἐς
478 992 695 1033 κοινωνίαν
720 987 835 1046 ἥκειν
861 985 1018 1046 ἑτέροις
1063 991 1138 1031 τοῦ
1179 987 1372 1032 κινδύνου
1412 988 1457 1033 ἔν
1493 1006 1540 1032 τε
1576 988 1763 1044 ἐνθυμή-

304 1073 401 1100 σεσι
428 1056 507 1099 κᾶν
535 1061 623 1105 τοῖς
651 1054 789 1111 ἔργοις
816 1054 1168 1112 ἀσφαλέστατον,
1206 1052 1357 1114 ῥᾳδίαν
1398 1053 1498 1109 ἔχον
1539 1054 1616 1111 τὴν
1641 1053 1759 1109 παρὰ

303 1124 381 1164 τοῦ
407 1124 537 1171 πέλας
564 1122 861 1176 ἐπανόρθωσιν
877 1149 890 1162 .
945 1117 1137 1199 κρεῖττόν
1164 1136 1210 1162 τε
1242 1121 1321 1163 σὺν
1347 1116 1475 1178 ἑτέρῳ
1502 1120 1761 1176 κατορθοῦν-

301 1204 376 1238 τας
409 1185 532 1242 δόξης
572 1184 745 1228 ἔλαττον
762 1183 924 1240 ἐχειν,
966 1182 996 1241 ἢ
1025 1186 1126 1240 δι’χα
1166 1187 1241 1227 τοῦ
1267 1187 1518 1266 προμηθοῦς
1545 1182 1649 1227 κατὰ
1676 1182 1810 1238 ,ud-15

302 1269 379 1302 νας
407 1249 755 1318 επιχειρήσαντας
786 1253 1026 1308 σφαλῆναι.
1080 1267 1150 1292 και
1192 1247 1370 1301 οἷπόντος
1406 1253 1484 1305 μὲν
1521 1250 1626 1293 πολύ
1666 1246 1752 1292 ἇπὸ
1851 1260 1854 1263 ’

303 1335 426 1375 σφων
465 1319 540 1360 τοῦ
577 1317 953 1373 ἑπιβοηθήσοντος,
1011 1312 1081 1359 οια
1123 1315 1175 1370 δὴ
1208 1318 1494 1370 μονωθέντας,
1539 1316 1700 1372 δρᾶσαί
1719 1331 1761 1357 τι

303 1382 382 1427 σὺν
406 1384 600 1440 εύχερεία
627 1382 891 1436 σύγγνωμον·
949 1381 1115 1437 ἀνδρῶν
1151 1383 1198 1424 δὲ
1237 1381 1314 1423 ούκ
1342 1375 1514 1424 απωθεν
1555 1397 1682 1423 οντων
1709 1397 1761 1422 α-

305 1466 429 1505 ριστα
477 1448 642 1506 πολέμῳ
671 1445 957 1525 ὡμιληκότων
1001 1464 1074 1489 και
1112 1452 1264 1503 πεῖραν
1309 1448 1640 1503 παρασχομένων
1679 1447 1759 1488 τοῦ

305 1517 456 1572 νικᾷν,
503 1514 578 1555 καί
610 1515 746 1555 ταῦτα
781 1511 828 1555 τὸ
871 1508 993 1562 ἆδεὲς
1030 1513 1074 1563 ἐς
1111 1511 1212 1562 τούς
1245 1512 1463 1563 κινδύνους
1501 1513 1547 1554 ἐν
1580 1511 1641 1569 τῷ
1681 1510 1816 1558 διάαο

304 1581 438 1636 μέσου
467 1581 513 1621 ἐκ
552 1580 654 1655 τῆςν
661 1596 746 1622 των
781 1579 934 1634 τειχῶν
977 1574 1230 1635 ὅχυρότητος
1273 1576 1466 1633 ἔχοντας,
1525 1580 1691 1635 πρᾶξαί
1717 1594 1759 1620 τι

306 1644 424 1702 παρὰ
457 1660 537 1700 την
564 1645 637 1686 τοῦ
669 1640 870 1701 ἄρχοντος
908 1645 1170 1697 καταίνεσιν,
1214 1637 1292 1686 κῖίν
1330 1659 1388 1702 τῳ
1425 1638 1598 1697 α’μεινον
1641 1645 1758 1702 ἐκβῇ,

399 1744 434 1789 4.
463 1753 627 1789 προεκφ.
648 1744 709 1786 Β.,
728 1743 832 1802 3πρὸς
858 1743 990 1790 ἒκφοβ.
1015 1744 1070 1779 ed.
1119 1742 1181 1778 ἐπ’
1211 1741 1351 1781 αὐτοὺς
1374 1744 1413 1778 Β
1509 1744 1542 1780 5.
1564 1742 1616 1790 μὴ
1644 1741 1744 1786 δῆΒ
1746 1768 1754 1776 .

353 1795 355 1797 ’
398 1803 434 1848 9.
463 1790 602 1834 αληθεῖ
623 1791 687 1833 Ν.,
714 1790 848 1833 οἷληδ..
873 1815 881 1824 .
911 1791 968 1826 ed.
1046 1801 1097 1825 10.
1116 1788 1201 1837 καν]
1228 1792 1294 1824 καὶ
1325 1792 1417 1824 coni.
1442 1791 1481 1825 Β.
1554 1756 1668 1825 οὖσιν
1690 1790 1757 1833 N.

401 1834 499 1874 ὦσιν
525 1838 581 1872 ed.
686 1839 753 1872 16.·
765 1830 841 1872 ὑπὸ
870 1837 1155 1883 edam-150
1182 1837 1343 1885 ἄμεινον
1362 1838 1414 1879 Β.
1433 1838 1485 1883 τῷ
1507 1836 1685 1885 ἀμείνονι
1697 1836 1757 1876 ed.

309 1931 390 1962 tatu
407 1928 596 1974 multoque
622 1928 738 1973 gravis
756 1928 920 1974 levisque
944 1931 1147 1961 armaturae
1170 1928 1289 1962 milite
1302 1928 1477 1962 ‘instructi
1499 1932 1604 1962 sunt·
1631 1931 1757 1962 contra

308 1974 496 2016 homines,
521 1975 691 2020 inquam,
716 1976 850 2019 peritia
876 1985 1024 2020 quoque
1053 1974 1185 2008 bellica
1205 1974 1455 2008 formidabiles
1497 1979 1535 2009 et
1565 1985 1756 2020 corporum

309 2026 460 2066 aspectu
489 2022 685 2062 terrificos,
721 2026 798 2054 tum
826 2025 863 2055 et
890 2032 1069 2054 armorum
1095 2022 1217 2054 souitu
1245 2027 1283 2054 et
1304 2021 1413 2055 minis
1443 2026 1480 2054 et
1503 2020 1755 2067 profunditate

310 2068 478 2101 clamoris
501 2067 606 2102 valde
629 2067 780 2101 idoneos
801 2067 846 2101 ad
869 2077 930 2101 eos
952 2067 1184 2108 territandos,
1209 2067 1424 2112 quibuscum
1433 2067 1550 2113 primo
1566 2067 1755 2111 proelian-

309 2118 381 2147 tur.
429 2114 606 2148 Adversus
627 2114 706 2154 hos,
731 2115 892 2159 inquam,
915 2125 960 2147 en
985 2115 1062 2148 acie
1081 2114 1279 2158 periclitari
1296 2113 1429 2154 velitis,
1455 2113 1756 2159 quandoquidem

310 2159 502 2193 moenibus
526 2166 606 2194 tuto
637 2165 778 2194 vosmet
797 2161 950 2206 potestis
971 2166 1171 2216 protegere.
1218 2161 1362 2194 Etenim
1387 2170 1466 2203 spes
1492 2171 1661 2205 magnum
1686 2160 1755 2194 ha-

309 2206 399 2240 bere
419 2206 612 2252 efficaxque
627 2212 851 2240 momentum
868 2208 1039 2241 videtur·
1029 2219 1068 2240 1n
1085 2208 1130 2240 iis
1142 2231 1152 2248 ,
1176 2207 1240 2251 qui
1263 2205 1353 2239 belli
1372 2206 1580 2239 tirocinium
1599 2212 1755 2251 ponunt,

297 2252 356 2286 *ad
371 2263 446 2286 rem
463 2253 653 2297 gerendam
673 2254 840 2287 feliciter.
889 2254 1024 2287 Verum
1041 2265 1084 2287 ea
1103 2254 1142 2287 in
1166 2253 1371 2286 clarissimis
1395 2253 1482 2286 viris
1508 2254 1646 2293 elucet,
1672 2264 1754 2286 curn

309 2299 479 2332 adversus
504 2323 513 2332 .
538 2323 547 2332 .
571 2324 579 2331 .
607 2299 778 2333 decertat.
828 2300 900 2333 Sed
925 2301 1023 2333 enim
1047 2300 1271 2345 exploratum
1292 2298 1382 2332 mihi
1402 2298 1566 2340 videtur,
1592 2311 1671 2332 cum
1688 2310 1754 2344 pa-

309 2345 410 2378 ribus
437 2356 583 2391 quoque
609 2346 686 2379 sine
712 2345 802 2379 duce
827 2347 1039 2401 singillatim
1061 2351 1203 2380 tentare
1227 2345 1318 2379 belli
1342 2346 1456 2378 aleam
1480 2346 1753 2389 periculosissi-

308 2403 408 2425 mum
434 2391 532 2425 fore:
559 2402 660 2425 secus
686 2398 806 2426 autem
832 2392 922 2426 duce
947 2393 1040 2446 regio,
1067 2392 1295 2446 periculique
1320 2393 1436 2425 socios
1457 2392 1653 2426 adsciscere
1675 2397 1754 2426 tum

309 2440 351 2472 in
375 2437 613 2471 deliberando
633 2443 709 2471 tum
734 2439 774 2472 in
793 2439 930 2483 agendo
956 2439 1178 2473 tutissimum
1201 2443 1276 2479 est,
1306 2439 1478 2492 quoniam
1509 2438 1554 2472 de
1587 2439 1755 2483 proximo

311 2485 503 2530 suppetiae
518 2484 659 2518 adsunt.
708 2485 754 2518 Et
774 2485 921 2538 quidem
934 2490 1105 2529 praestat,
1131 2496 1170 2519 re
1186 2485 1281 2518 bene
1293 2496 1372 2518 cum
1396 2485 1493 2518 socio
1511 2490 1621 2530 gesta,
1640 2486 1754 2530 paulo

309 2531 487 2565 minorem
513 2531 663 2576 gloriam
688 2531 884 2576 consequi,
907 2542 1017 2576 quam
1035 2530 1284 2577 imprudenter
1311 2535 1347 2563 et
1375 2532 1537 2565 solitarie
1560 2537 1705 2577 agentes
1731 2543 1754 2566 a

309 2579 498 2624 proposito
527 2578 705 2611 aberrare.
754 2577 848 2611 Sane
873 2578 903 2610 si
927 2577 1022 2611 absit
1045 2580 1088 2619 is,
1114 2589 1134 2610 a
1159 2589 1231 2623 quo
1255 2588 1473 2622 magnopere
1497 2578 1612 2611 iuvari
1634 2578 1754 2622 possi-

308 2635 410 2666 muS,
434 2629 522 2658 tunc
547 2636 567 2657 a
591 2624 698 2657 nobis
724 2624 897 2657 solitariis
925 2625 1134 2680 procliviter
1156 2624 1236 2658 fieri
1260 2623 1422 2669 aliquid,
1446 2624 1660 2667 ignoscibile
1677 2629 1752 2658 est:

310 2681 437 2705 verum
462 2671 645 2704 enimvero
670 2670 701 2703 si
725 2681 838 2715 prope
863 2668 984 2704 adsint
1005 2671 1075 2704 viri
1103 2670 1203 2704 bello
1231 2670 1372 2714 egregie
1404 2671 1554 2704 exerciti
1579 2675 1617 2704 et
1639 2671 1753 2705 victo-

311 2717 375 2753 riis
396 2716 561 2764 adsueti5
585 2723 624 2753 et
645 2718 677 2752 si
704 2717 916 2766 praesertim
940 2728 961 2751 a
983 2717 1174 2764 periculo,
1195 2716 1339 2752 obiecta
1361 2717 1546 2753 moenium
1570 2717 1753 2759 firmitate,
