<?xml version="1.0" encoding="UTF-8"?>
<!DOCTYPE html PUBLIC "-//W3C//DTD XHTML 1.0 Transitional//EN"
    "http://www.w3.org/TR/xhtml1/DTD/xhtml1-transitional.dtd">
<html xmlns="http://www.w3.org/1999/xhtml" xml:lang="en" lang="en">
 <head>
  <title>
</title>
<meta http-equiv="Content-Type" content="text/html;charset=utf-8" />
  <meta name='ocr-system' content='tesseract 3.04.00' />
  <meta name='ocr-capabilities' content='ocr_page ocr_carea ocr_par ocr_line ocrx_word'/>
</head>
<body>
  <div class='ocr_page' id='page_1' title='image "./corpusscriptorum10niebuoft/corpusscriptorum10niebuoft_0447.png"; bbox 0 0 1924 3164; ppageno 0'>
   <div class='ocr_carea' id='block_1_1' title="bbox 555 129 1628 208">
    <p class='ocr_par' dir='ltr' id='par_1_1' title="bbox 555 129 1628 208">
     <span class='ocr_line' id='line_1_1' title="bbox 555 129 1628 208; baseline -0.004 -15"><span class='ocrx_word' id='word_1_1' title='bbox 555 152 590 193; x_wconf 82' lang='lat' dir='ltr'><strong>E</strong></span> <span class='ocrx_word' id='word_1_2' title='bbox 626 148 911 195; x_wconf 71' lang='lat' dir='ltr'><strong><em>mmmm</em></strong></span> <span class='ocrx_word' id='word_1_3' title='bbox 951 148 1225 195; x_wconf 75' lang='lat' dir='ltr'><strong>ms‘romA.</strong></span> <span class='ocrx_word' id='word_1_4' title='bbox 1498 129 1628 208; x_wconf 42' lang='lat'><strong><em>3931</em></strong></span> 
     </span>
    </p>
   </div>
   <div class='ocr_carea' id='block_1_2' title="bbox 119 250 1806 1783">
    <p class='ocr_par' dir='ltr' id='par_1_2' title="bbox 119 250 1806 1783">
     <span class='ocr_line' id='line_1_2' title="bbox 178 250 1805 313; baseline 0.002 -17"><span class='ocrx_word' id='word_1_5' title='bbox 178 251 204 296; x_wconf 77' lang='grc' dir='ltr'><strong><em>ὖ</em></strong></span> <span class='ocrx_word' id='word_1_6' title='bbox 223 252 405 309; x_wconf 70' lang='grc' dir='ltr'><strong><em>Περσῶν</em></strong></span> <span class='ocrx_word' id='word_1_7' title='bbox 432 254 726 299; x_wconf 73' lang='grc' dir='ltr'><strong><em>καταλέλοιπεν</em></strong></span> <span class='ocrx_word' id='word_1_8' title='bbox 752 255 798 296; x_wconf 80' lang='grc' dir='ltr'><strong><em>ἐν</em></strong></span> <span class='ocrx_word' id='word_1_9' title='bbox 824 255 885 313; x_wconf 73' lang='grc' dir='ltr'><strong><em>τῷ</em></strong></span> <span class='ocrx_word' id='word_1_10' title='bbox 899 251 1047 310; x_wconf 77' lang='grc' dir='ltr'><strong><em>Δάρας</em></strong></span> <span class='ocrx_word' id='word_1_11' title='bbox 1073 255 1127 311; x_wconf 82' lang='grc' dir='ltr'><strong><em>τῇ</em></strong></span> <span class='ocrx_word' id='word_1_12' title='bbox 1163 250 1285 296; x_wconf 73' lang='grc' dir='ltr'><strong><em>πόλει</em></strong></span> <span class='ocrx_word' id='word_1_13' title='bbox 1322 251 1440 303; x_wconf 69' lang='grc' dir='ltr'><strong><em>τούς·</em></strong></span> <span class='ocrx_word' id='word_1_14' title='bbox 1458 268 1505 296; x_wconf 86' lang='grc' dir='ltr'><strong><em>τε</em></strong></span> <span class='ocrx_word' id='word_1_15' title='bbox 1540 251 1615 296; x_wconf 83' lang='grc' dir='ltr'><strong><em>τὸν</em></strong></span> <span class='ocrx_word' id='word_1_16' title='bbox 1626 261 1805 309; x_wconf 74' lang='lat' dir='ltr'><strong><em>A.(}..&#39;›76¹</em></strong></span> 
     </span>
     <span class='ocr_line' id='line_1_3' title="bbox 179 310 1759 393; baseline -0.001 -31"><span class='ocrx_word' id='word_1_17' title='bbox 179 315 314 376; x_wconf 73' lang='grc' dir='ltr'><strong><em>ἄνδρα</em></strong></span> <span class='ocrx_word' id='word_1_18' title='bbox 355 313 544 374; x_wconf 68' lang='grc' dir='ltr'><strong><em>ἕξοντας,</em></strong></span> <span class='ocrx_word' id='word_1_19' title='bbox 585 319 956 374; x_wconf 80' lang='grc' dir='ltr'><strong><em>ἐγκελευσάμενος,</em></strong></span> <span class='ocrx_word' id='word_1_20' title='bbox 985 318 1090 363; x_wconf 73' lang='grc' dir='ltr'><strong><em>ἔνθα</em></strong></span> <span class='ocrx_word' id='word_1_21' title='bbox 1117 315 1169 362; x_wconf 73' lang='grc' dir='ltr'><strong><em>ἂν</em></strong></span> <span class='ocrx_word' id='word_1_22' title='bbox 1204 317 1390 374; x_wconf 78' lang='grc' dir='ltr'><strong><em>μάθοιεν</em></strong></span> <span class='ocrx_word' id='word_1_23' title='bbox 1418 316 1492 362; x_wconf 79' lang='grc' dir='ltr'><strong><em>τὸν</em></strong></span> <span class='ocrx_word' id='word_1_24' title='bbox 1534 310 1759 393; x_wconf 40' lang='lat' dir='ltr'><strong><em>“Boc-Ifn‘li&#39;ifi)li</em></strong></span> 
     </span>
     <span class='ocr_line' id='line_1_4' title="bbox 177 368 1806 441; baseline 0 -13"><span class='ocrx_word' id='word_1_25' title='bbox 177 386 300 428; x_wconf 89' lang='grc' dir='ltr'><strong><em>σιλέα</em></strong></span> <span class='ocrx_word' id='word_1_26' title='bbox 338 379 463 439; x_wconf 83' lang='grc' dir='ltr'><strong><em>εἶναι,</em></strong></span> <span class='ocrx_word' id='word_1_27' title='bbox 505 386 851 439; x_wconf 80' lang='grc' dir='ltr'><strong><em>ὲπικαταλαβεῖν,</em></strong></span> <span class='ocrx_word' id='word_1_28' title='bbox 891 385 948 435; x_wconf 77' lang='grc' dir='ltr'><strong><em>ὥς</em></strong></span> <span class='ocrx_word' id='word_1_29' title='bbox 985 382 1036 428; x_wconf 69' lang='grc' dir='ltr'><strong><em>ἂν</em></strong></span> <span class='ocrx_word' id='word_1_30' title='bbox 1073 384 1132 441; x_wconf 79' lang='grc' dir='ltr'><strong><em>μὴ</em></strong></span> <span class='ocrx_word' id='word_1_31' title='bbox 1183 386 1237 429; x_wconf 79' lang='grc' dir='ltr'><strong><em>τὰ</em></strong></span> <span class='ocrx_word' id='word_1_32' title='bbox 1279 387 1500 440; x_wconf 71' lang='grc' dir='ltr'><strong><em>εἰθισμένα</em></strong></span> <span class='ocrx_word' id='word_1_33' title='bbox 1541 384 1615 428; x_wconf 75' lang='grc' dir='ltr'><strong><em>ἐπὶ</em></strong></span> <span class='ocrx_word' id='word_1_34' title='bbox 1647 368 1686 392; x_wconf 65' lang='lat'><strong><em>⁰⁸</em></strong></span> <span class='ocrx_word' id='word_1_35' title='bbox 1764 368 1806 393; x_wconf 70' lang='lat'><strong><em>¹²</em></strong></span> 
     </span>
     <span class='ocr_line' id='line_1_5' title="bbox 174 447 1613 509; baseline -0.001 -16"><span class='ocrx_word' id='word_1_36' title='bbox 174 452 407 508; x_wconf 79' lang='grc' dir='ltr'><strong><em>πρεσβευτῇ</em></strong></span> <span class='ocrx_word' id='word_1_37' title='bbox 431 449 633 507; x_wconf 79' lang='grc' dir='ltr'><strong><em>πράσσων</em></strong></span> <span class='ocrx_word' id='word_1_38' title='bbox 661 451 850 508; x_wconf 80' lang='grc' dir='ltr'><strong><em>α’ναβολῇ</em></strong></span> <span class='ocrx_word' id='word_1_39' title='bbox 873 449 1077 508; x_wconf 83' lang='grc' dir='ltr'><strong><em>χρήσοιτό</em></strong></span> <span class='ocrx_word' id='word_1_40' title='bbox 1105 468 1200 496; x_wconf 93' lang='grc' dir='ltr'><strong><em>τινι.</em></strong></span> <span class='ocrx_word' id='word_1_41' title='bbox 1254 447 1346 506; x_wconf 76' lang='grc' dir='ltr'><strong><em>ἅμα</em></strong></span> <span class='ocrx_word' id='word_1_42' title='bbox 1371 450 1454 509; x_wconf 72' lang='grc' dir='ltr'><strong><em>γάρ</em></strong></span> <span class='ocrx_word' id='word_1_43' title='bbox 1481 448 1613 507; x_wconf 53' lang='grc' dir='ltr'><strong><em>ἤβούα</em></strong></span> 
     </span>
     <span class='ocr_line' id='line_1_6' title="bbox 150 515 1615 575; baseline 0.001 -17"><span class='ocrx_word' id='word_1_44' title='bbox 150 520 272 564; x_wconf 72' lang='grc' dir='ltr'><strong><em>ὄλετο</em></strong></span> <span class='ocrx_word' id='word_1_45' title='bbox 326 516 400 559; x_wconf 77' lang='grc' dir='ltr'><strong><em>καὶ</em></strong></span> <span class='ocrx_word' id='word_1_46' title='bbox 447 518 645 571; x_wconf 82' lang='grc' dir='ltr'><strong><em>πολέμοις</em></strong></span> <span class='ocrx_word' id='word_1_47' title='bbox 687 515 850 570; x_wconf 81' lang='grc' dir='ltr'><strong><em>ὅμιλεῖν</em></strong></span> <span class='ocrx_word' id='word_1_48' title='bbox 888 519 962 560; x_wconf 82' lang='grc' dir='ltr'>καί</span> <span class='ocrx_word' id='word_1_49' title='bbox 1003 519 1208 572; x_wconf 69' lang='grc' dir='ltr'><strong><em>δέχεσθαι</em></strong></span> <span class='ocrx_word' id='word_1_50' title='bbox 1248 516 1327 574; x_wconf 77' lang='grc' dir='ltr'><strong><em>τήν</em></strong></span> <span class='ocrx_word' id='word_1_51' title='bbox 1365 518 1615 575; x_wconf 84' lang='grc' dir='ltr'><strong><em>πρεσβείαν·</em></strong></span> 
     </span>
     <span class='ocr_line' id='line_1_7' title="bbox 178 576 1620 641; baseline 0 -17"><span class='ocrx_word' id='word_1_52' title='bbox 178 580 312 641; x_wconf 77' lang='grc' dir='ltr'><strong><em>ταύτῃ</em></strong></span> <span class='ocrx_word' id='word_1_53' title='bbox 340 580 416 639; x_wconf 76' lang='grc' dir='ltr'><strong><em>γὰρ</em></strong></span> <span class='ocrx_word' id='word_1_54' title='bbox 441 581 692 639; x_wconf 83' lang='grc' dir='ltr'><strong><em>ἐκφοβήσειν</em></strong></span> <span class='ocrx_word' id='word_1_55' title='bbox 711 576 812 641; x_wconf 71' lang='grc' dir='ltr'><strong><em>ᾤετο</em></strong></span> <span class='ocrx_word' id='word_1_56' title='bbox 830 585 876 633; x_wconf 80' lang='grc' dir='ltr'><strong><em>ἒς</em></strong></span> <span class='ocrx_word' id='word_1_57' title='bbox 893 581 1154 637; x_wconf 80' lang='grc' dir='ltr'><strong><em>τοὶ-μάλιστα</em></strong></span> <span class='ocrx_word' id='word_1_58' title='bbox 1168 581 1426 638; x_wconf 61' lang='grc' dir='ltr'><strong><em>ζΡωμαίους.</em></strong></span> <span class='ocrx_word' id='word_1_59' title='bbox 1480 585 1538 641; x_wconf 77' lang='grc' dir='ltr'><strong><em>τῷ</em></strong></span> <span class='ocrx_word' id='word_1_60' title='bbox 1553 597 1620 626; x_wconf 81' lang='grc' dir='ltr'><strong><em>τοι·</em></strong></span> 
     </span>
     <span class='ocr_line' id='line_1_8' title="bbox 177 641 1743 706; baseline 0.002 -17"><span class='ocrx_word' id='word_1_61' title='bbox 177 641 263 703; x_wconf 73' lang='grc' dir='ltr'><strong><em>ὅρα</em></strong></span> <span class='ocrx_word' id='word_1_62' title='bbox 291 647 368 703; x_wconf 81' lang='grc' dir='ltr'><strong><em>τὴν</em></strong></span> <span class='ocrx_word' id='word_1_63' title='bbox 395 645 631 704; x_wconf 77' lang='grc' dir='ltr'><strong><em>ὁδοιπορίαν</em></strong></span> <span class='ocrx_word' id='word_1_64' title='bbox 670 647 878 698; x_wconf 73' lang='grc' dir='ltr'><strong><em>διανύσας</em></strong></span> <span class='ocrx_word' id='word_1_65' title='bbox 919 647 990 692; x_wconf 73' lang='grc' dir='ltr'><strong><em>διὰ</em></strong></span> <span class='ocrx_word' id='word_1_66' title='bbox 1018 652 1096 692; x_wconf 78' lang='grc' dir='ltr'><strong><em>τοῦ</em></strong></span> <span class='ocrx_word' id='word_1_67' title='bbox 1123 653 1345 705; x_wconf 80' lang='grc' dir='ltr'><strong><em>λεγομένου</em></strong></span> <span class='ocrx_word' id='word_1_68' title='bbox 1370 649 1743 706; x_wconf 62' lang='grc' dir='ltr'><strong><em>Ἆρ’ῥεστῶνῩΛΟῚ</em></strong></span> 
     </span>
     <span class='ocr_line' id='line_1_9' title="bbox 177 710 1620 774; baseline 0.002 -19"><span class='ocrx_word' id='word_1_69' title='bbox 177 715 375 768; x_wconf 76' lang='grc' dir='ltr'><strong><em>κλίματος</em></strong></span> <span class='ocrx_word' id='word_1_70' title='bbox 403 712 472 756; x_wconf 74' lang='grc' dir='ltr'><strong><em>καὶ</em></strong></span> <span class='ocrx_word' id='word_1_71' title='bbox 495 715 574 756; x_wconf 81' lang='grc' dir='ltr'><strong><em>τοῦ</em></strong></span> <span class='ocrx_word' id='word_1_72' title='bbox 599 716 890 770; x_wconf 79' lang='grc' dir='ltr'><strong><em>Μαρεπτικῶν</em></strong></span> <span class='ocrx_word' id='word_1_73' title='bbox 922 715 1096 772; x_wconf 78' lang='grc' dir='ltr'><strong><em>ἄφίκετο</em></strong></span> <span class='ocrx_word' id='word_1_74' title='bbox 1123 716 1168 758; x_wconf 81' lang='grc' dir='ltr'><strong><em>ἐν</em></strong></span> <span class='ocrx_word' id='word_1_75' title='bbox 1187 717 1514 774; x_wconf 76' lang='grc' dir='ltr'><strong><em>Περσαρμενίᾳ,</em></strong></span> <span class='ocrx_word' id='word_1_76' title='bbox 1543 710 1620 758; x_wconf 77' lang='grc' dir='ltr'><strong><em>οὔκ</em></strong></span> 
     </span>
     <span class='ocr_line' id='line_1_10' title="bbox 178 777 1623 839; baseline 0.003 -19"><span class='ocrx_word' id='word_1_77' title='bbox 178 779 381 832; x_wconf 80' lang='grc' dir='ltr'><strong><em>οἰομένων</em></strong></span> <span class='ocrx_word' id='word_1_78' title='bbox 405 781 483 823; x_wconf 74' lang='grc' dir='ltr'><strong><em>ταῖν</em></strong></span> <span class='ocrx_word' id='word_1_79' title='bbox 514 780 745 834; x_wconf 80' lang='grc' dir='ltr'><strong><em>Ῥωμαίων</em></strong></span> <span class='ocrx_word' id='word_1_80' title='bbox 782 778 893 824; x_wconf 72' lang='grc' dir='ltr'><strong><em>οὕτω</em></strong></span> <span class='ocrx_word' id='word_1_81' title='bbox 919 797 967 837; x_wconf 87' lang='grc' dir='ltr'><strong><em>γε</em></strong></span> <span class='ocrx_word' id='word_1_82' title='bbox 995 779 1129 839; x_wconf 86' lang='grc' dir='ltr'><strong><em>δήπου</em></strong></span> <span class='ocrx_word' id='word_1_83' title='bbox 1159 783 1310 825; x_wconf 76' lang='grc' dir='ltr'><strong><em>θᾶττον</em></strong></span> <span class='ocrx_word' id='word_1_84' title='bbox 1338 779 1452 837; x_wconf 80' lang='grc' dir='ltr'><strong><em>ἥξειν</em></strong></span> <span class='ocrx_word' id='word_1_85' title='bbox 1481 777 1623 825; x_wconf 67' lang='grc' dir='ltr'><strong><em>αὐτόν.</em></strong></span> 
     </span>
     <span class='ocr_line' id='line_1_11' title="bbox 127 843 1619 905; baseline 0.003 -19"><span class='ocrx_word' id='word_1_86' title='bbox 127 843 390 892; x_wconf 74' lang='grc' dir='ltr'><strong><em>ιοεῖωθότων</em></strong></span> <span class='ocrx_word' id='word_1_87' title='bbox 413 843 492 902; x_wconf 76' lang='grc' dir='ltr'><strong><em>γάρ</em></strong></span> <span class='ocrx_word' id='word_1_88' title='bbox 515 848 602 890; x_wconf 72' lang='grc' dir='ltr'><strong><em>ταῖν</em></strong></span> <span class='ocrx_word' id='word_1_89' title='bbox 629 849 816 903; x_wconf 77' lang='grc' dir='ltr'><strong><em>Περσῶν</em></strong></span> <span class='ocrx_word' id='word_1_90' title='bbox 842 848 889 891; x_wconf 77' lang='grc' dir='ltr'><strong><em>ἐν</em></strong></span> <span class='ocrx_word' id='word_1_91' title='bbox 925 853 1014 898; x_wconf 85' lang='grc' dir='ltr'><strong><em>τοῖς</em></strong></span> <span class='ocrx_word' id='word_1_92' title='bbox 1040 846 1282 905; x_wconf 74' lang='grc' dir='ltr'><strong><em>ἔμπροσθεν</em></strong></span> <span class='ocrx_word' id='word_1_93' title='bbox 1306 845 1473 903; x_wconf 77' lang='grc' dir='ltr'><strong><em>χρόνοις</em></strong></span> <span class='ocrx_word' id='word_1_94' title='bbox 1502 846 1619 905; x_wconf 78' lang='grc' dir='ltr'><strong><em>ἀμφὶ</em></strong></span> 
     </span>
     <span class='ocr_line' id='line_1_12' title="bbox 175 908 1656 972; baseline 0.003 -20"><span class='ocrx_word' id='word_1_95' title='bbox 175 908 224 953; x_wconf 83' lang='grc' dir='ltr'><strong><em>τὸ</em></strong></span> <span class='ocrx_word' id='word_1_96' title='bbox 253 912 384 967; x_wconf 84' lang='grc' dir='ltr'><strong><em>πέρας</em></strong></span> <span class='ocrx_word' id='word_1_97' title='bbox 416 916 490 955; x_wconf 71' lang='grc' dir='ltr'><strong><em>τοῦ</em></strong></span> <span class='ocrx_word' id='word_1_98' title='bbox 513 911 588 969; x_wconf 80' lang='grc' dir='ltr'><strong><em>τὴν</em></strong></span> <span class='ocrx_word' id='word_1_99' title='bbox 625 914 870 968; x_wconf 80' lang='grc' dir='ltr'><strong><em>ἐπωνυμίαν</em></strong></span> <span class='ocrx_word' id='word_1_100' title='bbox 909 911 1158 969; x_wconf 73' lang='grc' dir='ltr'><strong><em>Αὐγούστου</em></strong></span> <span class='ocrx_word' id='word_1_101' title='bbox 1184 913 1509 972; x_wconf 82' lang='grc' dir='ltr'><strong><em>κληρωσαμένου</em></strong></span> <span class='ocrx_word' id='word_1_102' title='bbox 1533 918 1656 970; x_wconf 81' lang='grc' dir='ltr'><strong><em>μη-Ῑ)</em></strong></span> 
     </span>
     <span class='ocr_line' id='line_1_13' title="bbox 175 973 1623 1037; baseline 0.001 -17"><span class='ocrx_word' id='word_1_103' title='bbox 175 974 249 1026; x_wconf 82' lang='grc' dir='ltr'><strong><em>νὸς</em></strong></span> <span class='ocrx_word' id='word_1_104' title='bbox 275 973 584 1035; x_wconf 71' lang='grc' dir='ltr'><strong><em>ἆναφαίνεσθαι</em></strong></span> <span class='ocrx_word' id='word_1_105' title='bbox 612 977 719 1022; x_wconf 75' lang='grc' dir='ltr'><strong><em>κατὰ</em></strong></span> <span class='ocrx_word' id='word_1_106' title='bbox 743 978 796 1036; x_wconf 78' lang='grc' dir='ltr'><em>δὴ</em></span> <span class='ocrx_word' id='word_1_107' title='bbox 824 983 901 1036; x_wconf 76' lang='grc' dir='ltr'><strong><em>τῆς</em></strong></span> <span class='ocrx_word' id='word_1_108' title='bbox 927 981 1114 1037; x_wconf 81' lang='grc' dir='ltr'><strong><em>Περσῶν</em></strong></span> <span class='ocrx_word' id='word_1_109' title='bbox 1135 977 1363 1037; x_wconf 83' lang='grc' dir='ltr'><strong><em>Ἀρμενίας</em></strong></span> <span class='ocrx_word' id='word_1_110' title='bbox 1398 982 1473 1023; x_wconf 84' lang='grc' dir='ltr'><em>καί</em></span> <span class='ocrx_word' id='word_1_111' title='bbox 1506 992 1623 1036; x_wconf 81' lang='grc' dir='ltr'><strong><em>τηνι-</em></strong></span> 
     </span>
     <span class='ocr_line' id='line_1_14' title="bbox 176 1042 1623 1103; baseline 0.003 -18"><span class='ocrx_word' id='word_1_112' title='bbox 176 1044 311 1086; x_wconf 81' lang='grc' dir='ltr'><strong><em>καῦτα</em></strong></span> <span class='ocrx_word' id='word_1_113' title='bbox 338 1042 411 1087; x_wconf 83' lang='grc' dir='ltr'><strong><em>τὸν</em></strong></span> <span class='ocrx_word' id='word_1_114' title='bbox 431 1042 612 1099; x_wconf 75' lang='grc' dir='ltr'><strong><em>πόλεμον</em></strong></span> <span class='ocrx_word' id='word_1_115' title='bbox 639 1052 902 1102; x_wconf 79' lang='grc' dir='ltr'><strong><em>συγκροτεῖν,</em></strong></span> <span class='ocrx_word' id='word_1_116' title='bbox 930 1045 1189 1103; x_wconf 86' lang='grc' dir='ltr'><strong><em>προτερήσας</em></strong></span> <span class='ocrx_word' id='word_1_117' title='bbox 1216 1042 1345 1097; x_wconf 69' lang='grc' dir='ltr'><strong><em>αὐτὸς</em></strong></span> <span class='ocrx_word' id='word_1_118' title='bbox 1371 1045 1623 1103; x_wconf 63' lang='grc' dir='ltr'><strong><em>εἰσήρρησεν</em></strong></span> 
     </span>
     <span class='ocr_line' id='line_1_15' title="bbox 177 1108 1627 1168; baseline 0.003 -18"><span class='ocrx_word' id='word_1_119' title='bbox 177 1108 347 1167; x_wconf 59' lang='grc' dir='ltr'><strong><em>αὐτόθι.</em></strong></span> <span class='ocrx_word' id='word_1_120' title='bbox 398 1112 632 1167; x_wconf 68' lang='grc' dir='ltr'><strong><em>,ξυνηνέχθη</em></strong></span> <span class='ocrx_word' id='word_1_121' title='bbox 671 1113 898 1168; x_wconf 80' lang='grc' dir='ltr'><strong><em>τοιγαροῦν</em></strong></span> <span class='ocrx_word' id='word_1_122' title='bbox 937 1109 1052 1164; x_wconf 78' lang='grc' dir='ltr'><strong><em>ἅπαξ</em></strong></span> <span class='ocrx_word' id='word_1_123' title='bbox 1091 1114 1527 1168; x_wconf 86' lang='grc' dir='ltr'><strong><em>προκατειλημμένους</em></strong></span> <span class='ocrx_word' id='word_1_124' title='bbox 1553 1109 1627 1154; x_wconf 69' lang='grc' dir='ltr'><strong><em>καὶ</em></strong></span> 
     </span>
     <span class='ocr_line' id='line_1_16' title="bbox 126 1173 1623 1231; baseline 0 -11"><span class='ocrx_word' id='word_1_125' title='bbox 126 1173 535 1231; x_wconf 72' lang='grc' dir='ltr'><strong><em>ιόἑφυστερήσαντας</em></strong></span> <span class='ocrx_word' id='word_1_126' title='bbox 581 1175 680 1226; x_wconf 80' lang='grc' dir='ltr'><strong><em>τούς</em></strong></span> <span class='ocrx_word' id='word_1_127' title='bbox 717 1176 962 1231; x_wconf 82' lang='grc' dir='ltr'><strong><em>Ῥωμαίους</em></strong></span> <span class='ocrx_word' id='word_1_128' title='bbox 1004 1178 1060 1220; x_wconf 85' lang='grc' dir='ltr'><strong><em>δι’</em></strong></span> <span class='ocrx_word' id='word_1_129' title='bbox 1103 1174 1204 1220; x_wconf 80' lang='grc' dir='ltr'><strong><em>ὅλου</em></strong></span> <span class='ocrx_word' id='word_1_130' title='bbox 1242 1180 1322 1220; x_wconf 81' lang='grc' dir='ltr'><strong><em>τοῦ</em></strong></span> <span class='ocrx_word' id='word_1_131' title='bbox 1348 1176 1469 1227; x_wconf 82' lang='grc' dir='ltr'><strong><em>ἔτους</em></strong></span> <span class='ocrx_word' id='word_1_132' title='bbox 1497 1178 1623 1220; x_wconf 77' lang='grc' dir='ltr'><strong><em>οὐδὲν</em></strong></span> 
     </span>
     <span class='ocr_line' id='line_1_17' title="bbox 176 1238 1622 1302; baseline 0.002 -20"><span class='ocrx_word' id='word_1_133' title='bbox 176 1238 320 1282; x_wconf 79' lang='grc' dir='ltr'><strong><em>ὅτιοῦν</em></strong></span> <span class='ocrx_word' id='word_1_134' title='bbox 335 1243 440 1298; x_wconf 80' lang='grc' dir='ltr'><strong><em>σφᾶς</em></strong></span> <span class='ocrx_word' id='word_1_135' title='bbox 460 1240 779 1298; x_wconf 75' lang='grc' dir='ltr'><strong><em>διαπράξασθαι</em></strong></span> <span class='ocrx_word' id='word_1_136' title='bbox 799 1241 845 1286; x_wconf 78' lang='grc' dir='ltr'><strong><em>ἐν</em></strong></span> <span class='ocrx_word' id='word_1_137' title='bbox 873 1245 1019 1302; x_wconf 74' lang='grc' dir='ltr'><strong><em>καιρῷ.</em></strong></span> <span class='ocrx_word' id='word_1_138' title='bbox 1074 1238 1170 1287; x_wconf 66' lang='grc' dir='ltr'><strong><em>οὔτε</em></strong></span> <span class='ocrx_word' id='word_1_139' title='bbox 1196 1242 1278 1301; x_wconf 74' lang='grc' dir='ltr'><strong><em>γὰρ</em></strong></span> <span class='ocrx_word' id='word_1_140' title='bbox 1299 1242 1344 1286; x_wconf 82' lang='grc' dir='ltr'><strong><em>τὸ</em></strong></span> <span class='ocrx_word' id='word_1_141' title='bbox 1376 1242 1622 1299; x_wconf 75' lang='grc' dir='ltr'><strong><em>στράτευμα</em></strong></span> 
     </span>
     <span class='ocr_line' id='line_1_18' title="bbox 175 1305 1624 1366; baseline 0.002 -19"><span class='ocrx_word' id='word_1_142' title='bbox 175 1305 445 1362; x_wconf 74' lang='grc' dir='ltr'><strong><em>ξυνήθροιστο</em></strong></span> <span class='ocrx_word' id='word_1_143' title='bbox 487 1307 535 1350; x_wconf 90' lang='grc' dir='ltr'><strong><em>τὸ</em></strong></span> <span class='ocrx_word' id='word_1_144' title='bbox 575 1305 842 1363; x_wconf 70' lang='grc' dir='ltr'><strong><em>“Ρωμαϊκὸν,</em></strong></span> <span class='ocrx_word' id='word_1_145' title='bbox 891 1311 980 1351; x_wconf 67' lang='grc' dir='ltr'><strong><em>ἀλλ’</em></strong></span> <span class='ocrx_word' id='word_1_146' title='bbox 1010 1308 1051 1352; x_wconf 84' lang='grc' dir='ltr'><strong><em>οἱ</em></strong></span> <span class='ocrx_word' id='word_1_147' title='bbox 1090 1312 1169 1364; x_wconf 85' lang='grc' dir='ltr'><strong><em>μὲν</em></strong></span> <span class='ocrx_word' id='word_1_148' title='bbox 1195 1308 1296 1366; x_wconf 76' lang='grc' dir='ltr'><strong><em>περὶ</em></strong></span> <span class='ocrx_word' id='word_1_149' title='bbox 1322 1311 1522 1366; x_wconf 82' lang='grc' dir='ltr'><strong><em>Κοῦρσον</em></strong></span> <span class='ocrx_word' id='word_1_150' title='bbox 1548 1309 1624 1350; x_wconf 81' lang='grc' dir='ltr'><strong><em>καί</em></strong></span> 
     </span>
     <span class='ocr_line' id='line_1_19' title="bbox 178 1369 1623 1431; baseline 0.002 -16"><span class='ocrx_word' id='word_1_151' title='bbox 178 1369 399 1428; x_wconf 75' lang='grc' dir='ltr'><strong><em>Θεόδωρον</em></strong></span> <span class='ocrx_word' id='word_1_152' title='bbox 425 1371 520 1423; x_wconf 76' lang='grc' dir='ltr'><strong><em>τούς</em></strong></span> <span class='ocrx_word' id='word_1_153' title='bbox 546 1374 817 1430; x_wconf 77' lang='grc' dir='ltr'><strong><em>στρατιώτας,</em></strong></span> <span class='ocrx_word' id='word_1_154' title='bbox 846 1374 992 1431; x_wconf 69' lang='grc' dir='ltr'><strong><em>ἐπειδὴ</em></strong></span> <span class='ocrx_word' id='word_1_155' title='bbox 1024 1377 1170 1426; x_wconf 77' lang='grc' dir='ltr'><strong><em>αὐτοῖς</em></strong></span> <span class='ocrx_word' id='word_1_156' title='bbox 1197 1374 1440 1431; x_wconf 73' lang='grc' dir='ltr'><strong><em>ἀπήγγελτο,</em></strong></span> <span class='ocrx_word' id='word_1_157' title='bbox 1470 1375 1526 1426; x_wconf 76' lang='grc' dir='ltr'><strong><em>ὥς</em></strong></span> <span class='ocrx_word' id='word_1_158' title='bbox 1553 1389 1623 1418; x_wconf 75' lang='grc' dir='ltr'><strong><em>νε-</em></strong></span> 
     </span>
     <span class='ocr_line' id='line_1_20' title="bbox 173 1438 1624 1497; baseline 0.002 -18"><span class='ocrx_word' id='word_1_159' title='bbox 173 1440 282 1496; x_wconf 76' lang='grc' dir='ltr'><strong><em>μεσᾷ</em></strong></span> <span class='ocrx_word' id='word_1_160' title='bbox 308 1454 354 1480; x_wconf 85' lang='grc' dir='ltr'><strong><em>τε</em></strong></span> <span class='ocrx_word' id='word_1_161' title='bbox 381 1438 451 1482; x_wconf 75' lang='grc' dir='ltr'><strong><em>καὶ</em></strong></span> <span class='ocrx_word' id='word_1_162' title='bbox 476 1440 705 1494; x_wconf 79' lang='grc' dir='ltr'><strong><em>α’γανακτεῑ·</em></strong></span> <span class='ocrx_word' id='word_1_163' title='bbox 727 1439 749 1482; x_wconf 82' lang='grc' dir='ltr'>ὁ</span> <span class='ocrx_word' id='word_1_164' title='bbox 773 1444 975 1497; x_wconf 84' lang='grc' dir='ltr'><strong><em>Καῖσαρ,</em></strong></span> <span class='ocrx_word' id='word_1_165' title='bbox 1005 1439 1074 1484; x_wconf 76' lang='grc' dir='ltr'><strong><em>ὅτι</em></strong></span> <span class='ocrx_word' id='word_1_166' title='bbox 1102 1440 1154 1497; x_wconf 75' lang='grc' dir='ltr'><strong><em>δή</em></strong></span> <span class='ocrx_word' id='word_1_167' title='bbox 1184 1440 1429 1497; x_wconf 82' lang='grc' dir='ltr'><strong><em>ἐσβαλόντες</em></strong></span> <span class='ocrx_word' id='word_1_168' title='bbox 1456 1444 1502 1484; x_wconf 79' lang='grc' dir='ltr'><strong><em>ἐν</em></strong></span> <span class='ocrx_word' id='word_1_169' title='bbox 1522 1441 1624 1485; x_wconf 82' lang='grc' dir='ltr'><strong><em>Ἀλ-</em></strong></span> 
     </span>
     <span class='ocr_line' id='line_1_21' title="bbox 119 1498 1623 1564; baseline 0.002 -18"><span class='ocrx_word' id='word_1_170' title='bbox 119 1498 314 1563; x_wconf 63' lang='grc' dir='ltr'><strong><em>ῃοβανίᾳ</em></strong></span> <span class='ocrx_word' id='word_1_171' title='bbox 337 1503 398 1561; x_wconf 78' lang='grc' dir='ltr'><strong><em>μή</em></strong></span> <span class='ocrx_word' id='word_1_172' title='bbox 437 1505 667 1562; x_wconf 71' lang='grc' dir='ltr'><strong><em>ἀνέστησαν</em></strong></span> <span class='ocrx_word' id='word_1_173' title='bbox 711 1503 899 1557; x_wconf 73' lang='grc' dir='ltr'><strong><em>ἅπαντας</em></strong></span> <span class='ocrx_word' id='word_1_174' title='bbox 926 1501 1230 1564; x_wconf 72' lang='grc' dir='ltr'><strong><em>Σαβείρουςτε</em></strong></span> <span class='ocrx_word' id='word_1_175' title='bbox 1265 1507 1338 1550; x_wconf 82' lang='grc' dir='ltr'><strong><em>καί</em></strong></span> <span class='ocrx_word' id='word_1_176' title='bbox 1359 1505 1592 1562; x_wconf 77' lang='grc' dir='ltr'><strong><em>Ἀλβανοῦς</em></strong></span> <span class='ocrx_word' id='word_1_177' title='bbox 1607 1538 1623 1561; x_wconf 86' lang='grc'><em>,</em></span> 
     </span>
     <span class='ocr_line' id='line_1_22' title="bbox 150 1566 1626 1630; baseline 0.003 -19"><span class='ocrx_word' id='word_1_178' title='bbox 150 1571 152 1573; x_wconf 70' lang='grc'><strong>’</strong></span> <span class='ocrx_word' id='word_1_179' title='bbox 174 1570 263 1624; x_wconf 64' lang='lat' dir='ltr'><strong><em>&lt;im</em></strong></span> <span class='ocrx_word' id='word_1_180' title='bbox 292 1566 358 1613; x_wconf 76' lang='grc' dir='ltr'><strong><em>ὅτι</em></strong></span> <span class='ocrx_word' id='word_1_181' title='bbox 386 1567 555 1628; x_wconf 82' lang='grc' dir='ltr'><strong><em>ὅμήροις</em></strong></span> <span class='ocrx_word' id='word_1_182' title='bbox 581 1571 828 1623; x_wconf 73' lang='grc' dir='ltr'><strong><em>πεποιθότες</em></strong></span> <span class='ocrx_word' id='word_1_183' title='bbox 856 1572 1144 1630; x_wconf 78' lang='grc' dir='ltr'><strong><em>ἐξεχώρησαν·</em></strong></span> <span class='ocrx_word' id='word_1_184' title='bbox 1197 1571 1492 1629; x_wconf 86' lang='grc' dir='ltr'><strong><em>κατεγνωκότες</em></strong></span> <span class='ocrx_word' id='word_1_185' title='bbox 1508 1589 1552 1616; x_wconf 89' lang='grc' dir='ltr'><strong><em>τε</em></strong></span> <span class='ocrx_word' id='word_1_186' title='bbox 1579 1574 1626 1625; x_wconf 72' lang='grc' dir='ltr'><strong><em>ἐξ</em></strong></span> 
     </span>
     <span class='ocr_line' id='line_1_23' title="bbox 175 1633 1745 1697; baseline 0.003 -19"><span class='ocrx_word' id='word_1_187' title='bbox 175 1635 307 1692; x_wconf 75' lang='grc' dir='ltr'><strong><em>αὐτῆς</em></strong></span> <span class='ocrx_word' id='word_1_188' title='bbox 334 1638 406 1693; x_wconf 81' lang='grc' dir='ltr'><strong><em>τῆς</em></strong></span> <span class='ocrx_word' id='word_1_189' title='bbox 432 1639 598 1695; x_wconf 85' lang='grc' dir='ltr'><strong><em>πείρας,</em></strong></span> <span class='ocrx_word' id='word_1_190' title='bbox 635 1639 694 1697; x_wconf 71' lang='grc' dir='ltr'><strong><em>τῷ</em></strong></span> <span class='ocrx_word' id='word_1_191' title='bbox 723 1633 958 1696; x_wconf 81' lang='grc' dir='ltr'><strong><em>ἇφηνιάσαι</em></strong></span> <span class='ocrx_word' id='word_1_192' title='bbox 1003 1636 1156 1682; x_wconf 71' lang='grc' dir='ltr'><strong><em>αὐτίκα</em></strong></span> <span class='ocrx_word' id='word_1_193' title='bbox 1180 1638 1264 1682; x_wconf 86' lang='grc' dir='ltr'><strong><em>α’πὸ</em></strong></span> <span class='ocrx_word' id='word_1_194' title='bbox 1289 1637 1522 1694; x_wconf 68' lang='grc' dir='ltr'><strong><em>“.Ρωμαίων</em></strong></span> <span class='ocrx_word' id='word_1_195' title='bbox 1549 1637 1622 1682; x_wconf 83' lang='grc' dir='ltr'><strong><em>τὸν</em></strong></span> <span class='ocrx_word' id='word_1_196' title='bbox 1632 1645 1745 1693; x_wconf 81' lang='grc' dir='ltr'><strong><em>Ρ.ι59</em></strong></span> 
     </span>
     <span class='ocr_line' id='line_1_24' title="bbox 265 1725 1624 1783; baseline 0.002 -22"><span class='ocrx_word' id='word_1_197' title='bbox 265 1737 298 1761; x_wconf 77' lang='lat'><strong><em>2.</em></strong></span> <span class='ocrx_word' id='word_1_198' title='bbox 324 1725 644 1774; x_wconf 74' lang='grc' dir='ltr'><strong><em>ἐγκελευσάμενος</em></strong></span> <span class='ocrx_word' id='word_1_199' title='bbox 663 1729 716 1771; x_wconf 88' lang='grc' dir='ltr'><strong><em>Β.,</em></strong></span> <span class='ocrx_word' id='word_1_200' title='bbox 740 1728 1043 1776; x_wconf 74' lang='grc' dir='ltr'><strong><em>ἐγκαλεσάμενος</em></strong></span> <span class='ocrx_word' id='word_1_201' title='bbox 1065 1729 1162 1776; x_wconf 87' lang='lat' dir='ltr'><strong>vulg.</strong></span> <span class='ocrx_word' id='word_1_202' title='bbox 1259 1731 1310 1765; x_wconf 80' lang='lat'><strong><em>15.</em></strong></span> <span class='ocrx_word' id='word_1_203' title='bbox 1334 1728 1624 1783; x_wconf 75' lang='grc' dir='ltr'><strong><em>ὔφυστερῆσαν-</em></strong></span> 
     </span>
    </p>
   </div>
   <div class='ocr_carea' id='block_1_3' title="bbox 266 1773 1621 1869">
    <p class='ocr_par' dir='ltr' id='par_1_3' title="bbox 266 1773 1621 1869">
     <span class='ocr_line' id='line_1_25' title="bbox 266 1773 1621 1823; baseline 0.003 -18"><span class='ocrx_word' id='word_1_204' title='bbox 266 1784 333 1810; x_wconf 81' lang='grc' dir='ltr'><strong><em>τας</em></strong></span> <span class='ocrx_word' id='word_1_205' title='bbox 355 1773 447 1818; x_wconf 89' lang='lat' dir='ltr'>vulg.</span> <span class='ocrx_word' id='word_1_206' title='bbox 547 1787 598 1821; x_wconf 87' lang='lat'><strong><em>¹7-</em></strong></span> <span class='ocrx_word' id='word_1_207' title='bbox 622 1777 712 1821; x_wconf 78' lang='grc' dir='ltr'><strong><em>περὶ</em></strong></span> <span class='ocrx_word' id='word_1_208' title='bbox 739 1787 808 1808; x_wconf 88' lang='lat' dir='ltr'><strong>orn.</strong></span> <span class='ocrx_word' id='word_1_209' title='bbox 840 1776 895 1810; x_wconf 85' lang='lat' dir='ltr'><strong><em>ed.</em></strong></span> <span class='ocrx_word' id='word_1_210' title='bbox 920 1778 996 1810; x_wconf 89' lang='lat' dir='ltr'><strong>Par.</strong></span> <span class='ocrx_word' id='word_1_211' title='bbox 1128 1779 1183 1813; x_wconf 83' lang='lat'><strong><em>18.</em></strong></span> <span class='ocrx_word' id='word_1_212' title='bbox 1207 1774 1440 1823; x_wconf 73' lang='grc' dir='ltr'><strong><em>στρατηγοὺς</em></strong></span> <span class='ocrx_word' id='word_1_213' title='bbox 1462 1787 1556 1811; x_wconf 76' lang='lat' dir='ltr'><strong>conl.</strong></span> <span class='ocrx_word' id='word_1_214' title='bbox 1582 1777 1621 1810; x_wconf 91' lang='lat' dir='ltr'><strong><em>B.</em></strong></span> 
     </span>
     <span class='ocr_line' id='line_1_26' title="bbox 267 1818 1567 1869; baseline 0 -14"><span class='ocrx_word' id='word_1_215' title='bbox 267 1818 480 1866; x_wconf 73' lang='grc' dir='ltr'><strong><em>ἀπήγγελτο</em></strong></span> <span class='ocrx_word' id='word_1_216' title='bbox 507 1821 559 1863; x_wconf 82' lang='grc' dir='ltr'><strong><em>Β.,</em></strong></span> <span class='ocrx_word' id='word_1_217' title='bbox 580 1820 828 1868; x_wconf 74' lang='grc' dir='ltr'><strong><em>ἀπήγγελλον</em></strong></span> <span class='ocrx_word' id='word_1_218' title='bbox 849 1822 944 1869; x_wconf 82' lang='lat' dir='ltr'>vulg.</span> <span class='ocrx_word' id='word_1_219' title='bbox 1563 1843 1567 1846; x_wconf 88' lang='lat'><em>-</em></span> 
     </span>
    </p>
   </div>
   <div class='ocr_carea' id='block_1_4' title="bbox 172 1893 1627 2786">
    <p class='ocr_par' dir='ltr' id='par_1_4' title="bbox 172 1893 1624 1941">
     <span class='ocr_line' id='line_1_27' title="bbox 172 1893 1624 1941; baseline 0.001 -13"><span class='ocrx_word' id='word_1_220' title='bbox 172 1895 188 1932; x_wconf 76' lang='grc' dir='ltr'><strong><em>,Ξ</em></strong></span> <span class='ocrx_word' id='word_1_221' title='bbox 217 1904 256 1928; x_wconf 90' lang='lat' dir='ltr'><strong><em>se</em></strong></span> <span class='ocrx_word' id='word_1_222' title='bbox 270 1905 314 1928; x_wconf 90' lang='lat' dir='ltr'><strong>eo</strong></span> <span class='ocrx_word' id='word_1_223' title='bbox 333 1893 379 1927; x_wconf 88' lang='lat' dir='ltr'><strong>ad</strong></span> <span class='ocrx_word' id='word_1_224' title='bbox 393 1894 432 1928; x_wconf 91' lang='lat' dir='ltr'><strong><em>id</em></strong></span> <span class='ocrx_word' id='word_1_225' title='bbox 445 1895 776 1941; x_wconf 84' lang='lat' dir='ltr'><strong>mitteret,agerent</strong></span> <span class='ocrx_word' id='word_1_226' title='bbox 789 1901 826 1930; x_wconf 90' lang='lat' dir='ltr'><strong><em>et</em></strong></span> <span class='ocrx_word' id='word_1_227' title='bbox 839 1898 1101 1931; x_wconf 85' lang='lat' dir='ltr'><strong>controversias</strong></span> <span class='ocrx_word' id='word_1_228' title='bbox 1120 1896 1345 1931; x_wconf 81' lang='lat' dir='ltr'><strong>dirimerent.</strong></span> <span class='ocrx_word' id='word_1_229' title='bbox 1364 1894 1487 1941; x_wconf 89' lang='lat' dir='ltr'><strong>Quum</strong></span> <span class='ocrx_word' id='word_1_230' title='bbox 1501 1895 1624 1937; x_wconf 78' lang='lat' dir='ltr'><strong>Tbeo-</strong></span> 
     </span>
    </p>

    <p class='ocr_par' dir='ltr' id='par_1_5' title="bbox 172 1940 1627 2786">
     <span class='ocr_line' id='line_1_28' title="bbox 205 1940 1621 1991; baseline 0.001 -16"><span class='ocrx_word' id='word_1_231' title='bbox 205 1953 289 1975; x_wconf 86' lang='lat' dir='ltr'><strong>orus</strong></span> <span class='ocrx_word' id='word_1_232' title='bbox 317 1940 363 1974; x_wconf 90' lang='lat' dir='ltr'><strong>ad</strong></span> <span class='ocrx_word' id='word_1_233' title='bbox 385 1942 498 1977; x_wconf 88' lang='lat' dir='ltr'><strong>Daras</strong></span> <span class='ocrx_word' id='word_1_234' title='bbox 525 1942 757 1984; x_wconf 81' lang='lat' dir='ltr'><strong>accessisset,</strong></span> <span class='ocrx_word' id='word_1_235' title='bbox 779 1943 964 1977; x_wconf 85' lang='lat' dir='ltr'><strong>Persarum</strong></span> <span class='ocrx_word' id='word_1_236' title='bbox 985 1955 1048 1977; x_wconf 80' lang='lat' dir='ltr'><strong><em>rex</em></strong></span> <span class='ocrx_word' id='word_1_237' title='bbox 1073 1943 1127 1976; x_wconf 91' lang='lat' dir='ltr'><strong><em>ibi</em></strong></span> <span class='ocrx_word' id='word_1_238' title='bbox 1151 1944 1362 1991; x_wconf 83' lang='lat' dir='ltr'>reliquerat,</span> <span class='ocrx_word' id='word_1_239' title='bbox 1386 1943 1450 1988; x_wconf 90' lang='lat' dir='ltr'><strong><em>qui</em></strong></span> <span class='ocrx_word' id='word_1_240' title='bbox 1466 1954 1549 1977; x_wconf 89' lang='lat' dir='ltr'><strong><em>eum</em></strong></span> <span class='ocrx_word' id='word_1_241' title='bbox 1573 1954 1621 1977; x_wconf 85' lang='lat' dir='ltr'><strong>eo</strong></span> 
     </span>
     <span class='ocr_line' id='line_1_29' title="bbox 173 1987 1622 2035; baseline 0.001 -13"><span class='ocrx_word' id='word_1_242' title='bbox 173 1987 407 2029; x_wconf 86' lang='lat' dir='ltr'><strong>deducerent,</strong></span> <span class='ocrx_word' id='word_1_243' title='bbox 431 1989 495 2022; x_wconf 90' lang='lat' dir='ltr'><strong><em>ubi</em></strong></span> <span class='ocrx_word' id='word_1_244' title='bbox 518 2000 639 2034; x_wconf 85' lang='lat' dir='ltr'><strong>regem</strong></span> <span class='ocrx_word' id='word_1_245' title='bbox 662 1990 875 2023; x_wconf 86' lang='lat' dir='ltr'><strong>commorari</strong></span> <span class='ocrx_word' id='word_1_246' title='bbox 902 1990 1175 2035; x_wconf 80' lang='lat' dir='ltr'><strong>comperissent,</strong></span> <span class='ocrx_word' id='word_1_247' title='bbox 1199 2001 1260 2031; x_wconf 90' lang='lat' dir='ltr'><strong><em>ne,</em></strong></span> <span class='ocrx_word' id='word_1_248' title='bbox 1275 1990 1351 2022; x_wconf 85' lang='lat' dir='ltr'><strong>ulla</strong></span> <span class='ocrx_word' id='word_1_249' title='bbox 1378 2001 1430 2030; x_wconf 91' lang='lat' dir='ltr'><strong><em>re,</em></strong></span> <span class='ocrx_word' id='word_1_250' title='bbox 1449 2001 1542 2035; x_wconf 86' lang='lat' dir='ltr'><strong>quae</strong></span> <span class='ocrx_word' id='word_1_251' title='bbox 1565 1990 1622 2023; x_wconf 86' lang='lat' dir='ltr'><strong>le-</strong></span> 
     </span>
     <span class='ocr_line' id='line_1_30' title="bbox 173 2035 1626 2081; baseline 0.001 -13"><span class='ocrx_word' id='word_1_252' title='bbox 173 2040 254 2081; x_wconf 84' lang='lat' dir='ltr'><strong>gato</strong></span> <span class='ocrx_word' id='word_1_253' title='bbox 281 2038 457 2080; x_wconf 84' lang='lat' dir='ltr'><strong>praestari</strong></span> <span class='ocrx_word' id='word_1_254' title='bbox 482 2035 648 2077; x_wconf 85' lang='lat' dir='ltr'><strong>solebat,</strong></span> <span class='ocrx_word' id='word_1_255' title='bbox 673 2036 803 2069; x_wconf 84' lang='lat' dir='ltr'><strong>omissa</strong></span> <span class='ocrx_word' id='word_1_256' title='bbox 825 2061 835 2077; x_wconf 97' lang='lat'><strong>,</strong></span> <span class='ocrx_word' id='word_1_257' title='bbox 874 2047 1013 2070; x_wconf 86' lang='lat' dir='ltr'><strong>moram</strong></span> <span class='ocrx_word' id='word_1_258' title='bbox 1045 2037 1104 2071; x_wconf 90' lang='lat' dir='ltr'><strong>illi</strong></span> <span class='ocrx_word' id='word_1_259' title='bbox 1135 2037 1284 2071; x_wconf 82' lang='lat' dir='ltr'><strong>faceret.</strong></span> <span class='ocrx_word' id='word_1_260' title='bbox 1332 2035 1492 2070; x_wconf 85' lang='lat' dir='ltr'>Volebat</span> <span class='ocrx_word' id='word_1_261' title='bbox 1523 2037 1626 2070; x_wconf 86' lang='lat' dir='ltr'><strong>enim</strong></span> 
     </span>
     <span class='ocr_line' id='line_1_31' title="bbox 173 2081 1625 2128; baseline 0.002 -13"><span class='ocrx_word' id='word_1_262' title='bbox 173 2082 284 2115; x_wconf 88' lang='lat' dir='ltr'><strong>simul</strong></span> <span class='ocrx_word' id='word_1_263' title='bbox 306 2081 444 2115; x_wconf 90' lang='lat' dir='ltr'><strong>bellum</strong></span> <span class='ocrx_word' id='word_1_264' title='bbox 468 2093 589 2128; x_wconf 87' lang='lat' dir='ltr'><strong>gerere</strong></span> <span class='ocrx_word' id='word_1_265' title='bbox 611 2087 649 2116; x_wconf 88' lang='lat' dir='ltr'><strong><em>et</em></strong></span> <span class='ocrx_word' id='word_1_266' title='bbox 680 2082 901 2128; x_wconf 84' lang='lat' dir='ltr'><strong>legationem</strong></span> <span class='ocrx_word' id='word_1_267' title='bbox 930 2085 1098 2128; x_wconf 82' lang='lat' dir='ltr'><strong>excipere</strong></span> <span class='ocrx_word' id='word_1_268' title='bbox 1119 2098 1130 2118; x_wconf 71' lang='grc' dir='ltr'>ι</span> <span class='ocrx_word' id='word_1_269' title='bbox 1163 2084 1217 2118; x_wconf 90' lang='lat' dir='ltr'><strong><em>sic</em></strong></span> <span class='ocrx_word' id='word_1_270' title='bbox 1249 2083 1346 2117; x_wconf 90' lang='lat' dir='ltr'><strong>enim</strong></span> <span class='ocrx_word' id='word_1_271' title='bbox 1382 2094 1422 2117; x_wconf 89' lang='lat' dir='ltr'><strong><em>se</em></strong></span> <span class='ocrx_word' id='word_1_272' title='bbox 1453 2083 1625 2118; x_wconf 74' lang='lat' dir='ltr'><strong>Romanis</strong></span> 
     </span>
     <span class='ocr_line' id='line_1_32' title="bbox 172 2129 1625 2176; baseline 0.002 -15"><span class='ocrx_word' id='word_1_273' title='bbox 172 2133 349 2163; x_wconf 86' lang='lat' dir='ltr'><strong>terrorem</strong></span> <span class='ocrx_word' id='word_1_274' title='bbox 376 2130 595 2163; x_wconf 89' lang='lat' dir='ltr'><strong>iniecturum</strong></span> <span class='ocrx_word' id='word_1_275' title='bbox 619 2139 697 2162; x_wconf 87' lang='lat' dir='ltr'><strong>esse</strong></span> <span class='ocrx_word' id='word_1_276' title='bbox 721 2130 901 2175; x_wconf 84' lang='lat' dir='ltr'><strong>sperabat.</strong></span> <span class='ocrx_word' id='word_1_277' title='bbox 948 2130 1031 2176; x_wconf 88' lang='lat' dir='ltr'><strong>Qua</strong></span> <span class='ocrx_word' id='word_1_278' title='bbox 1058 2130 1104 2164; x_wconf 88' lang='lat' dir='ltr'><strong><em>de</em></strong></span> <span class='ocrx_word' id='word_1_279' title='bbox 1129 2141 1237 2165; x_wconf 88' lang='lat' dir='ltr'><strong>causa</strong></span> <span class='ocrx_word' id='word_1_280' title='bbox 1264 2141 1344 2164; x_wconf 90' lang='lat' dir='ltr'><strong>cum</strong></span> <span class='ocrx_word' id='word_1_281' title='bbox 1374 2129 1446 2164; x_wconf 85' lang='lat' dir='ltr'><strong>iter</strong></span> <span class='ocrx_word' id='word_1_282' title='bbox 1468 2141 1542 2175; x_wconf 51' lang='lat' dir='ltr'><strong><em>¹per</em></strong></span> <span class='ocrx_word' id='word_1_283' title='bbox 1562 2140 1625 2164; x_wconf 87' lang='lat' dir='ltr'><strong><em>re-</em></strong></span> 
     </span>
     <span class='ocr_line' id='line_1_33' title="bbox 175 2175 1626 2222; baseline 0.002 -14"><span class='ocrx_word' id='word_1_284' title='bbox 175 2175 318 2220; x_wconf 85' lang='lat' dir='ltr'><strong>gionem</strong></span> <span class='ocrx_word' id='word_1_285' title='bbox 335 2201 345 2217; x_wconf 92' lang='lat'><strong>,</strong></span> <span class='ocrx_word' id='word_1_286' title='bbox 369 2187 462 2222; x_wconf 86' lang='lat' dir='ltr'><strong>quae</strong></span> <span class='ocrx_word' id='word_1_287' title='bbox 487 2176 698 2209; x_wconf 89' lang='lat' dir='ltr'><strong>Arestorum</strong></span> <span class='ocrx_word' id='word_1_288' title='bbox 721 2181 758 2209; x_wconf 87' lang='lat' dir='ltr'><strong><em>et</em></strong></span> <span class='ocrx_word' id='word_1_289' title='bbox 789 2176 1069 2222; x_wconf 84' lang='lat' dir='ltr'><strong>Marepticorum</strong></span> <span class='ocrx_word' id='word_1_290' title='bbox 1093 2176 1250 2218; x_wconf 88' lang='lat' dir='ltr'><strong>dicitur,</strong></span> <span class='ocrx_word' id='word_1_291' title='bbox 1282 2176 1447 2218; x_wconf 79' lang='lat' dir='ltr'><strong>fecisset,</strong></span> <span class='ocrx_word' id='word_1_292' title='bbox 1477 2178 1517 2210; x_wconf 89' lang='lat' dir='ltr'><strong><em>in</em></strong></span> <span class='ocrx_word' id='word_1_293' title='bbox 1540 2177 1626 2211; x_wconf 88' lang='lat' dir='ltr'><strong>Per-</strong></span> 
     </span>
     <span class='ocr_line' id='line_1_34' title="bbox 175 2222 1621 2270; baseline 0.001 -14"><span class='ocrx_word' id='word_1_294' title='bbox 175 2222 390 2256; x_wconf 85' lang='lat' dir='ltr'><strong>sarmeniam</strong></span> <span class='ocrx_word' id='word_1_295' title='bbox 417 2224 605 2268; x_wconf 84' lang='lat' dir='ltr'><strong>pervenit,</strong></span> <span class='ocrx_word' id='word_1_296' title='bbox 638 2223 914 2268; x_wconf 84' lang='lat' dir='ltr'><strong>inopinantibus</strong></span> <span class='ocrx_word' id='word_1_297' title='bbox 942 2224 1135 2265; x_wconf 87' lang='lat' dir='ltr'><strong>Romanis,</strong></span> <span class='ocrx_word' id='word_1_298' title='bbox 1161 2226 1225 2270; x_wconf 93' lang='lat' dir='ltr'><strong><em>qui</em></strong></span> <span class='ocrx_word' id='word_1_299' title='bbox 1246 2227 1319 2256; x_wconf 88' lang='lat' dir='ltr'><strong>tam</strong></span> <span class='ocrx_word' id='word_1_300' title='bbox 1347 2225 1421 2258; x_wconf 87' lang='lat' dir='ltr'><strong>cito</strong></span> <span class='ocrx_word' id='word_1_301' title='bbox 1441 2233 1485 2257; x_wconf 90' lang='lat' dir='ltr'><strong>eo</strong></span> <span class='ocrx_word' id='word_1_302' title='bbox 1511 2223 1621 2258; x_wconf 87' lang='lat' dir='ltr'><strong>illum</strong></span> 
     </span>
     <span class='ocr_line' id='line_1_35' title="bbox 173 2269 1623 2316; baseline 0.002 -15"><span class='ocrx_word' id='word_1_303' title='bbox 173 2275 454 2313; x_wconf 81' lang='lat' dir='ltr'><strong>perventurum,</strong></span> <span class='ocrx_word' id='word_1_304' title='bbox 492 2281 678 2316; x_wconf 89' lang='lat' dir='ltr'><strong>nunquam</strong></span> <span class='ocrx_word' id='word_1_305' title='bbox 709 2269 957 2304; x_wconf 85' lang='lat' dir='ltr'><strong>credidissent.</strong></span> <span class='ocrx_word' id='word_1_306' title='bbox 1027 2270 1204 2304; x_wconf 89' lang='lat' dir='ltr'><strong>Solebant</strong></span> <span class='ocrx_word' id='word_1_307' title='bbox 1233 2270 1331 2304; x_wconf 91' lang='lat' dir='ltr'><strong>enim</strong></span> <span class='ocrx_word' id='word_1_308' title='bbox 1357 2271 1485 2304; x_wconf 85' lang='lat' dir='ltr'><strong>Persae</strong></span> <span class='ocrx_word' id='word_1_309' title='bbox 1515 2275 1623 2304; x_wconf 85' lang='lat' dir='ltr'><strong>antea</strong></span> 
     </span>
     <span class='ocr_line' id='line_1_36' title="bbox 175 2316 1624 2364; baseline 0.002 -16"><span class='ocrx_word' id='word_1_310' title='bbox 175 2316 270 2348; x_wconf 87' lang='lat' dir='ltr'><strong>circa</strong></span> <span class='ocrx_word' id='word_1_311' title='bbox 306 2317 414 2349; x_wconf 87' lang='lat' dir='ltr'><strong>finem</strong></span> <span class='ocrx_word' id='word_1_312' title='bbox 443 2317 594 2358; x_wconf 82' lang='lat' dir='ltr'><strong>mensis,</strong></span> <span class='ocrx_word' id='word_1_313' title='bbox 622 2318 686 2363; x_wconf 91' lang='lat' dir='ltr'><strong><em>qui</em></strong></span> <span class='ocrx_word' id='word_1_314' title='bbox 714 2317 853 2351; x_wconf 87' lang='lat' dir='ltr'><strong>Latinis</strong></span> <span class='ocrx_word' id='word_1_315' title='bbox 885 2320 1034 2351; x_wconf 82' lang='lat' dir='ltr'><strong>vocatur</strong></span> <span class='ocrx_word' id='word_1_316' title='bbox 1067 2317 1272 2362; x_wconf 75' lang='lat' dir='ltr'><strong>Augustu8‚</strong></span> <span class='ocrx_word' id='word_1_317' title='bbox 1300 2317 1341 2351; x_wconf 87' lang='lat' dir='ltr'><strong><em>in</em></strong></span> <span class='ocrx_word' id='word_1_318' title='bbox 1373 2318 1624 2364; x_wconf 66' lang='lat' dir='ltr'><strong>Persarmenia</strong></span> 
     </span>
     <span class='ocr_line' id='line_1_37' title="bbox 174 2363 1623 2410; baseline 0.002 -15"><span class='ocrx_word' id='word_1_319' title='bbox 174 2373 375 2407; x_wconf 82' lang='lat' dir='ltr'><strong>apparere,</strong></span> <span class='ocrx_word' id='word_1_320' title='bbox 407 2366 446 2398; x_wconf 80' lang='lat' dir='ltr'><strong><em>et</em></strong></span> <span class='ocrx_word' id='word_1_321' title='bbox 468 2363 555 2397; x_wconf 85' lang='lat' dir='ltr'><strong>inde</strong></span> <span class='ocrx_word' id='word_1_322' title='bbox 584 2364 630 2397; x_wconf 87' lang='lat' dir='ltr'><strong>ad</strong></span> <span class='ocrx_word' id='word_1_323' title='bbox 658 2364 796 2397; x_wconf 88' lang='lat' dir='ltr'><strong>bellum</strong></span> <span class='ocrx_word' id='word_1_324' title='bbox 829 2364 990 2409; x_wconf 80' lang='lat' dir='ltr'><strong>accingi:</strong></span> <span class='ocrx_word' id='word_1_325' title='bbox 1023 2374 1120 2398; x_wconf 87' lang='lat' dir='ltr'><strong>nunc</strong></span> <span class='ocrx_word' id='word_1_326' title='bbox 1156 2369 1278 2398; x_wconf 86' lang='lat' dir='ltr'><strong>autem</strong></span> <span class='ocrx_word' id='word_1_327' title='bbox 1309 2363 1491 2398; x_wconf 67' lang='lat' dir='ltr'><strong>chosroes</strong></span> <span class='ocrx_word' id='word_1_328' title='bbox 1520 2364 1623 2410; x_wconf 83' lang='lat' dir='ltr'><strong>prius</strong></span> 
     </span>
     <span class='ocr_line' id='line_1_38' title="bbox 175 2408 1625 2456; baseline 0.003 -16"><span class='ocrx_word' id='word_1_329' title='bbox 175 2408 266 2442; x_wconf 81' lang='lat' dir='ltr'><strong>illuc</strong></span> <span class='ocrx_word' id='word_1_330' title='bbox 285 2411 444 2444; x_wconf 84' lang='lat' dir='ltr'><strong>accessit.</strong></span> <span class='ocrx_word' id='word_1_331' title='bbox 494 2409 637 2445; x_wconf 83' lang='lat' dir='ltr'><strong>Accidit</strong></span> <span class='ocrx_word' id='word_1_332' title='bbox 659 2416 790 2451; x_wconf 84' lang='lat' dir='ltr'><strong>autem,</strong></span> <span class='ocrx_word' id='word_1_333' title='bbox 817 2417 861 2444; x_wconf 86' lang='lat' dir='ltr'><strong><em>ut</em></strong></span> <span class='ocrx_word' id='word_1_334' title='bbox 883 2411 1035 2444; x_wconf 88' lang='lat' dir='ltr'><strong>Romani</strong></span> <span class='ocrx_word' id='word_1_335' title='bbox 1058 2412 1171 2445; x_wconf 85' lang='lat' dir='ltr'><strong>semel</strong></span> <span class='ocrx_word' id='word_1_336' title='bbox 1195 2411 1405 2456; x_wconf 87' lang='lat' dir='ltr'><strong>praeventi,</strong></span> <span class='ocrx_word' id='word_1_337' title='bbox 1436 2421 1516 2444; x_wconf 89' lang='lat' dir='ltr'><strong>cum</strong></span> <span class='ocrx_word' id='word_1_338' title='bbox 1548 2416 1625 2444; x_wconf 87' lang='lat' dir='ltr'><strong>tar-</strong></span> 
     </span>
     <span class='ocr_line' id='line_1_39' title="bbox 176 2455 1625 2503; baseline 0.001 -14"><span class='ocrx_word' id='word_1_339' title='bbox 176 2455 258 2489; x_wconf 86' lang='lat' dir='ltr'><strong>dius</strong></span> <span class='ocrx_word' id='word_1_340' title='bbox 278 2456 394 2489; x_wconf 61' lang='lat' dir='ltr'><strong>,rebus</strong></span> <span class='ocrx_word' id='word_1_341' title='bbox 424 2457 498 2490; x_wconf 88' lang='lat' dir='ltr'><strong>suis</strong></span> <span class='ocrx_word' id='word_1_342' title='bbox 526 2457 808 2502; x_wconf 86' lang='lat' dir='ltr'><strong>prospexissent,</strong></span> <span class='ocrx_word' id='word_1_343' title='bbox 835 2457 934 2491; x_wconf 88' lang='lat' dir='ltr'><strong>nihil</strong></span> <span class='ocrx_word' id='word_1_344' title='bbox 962 2462 1040 2491; x_wconf 92' lang='lat' dir='ltr'><strong>toto</strong></span> <span class='ocrx_word' id='word_1_345' title='bbox 1073 2458 1173 2492; x_wconf 84' lang='lat' dir='ltr'><strong>illius</strong></span> <span class='ocrx_word' id='word_1_346' title='bbox 1195 2459 1283 2492; x_wconf 92' lang='lat' dir='ltr'><strong>anni</strong></span> <span class='ocrx_word' id='word_1_347' title='bbox 1310 2459 1430 2503; x_wconf 90' lang='lat' dir='ltr'><strong>spatio</strong></span> <span class='ocrx_word' id='word_1_348' title='bbox 1462 2457 1625 2492; x_wconf 83' lang='lat' dir='ltr'><strong>feliciter</strong></span> 
     </span>
     <span class='ocr_line' id='line_1_40' title="bbox 175 2504 1624 2549; baseline 0.001 -13"><span class='ocrx_word' id='word_1_349' title='bbox 175 2508 216 2536; x_wconf 81' lang='lat' dir='ltr'><strong><em>et</em></strong></span> <span class='ocrx_word' id='word_1_350' title='bbox 249 2508 453 2547; x_wconf 89' lang='lat' dir='ltr'><strong>opportune</strong></span> <span class='ocrx_word' id='word_1_351' title='bbox 492 2509 667 2549; x_wconf 86' lang='lat' dir='ltr'><strong>gererent.</strong></span> <span class='ocrx_word' id='word_1_352' title='bbox 731 2504 807 2538; x_wconf 88' lang='lat' dir='ltr'><strong>Nec</strong></span> <span class='ocrx_word' id='word_1_353' title='bbox 837 2505 935 2537; x_wconf 88' lang='lat' dir='ltr'><strong>enim</strong></span> <span class='ocrx_word' id='word_1_354' title='bbox 968 2505 1147 2538; x_wconf 81' lang='lat' dir='ltr'><strong>exercitus</strong></span> <span class='ocrx_word' id='word_1_355' title='bbox 1177 2504 1418 2539; x_wconf 83' lang='lat' dir='ltr'><strong>Romanorum</strong></span> <span class='ocrx_word' id='word_1_356' title='bbox 1449 2505 1624 2539; x_wconf 78' lang='lat' dir='ltr'><strong>collectus</strong></span> 
     </span>
     <span class='ocr_line' id='line_1_41' title="bbox 177 2548 1625 2598; baseline 0.001 -16"><span class='ocrx_word' id='word_1_357' title='bbox 177 2552 279 2591; x_wconf 88' lang='lat' dir='ltr'><strong>erat;</strong></span> <span class='ocrx_word' id='word_1_358' title='bbox 315 2548 380 2583; x_wconf 85' lang='lat' dir='ltr'><strong><em>sed</em></strong></span> <span class='ocrx_word' id='word_1_359' title='bbox 408 2550 614 2592; x_wconf 87' lang='lat' dir='ltr'><strong>militibus,</strong></span> <span class='ocrx_word' id='word_1_360' title='bbox 648 2550 712 2598; x_wconf 90' lang='lat' dir='ltr'><strong><em>qui</em></strong></span> <span class='ocrx_word' id='word_1_361' title='bbox 751 2551 818 2584; x_wconf 87' lang='lat' dir='ltr'><strong><em>sub</em></strong></span> <span class='ocrx_word' id='word_1_362' title='bbox 850 2551 965 2585; x_wconf 89' lang='lat' dir='ltr'><strong>Curso</strong></span> <span class='ocrx_word' id='word_1_363' title='bbox 1006 2555 1043 2584; x_wconf 89' lang='lat' dir='ltr'><strong><em>et</em></strong></span> <span class='ocrx_word' id='word_1_364' title='bbox 1069 2550 1263 2586; x_wconf 85' lang='lat' dir='ltr'><strong>Theodoro</strong></span> <span class='ocrx_word' id='word_1_365' title='bbox 1293 2551 1493 2592; x_wconf 83' lang='lat' dir='ltr'><strong>merebant,</strong></span> <span class='ocrx_word' id='word_1_366' title='bbox 1526 2562 1625 2584; x_wconf 91' lang='lat' dir='ltr'><strong>nun-</strong></span> 
     </span>
     <span class='ocr_line' id='line_1_42' title="bbox 174 2594 1624 2647; baseline 0.001 -19"><span class='ocrx_word' id='word_1_367' title='bbox 174 2594 307 2628; x_wconf 86' lang='lat' dir='ltr'><strong>tiatum</strong></span> <span class='ocrx_word' id='word_1_368' title='bbox 339 2602 429 2636; x_wconf 87' lang='lat' dir='ltr'><strong>erat,</strong></span> <span class='ocrx_word' id='word_1_369' title='bbox 459 2598 713 2641; x_wconf 86' lang='lat' dir='ltr'><strong>Imperatorem</strong></span> <span class='ocrx_word' id='word_1_370' title='bbox 746 2598 877 2631; x_wconf 86' lang='lat' dir='ltr'><strong>iratum</strong></span> <span class='ocrx_word' id='word_1_371' title='bbox 908 2608 986 2631; x_wconf 89' lang='lat' dir='ltr'><strong>esse</strong></span> <span class='ocrx_word' id='word_1_372' title='bbox 1009 2603 1200 2647; x_wconf 72' lang='lat' dir='ltr'><strong>propterea</strong></span> <span class='ocrx_word' id='word_1_373' title='bbox 1233 2598 1332 2645; x_wconf 90' lang='lat' dir='ltr'><strong>quod</strong></span> <span class='ocrx_word' id='word_1_374' title='bbox 1364 2599 1403 2632; x_wconf 90' lang='lat' dir='ltr'><strong><em>in</em></strong></span> <span class='ocrx_word' id='word_1_375' title='bbox 1432 2597 1624 2631; x_wconf 88' lang='lat' dir='ltr'><strong>Albaniam</strong></span> 
     </span>
     <span class='ocr_line' id='line_1_43' title="bbox 175 2643 1624 2690; baseline 0.001 -16"><span class='ocrx_word' id='word_1_376' title='bbox 175 2643 375 2684; x_wconf 79' lang='lat' dir='ltr'><strong>irruentes,</strong></span> <span class='ocrx_word' id='word_1_377' title='bbox 413 2643 557 2678; x_wconf 87' lang='lat' dir='ltr'><strong>Sabiros</strong></span> <span class='ocrx_word' id='word_1_378' title='bbox 591 2649 628 2678; x_wconf 89' lang='lat' dir='ltr'><strong><em>et</em></strong></span> <span class='ocrx_word' id='word_1_379' title='bbox 657 2644 817 2678; x_wconf 88' lang='lat' dir='ltr'><strong>Albanos</strong></span> <span class='ocrx_word' id='word_1_380' title='bbox 848 2655 922 2677; x_wconf 89' lang='lat' dir='ltr'><strong><em>non</em></strong></span> <span class='ocrx_word' id='word_1_381' title='bbox 948 2645 1094 2690; x_wconf 89' lang='lat' dir='ltr'><strong>penitus</strong></span> <span class='ocrx_word' id='word_1_382' title='bbox 1122 2646 1355 2680; x_wconf 84' lang='lat' dir='ltr'><strong>sustulissent</strong></span> <span class='ocrx_word' id='word_1_383' title='bbox 1385 2650 1422 2678; x_wconf 87' lang='lat' dir='ltr'><strong><em>et</em></strong></span> <span class='ocrx_word' id='word_1_384' title='bbox 1447 2644 1624 2678; x_wconf 81' lang='lat' dir='ltr'><strong>extermi-</strong></span> 
     </span>
     <span class='ocr_line' id='line_1_44' title="bbox 175 2689 1626 2740; baseline 0.002 -20"><span class='ocrx_word' id='word_1_385' title='bbox 175 2693 345 2729; x_wconf 80' lang='lat' dir='ltr'><strong>nassent,</strong></span> <span class='ocrx_word' id='word_1_386' title='bbox 381 2689 445 2724; x_wconf 84' lang='lat' dir='ltr'><strong><em>sed</em></strong></span> <span class='ocrx_word' id='word_1_387' title='bbox 476 2690 666 2724; x_wconf 85' lang='lat' dir='ltr'><strong>obsidibus</strong></span> <span class='ocrx_word' id='word_1_388' title='bbox 701 2692 825 2725; x_wconf 87' lang='lat' dir='ltr'><strong>confisi</strong></span> <span class='ocrx_word' id='word_1_389' title='bbox 848 2691 1122 2727; x_wconf 81' lang='lat' dir='ltr'><strong>discessissent:</strong></span> <span class='ocrx_word' id='word_1_390' title='bbox 1152 2692 1252 2740; x_wconf 88' lang='lat' dir='ltr'><strong>quod</strong></span> <span class='ocrx_word' id='word_1_391' title='bbox 1280 2703 1389 2738; x_wconf 88' lang='lat' dir='ltr'><strong>quam</strong></span> <span class='ocrx_word' id='word_1_392' title='bbox 1414 2690 1626 2736; x_wconf 85' lang='lat' dir='ltr'><strong>impruden-</strong></span> 
     </span>
     <span class='ocr_line' id='line_1_45' title="bbox 176 2734 1627 2786; baseline 0.001 -16"><span class='ocrx_word' id='word_1_393' title='bbox 176 2739 233 2770; x_wconf 69' lang='lat' dir='ltr'><strong><em>ter</em></strong></span> <span class='ocrx_word' id='word_1_394' title='bbox 248 2734 418 2780; x_wconf 82' lang='lat' dir='ltr'><strong>fecerint,</strong></span> <span class='ocrx_word' id='word_1_395' title='bbox 440 2737 537 2785; x_wconf 84' lang='lat' dir='ltr'><strong>ipsos</strong></span> <span class='ocrx_word' id='word_1_396' title='bbox 558 2749 603 2774; x_wconf 78' lang='lat' dir='ltr'><strong>ex</strong></span> <span class='ocrx_word' id='word_1_397' title='bbox 629 2743 761 2776; x_wconf 85' lang='lat' dir='ltr'><strong>eventu</strong></span> <span class='ocrx_word' id='word_1_398' title='bbox 792 2739 980 2786; x_wconf 85' lang='lat' dir='ltr'><strong>cognitum</strong></span> <span class='ocrx_word' id='word_1_399' title='bbox 1003 2738 1163 2776; x_wconf 82' lang='lat' dir='ltr'><strong>habere:</strong></span> <span class='ocrx_word' id='word_1_400' title='bbox 1187 2740 1322 2776; x_wconf 84' lang='lat' dir='ltr'><strong>etenim</strong></span> <span class='ocrx_word' id='word_1_401' title='bbox 1346 2738 1536 2775; x_wconf 78' lang='lat' dir='ltr'><strong>confestim</strong></span> <span class='ocrx_word' id='word_1_402' title='bbox 1558 2736 1627 2772; x_wconf 76' lang='lat' dir='ltr'><strong>Ss-</strong></span> 
     </span>
    </p>
   </div>
  </div>
 </body>
</html>
