1924 3164
298 170 410 240 402
884 186 1163 230 EXCERPTA

787 291 814 308 u

99 299 141 334 A.
153 298 191 332 C.
208 299 275 345 575
296 293 584 347 καθεστήκασι
612 288 785 335 δούλου,
841 291 1025 332 τοσαῦτα
1057 289 1140 342 μὲν
1178 283 1253 332 οὖν
1278 290 1336 348 τῷ
1377 289 1631 350 Τουρξάνθῳ
1661 294 1767 336 ἐκεῖ·

90 346 521 430 Ῑυὸιέἒῗὲῗκόμπαστο·
550 354 775 411 ὖψαγόρας
803 353 883 411 γάρ
914 371 978 405 τις
1004 353 1112 413 ἀνήρ
1150 358 1225 399 καί
1250 356 1474 416 ἀλαζονείᾳ
1516 361 1696 415 χαίρων.
1723 359 1751 402 o‘

288 425 336 466 δὲ
378 424 648 471 Οὖαλεντΐνος
686 418 876 477 ἀκηκοώς
923 419 1059 473 ἔλεξεν
1107 416 1216 464 ὦδε·
1252 424 1324 476 ,,εἰ
1347 421 1407 478 μή
1444 424 1749 478 χαλεπώτατόν

286 499 375 539 πως
403 491 478 531 καί
496 486 671 544 α’νιαρὸν
698 486 904 544 ὑπῆρχεν,
933 482 969 529 ὦ
995 486 1191 545 Τούρκων
1207 487 1386 544 ἡγεμών,
1398 488 1472 531 καί
1489 488 1641 542 παντὸς
1657 490 1749 534 ὄλε-

253 552 526 612 Βθριιότερον
571 551 758 596 θανάτου
803 552 849 596 τὸ
884 553 1088 598 τεθνάναι
1115 554 1227 611 ἡμᾶς
1255 553 1340 596 ’ὑπὸ
1383 557 1488 609 σοῦ’,
1521 558 1660 609 ζῶσαν
1702 557 1777 599 ὃὲ5

285 619 403 677 παρὰ
433 622 561 663 πᾶσιν
589 619 832 676 ἀνθρώποις
859 621 939 676 τήν
969 623 1223 678 κακηγοριάν
1252 628 1528 677 περινοστεῖν·
1552 625 1626 666 καί
1647 624 1749 665 τοῦ-ι

284 703 329 730 το
369 685 421 742 δή
450 685 507 742 μή
550 685 718 728 πώποτε
747 688 964 742 πραχθὲν,
1002 685 1383 742 καινοτομούμενον
1419 686 1503 729 ὑπὸ
1544 690 1656 741 σοῦ,
1695 689 1749 746 τῇ

283 750 435 807 πράξει
465 751 543 807 τήν
569 755 811 810 μαρτυρίαν
841 752 1162 810 διασαφηνίζειν
1201 752 1385 807 ἔμελλεν,
1413 754 1470 804 ὥς
1502 753 1750 804 ἀ’πέκτεινας

286 814 446 875 ἄνδρας
474 820 693 875 πρέσβεις,
735 820 809 861 καί
835 817 881 861 τὸ
925 821 979 876 τῇ
1014 819 1117 877 οἷκοῇ
1162 821 1235 862 καί
1269 818 1376 878 μόνῃ
1418 819 1603 876 φοβερὸν
1641 818 1748 878 ἔργῳ

286 884 562 941 δειχθήσεται
591 884 896 942 φοβερώτερον·
924 884 1130 940 ευᾜαᾴιην
1159 881 1212 927 ἂν
1238 887 1296 944 τῷ
1325 884 1432 928 κατὰ
1462 888 1510 928 σὲ
1538 887 1652 943 ξίφει
1676 885 1803 941 τή-ιο

284 966 416 1007 μερον
445 949 523 1005 τήν
562 950 806 993 τελευταίαν
835 953 942 994 ἰδεῖν
946 985 967 1014 7
1006 950 1130 993 τοῦτο
1172 953 1251 1005 μὲν
1290 954 1546 1009 ψευδολογίᾳ
1580 953 1750 1007 χαίρειν

286 1014 477 1072 α’κηκοιὸς
502 1014 577 1059 τὸν
605 1019 694 1058 κατ’
726 1018 801 1070 ἐμὲ
838 1019 1048 1071 βασιλέα,
1087 1018 1217 1059 τοῦτο
1258 1018 1305 1059 δὲ
1344 1019 1633 1072 ψευδομένους
1668 1017 1752 1059 αὕ-

284 1082 345 1140 τῷ
371 1081 472 1131 τοὺς
500 1077 710 1138 πρέσβειξ.
739 1079 806 1124 διὸ
838 1080 889 1139 δή
921 1085 1227 1139 ἐκλιπαροῦμεν
1254 1084 1485 1139 πραότερον
1500 1083 1602 1139 ἡμῖν
1618 1097 1752 1139 προσ·

285 1150 473 1203 βλέψαι,
511 1150 586 1191 καί
623 1148 848 1208 ὖποχαλᾷν
888 1151 962 1205 τῆς
1001 1149 1126 1205 ὀργῆς
1149 1181 1162 1203 ,
1202 1148 1277 1192 καί
1313 1147 1360 1191 τὸ
1401 1153 1497 1191 λίαν
1536 1148 1751 1202 ὀξύθυμον

249 1214 580 1273 ρφιλανθριόπῳ
616 1214 978 1269 καταμαλάττειν,
1004 1214 1066 1258 ἔτι
1093 1230 1140 1270 γε
1166 1214 1251 1272 μήν
1278 1217 1336 1274 τῷ
1360 1217 1483 1274 κοινῷ
1520 1217 1604 1258 τῶν
1649 1214 1804 1271 πρέ-15

284 1285 421 1338 σβεων
461 1283 692 1323 πείθεσθαι
740 1278 869 1339 νόμῳ.
916 1282 1085 1338 εἰρήνης
1127 1280 1205 1336 γάρ
1257 1282 1385 1336 ἐσμεν
1428 1281 1606 1338 ἐργάται
1620 1315 1633 1335 ,
1674 1282 1751 1323 καί

282 1346 541 1404 πραγμάτων
587 1347 715 1390 ὁσίων
752 1347 902 1401 ταμίαι
943 1345 1276 1403 καθεστήκαμεν.
1321 1345 1457 1398 ἄλλως
1499 1364 1543 1391 τε
1585 1350 1655 1390 δεῖ
1699 1349 1749 1390 σὲ

282 1415 359 1455 καὶ
396 1410 475 1468 ιτῆς
525 1412 722 1471 πατρῴας
765 1417 1100 1469 κληρονομοῦντα
1152 1417 1251 1469 γῆς,
1289 1431 1335 1456 τε
1381 1416 1456 1457 καί
1505 1412 1634 1470 τύχης
1678 1415 1752 1456 καί

281 1476 380 1528 τούς
408 1476 628 1536 πατρῴους
659 1480 939 1533 διαδέχεσθαι
972 1481 1150 1536 φίλους,
1181 1482 1255 1522 καί
1281 1478 1421 1535 ὥσπερ
1452 1477 1651 1535 ἡγεῖσθαι
1679 1478 1753 1521 καὶ

282 1543 441 1594 αὐτούς
467 1546 606 1600 κτῆμα
635 1548 827 1602 πατρῷον
855 1542 989 1598 εἶναι,
1038 1545 1167 1587 ὁπότε
1201 1548 1277 1588 καί
1311 1545 1586 1599 Λιλζίβουλος
1617 1544 1639 1586 ὃ
1666 1560 1803 1588 noc-20

280 1610 360 1667 τὴρ
392 1608 414 1652 ὅ
444 1609 545 1664 σὸς,
586 1611 826 1666 αὐθαίρετα
855 1611 1142 1668 προσδραμών
1169 1614 1222 1669 τῇ
1259 1615 1356 1653 καθ’
1383 1612 1500 1666 ἡμᾶς
1538 1612 1748 1668 πολιτείᾳ,

279 1674 325 1721 τὸ
367 1674 660 1734 φιλορώμαιος
698 1679 857 1730 μᾶλλον
895 1672 924 1732 ἢ
965 1679 1224 1734 φιλοπέρσης
1261 1675 1495 1733 ἠσπάσατο.
1543 1677 1751 1732 μεμένηκε

375 1757 410 1801 4.
435 1752 579 1802 ἧγεμὸν
606 1755 700 1789 coni.
726 1756 765 1788 Β.
862 1767 892 1799 7.
916 1756 1275 1803 4καινιπομούμενον
1298 1757 1366 1797 Η.,
1401 1756 1752 1802 καινοτονούμενον

374 1803 470 1848 vulg.
567 1815 618 1847 ¹7·
646 1805 780 1848 ταμίαι
809 1802 909 1845 Valss,
941 1809 1078 1851 ταμεῖα
1105 1805 1200 1849 vulg.
1327 1815 1382 1839 22.
1408 1802 1622 1851 ἠσπάσατο]
1650 1802 1751 1838 εἶναι

375 1848 578 1892 ἢσπάσατο
606 1849 639 1882 Ν
1074 1854 1077 1856 “

283 1941 404 1976 secuti
428 1945 532 1980 sunt,
564 1939 631 1973 sed
655 1939 764 1972 nobis
807 1942 962 1984 parent,
987 1944 1270 1986 nostrorumque
1291 1951 1477 1974 servorum
1505 1942 1658 1974 numer‘o
1680 1938 1749 1973 ha-

284 1988 455 2022 bentur.''
516 1988 618 2020 Haec
662 1985 899 2020 'Tur-xanthus
934 1997 1015 2019 cum
1049 1998 1177 2032 magno
1212 1988 1308 2021 fastu
1342 1988 1489 2021 iactavit
1521 1992 1559 2020 et
1596 1985 1747 2029 effudit3

285 2039 367 2069 erat
389 2034 488 2069 enim
516 2033 626 2067 homo
658 2044 770 2066 vanae
798 2033 934 2078 gloriae
959 2034 1140 2078 cupidus:
1184 2034 1242 2067 cui
1270 2034 1485 2068 Valentinus
1515 2033 1566 2066 ita
1593 2043 1748 2078 respon-

288 2081 377 2116 dit:
424 2081 529 2122 „Nisi
559 2080 809 2124 gravissimum
838 2081 934 2113 foret
971 2086 1008 2113 et
1043 2081 1197 2115 maxime
1227 2080 1447 2120 nefandum,
1487 2090 1508 2112 ο
1542 2080 1749 2114 Tur-corum

288 2127 388 2169 dux,
415 2133 452 2161 et
479 2127 647 2172 qualibet
678 2133 794 2160 morte
818 2127 1079 2172 perniciosius,
1107 2138 1173 2161 nos
1210 2138 1229 2159 a
1256 2133 1293 2162 te
1318 2127 1460 2167 occidi,
1485 2138 1539 2167 exx
1554 2138 1626 2172 quo
1651 2137 1749 2160 nun-

288 2185 398 2220 quam
424 2174 619 2207 interitura
654 2173 751 2218 apud
787 2184 911 2206 omues
945 2173 1111 2207 homines
1146 2180 1182 2207 tc
1210 2180 1374 2208 maneret
1396 2173 1571 2214 infamia,
1604 2179 1640 2207 et
1672 2183 1747 2219 quo

287 2221 385 2255 facto
412 2226 452 2254 tu
481 2220 622 2254 facinus
647 2232 833 2265 nunquam
859 2225 967 2253 antea
993 2221 1221 2254 commissum
1257 2232 1364 2254 ausus
1385 2246 1395 2261 ‚
1422 2220 1452 2253 si
1475 2219 1613 2264 legatos
1639 2229 1749 2252 neca-

286 2278 369 2307 res,
401 2278 440 2301 re
465 2266 543 2312 ipsa
573 2267 742 2302 omnibus
770 2273 896 2300 notum
921 2271 1169 2313 testatumque
1207 2269 1453 2313 relinqueres,
1485 2266 1585 2313 quod
1618 2265 1748 2299 auditu

284 2312 637 2358 ipso=horrendum‚
664 2314 758 2346 facto
793 2314 900 2358 longe
925 2312 1139 2347 horribilius
1175 2319 1212 2348 et
1243 2313 1497 2348 detestabilius
1529 2317 1749 2358 appareret3

290 2372 356 2405 ego
379 2360 442 2394 hic
467 2370 552 2393 ense
577 2365 640 2395 tuo
667 2361 839 2394 traiectus
867 2365 1028 2405 optarem
1056 2366 1255 2394 extremum
1281 2361 1375 2394 diem
1399 2359 1544 2400 videre,
1571 2371 1653 2392 cum
1679 2362 1748 2392 au—

290 2406 352 2441 dio
377 2418 399 2440 a
423 2411 459 2440 te
486 2405 571 2446 dici,
594 2411 674 2440 tum
697 2407 956 2451 Imperatorem
970 2412 1136 2440 nostrum
1164 2407 1352 2441 mendacio
1377 2406 1564 2447 delectari,
1577 2411 1656 2440 tum
1681 2408 1747 2440 nos

291 2454 431 2499 legatos
457 2452 545 2485 eius.
596 2455 724 2498 Itaque
750 2458 786 2486 te
813 2453 993 2499 supplices
1019 2466 1162 2488 oramus
1198 2459 1308 2500 atque
1334 2453 1567 2495 obtestamur,
1602 2457 1644 2485 ut
1679 2463 1748 2486 nos

292 2500 463 2545 benignis
497 2499 612 2532 oculis
654 2500 856 2541 intuearis,
891 2505 928 2533 et
961 2505 1045 2534 tuae
1085 2503 1161 2534 irae
1197 2500 1544 2579 modumffaciens,
1578 2497 1747 2533 acerbio-

294 2559 374 2582 rem
398 2545 512 2579 animi
541 2544 596 2577 tui
621 2551 759 2579 motum
789 2548 977 2592 aequitate
1013 2552 1051 2581 et
1081 2547 1308 2581 humanitate
1385 2547 1489 2592 itiges
1519 2552 1556 2580 et
1592 2546 1743 2591 places,

295 2599 336 2628 et
382 2593 485 2638 legi,
528 2602 621 2637 quae
661 2599 905 2626 sacrosanctos
938 2595 1073 2639 legatos
1111 2605 1188 2628 esse
1227 2594 1436 2634 constituit,
1472 2603 1611 2638 pareas.
1673 2593 1748 2626 Su-

294 2651 376 2674 mus
400 2638 499 2672 enim
527 2638 626 2682 pacis
651 2639 809 2672 ministri
857 2645 894 2673 ct
923 2641 1054 2674 sanctis
1093 2641 1200 2674 rebus
1233 2639 1486 2685 dispensandis
1524 2638 1746 2684 praesumus.

295 2687 418 2733 Atque
444 2686 556 2719 etiam
580 2695 660 2717 cum
684 2685 739 2717 tui
760 2687 874 2729 patris
893 2692 1008 2720 morte
1035 2687 1110 2720 eius
1137 2688 1236 2732 regni
1263 2692 1299 2719 et
1325 2689 1488 2720 omnium
1519 2687 1747 2719 fortunarum

296 2732 481 2767 hereditas
505 2730 551 2765 ad
582 2735 618 2764 te
642 2733 867 2775 pervenerit,
900 2739 1070 2776 paternos
1106 2738 1253 2778 quoque
1279 2734 1411 2766 amicos
1429 2760 1438 2774 ‚
1471 2739 1644 2779 tanquam
1678 2742 1747 2776 pa-

297 2785 439 2835 ternam
473 2777 762 2826 possessiouem,
786 2777 858 2814 tibi
891 2790 936 2814 ex
962 2781 1041 2814 eius
1072 2780 1302 2815 successione
1334 2779 1525 2816 obvenisse
1558 2779 1746 2813 existimes
