1924 3164
291 163 405 231 364
875 181 1154 224 EXCERPTA

103 285 143 320 A.
157 286 194 319 C.
207 289 274 323 562
289 285 563 337 μετατιθέναι
606 280 767 335 μάγους
804 281 847 329 ἐς
885 282 960 337 τὴν
998 286 1099 324 καθ’
1125 285 1241 338 ήμιῖς
1271 283 1410 337 δόξαν.
1465 287 1666 346 ἐκράτησε
1695 290 1743 333 δὲ

91 333 220 414 1υέῧὲ
232 347 278 418 ἐξ
291 349 396 393 ὥστε
425 352 499 392 καί
522 348 618 398 τοὺς
646 348 899 402 θνήσκοντας
928 354 1017 398 τοῖς
1039 352 1314 405 Χριστιανοῖς
1341 352 1407 396 ἐπ’·
1424 355 1616 406 ἐξουσίας
1636 353 1743 399 εἶναι

289 414 467 459 θάπτειν
506 417 553 458 ἐν
581 411 759 470 τάφοις,
805 407 833 472 ᾗ
863 412 1104 467 νενόμισται
1132 419 1230 472 παρ’
1259 414 1372 472 ἡμῖν.
1428 417 1590 463 τούτων
1627 419 1743 464 οὕτω

289 480 579 538 προελθόντων
617 482 690 522 καί
727 481 772 522 έν
817 477 958 537 κόσμῳ
987 479 1061 523 καὶ
1087 481 1202 534 τάξει
1229 487 1490 540 γενομένων,
1532 487 1625 529 ἐπεὶ
1650 490 1745 530 ἆνε-

250 551 461 600 Βδέξαντο
499 548 542 588 οἵ
586 562 632 601 γε
661 547 704 595 ἒς
731 547 854 588 τοῦτο
882 548 1126 602 τεταγμένοι
1154 547 1231 598 τὰς
1271 549 1486 606 συλλαβὰς
1511 559 1602 594 τοῖν
1627 549 1772 596 δυοῖν5

287 612 495 668 βιβλίων,
538 613 613 654 καί
649 611 951 668 οἷπηκριβωσαν
991 614 1051 671 τῷ
1091 612 1305 673 ἰσορρόπῳ
1333 632 1379 658 τε
1408 619 1481 659 καί
1504 616 1747 677 ἷσοδυνάμῳ

286 680 372 722 τῶν
412 676 613 735 ῥημάτων
641 675 694 720 ‘cd
727 675 1030 734 ἐνθυμήματα,
1078 681 1231 723 αὐτίκα
1258 676 1589 741 οῖ’γεχῖσόγραφα
1625 686 1749 741 ἕτερα

287 745 523 788 ἐπετέλουν.
564 743 638 786 καὶ
663 742 713 786 τὰ
741 746 827 797 μὲν
850 742 1090 800 κυριώτερα
1119 748 1416 802 ξυνειληθέντα
1445 765 1490 792 τε
1519 752 1592 792 καί
1618 767 1750 793 κατα-

288 812 583 867 σφαλισθέντα
612 811 848 865 ἐκμαγείοις
875 826 921 852 τε
947 813 1152 867 κηρίνοις,
1198 810 1358 868 ἑτέροις
1395 831 1439 857 τε
1474 807 1541 867 οἷς
1569 813 1748 859 εἰώθασι

290 880 463 932 Πέρσαι
490 878 706 932 χρῆσθαι,
736 878 811 918 καί
836 875 1110 930 ἐκτυπώμασι
1152 877 1386 922 δακτυλίων
1419 879 1501 922 ὗπὸ
1533 883 1618 924 τῶν
1645 883 1805 938 πρέ-ιο

291 947 454 997 σβεων,
499 941 564 985 ἔτι
608 940 695 998 μην
734 942 808 984 καί
842 939 1055 998 ἑρμηνέων
1096 944 1196 986 δέκα
1225 941 1329 1000 πρὸς
1355 952 1441 995 τοῖς
1470 946 1570 1000 δύο,
1601 949 1644 998 ἓξ
1670 948 1750 1001 μὲν

284 1009 540 1063 ιΡωμαίων,
585 1009 667 1063 οὔχ
716 1004 843 1064 ἧττον
884 1009 931 1050 δὲ
959 1011 1173 1065 Περσῶν,
1222 1006 1425 1070 ἆμοιβαίᾳ
1462 1015 1514 1070 τῇ
1555 1012 1671 1055 δόσει
1697 1011 1750 1055 τὰ

290 1077 366 1131 τῆς
396 1076 561 1131 εἰρήνης
587 1075 733 1129 βιβλία
761 1074 1023 1131 παρέσχοντο
1052 1075 1263 1131 α’λλήλοις.
1309 1074 1356 1118 τὸ
1384 1078 1462 1131 μὲν
1487 1079 1539 1135 τῇ
1566 1080 1753 1134 Περσῶν

295 1142 419 1198 φωνῇ
463 1142 749 1196 γεγραμμένον
783 1139 1014 1197 ἐνεχείρισε
1056 1141 1215 1199 Πέτρῳ
1263 1139 1286 1183 ὅ
1323 1144 1439 1197 Ζίχ,
1485 1145 1558 1186 καί
1583 1146 1752 1200 Πέτρος

291 1209 339 1249 δὲ
378 1209 435 1264 τῷ
475 1208 563 1261 Ζίχ
601 1205 648 1248 τὸ
693 1207 746 1263 τῇ
779 1205 1018 1261 Ἑλληνίδι·
1060 1208 1136 1249 καί
1163 1203 1295 1257 αὖθις
1333 1210 1411 1250 τοῦ
1438 1211 1527 1264 Ζίχ
1555 1209 1600 1252 τὸ
1633 1211 1808 1267 laod-15

298 1273 463 1330 ῥοποῦν
504 1274 556 1331 τῇ
595 1271 801 1328 Ἑλληνίδι
833 1271 999 1327 βιβλίον
1036 1273 1260 1330 γράμμασι
1298 1277 1529 1331 Περσικοῖς
1558 1278 1757 1332 διασεση-

295 1341 542 1393 μασμένον,
581 1333 684 1381 ἄνευ
713 1340 789 1393 τῆς
826 1341 912 1381 τῶν
947 1337 1261 1393 ἑκτυπωμα’των
1295 1340 1554 1397 ἀσφαλείας,
1584 1341 1757 1398 εἰληφό-

169 1414 207 1451 Ρ.
224 1413 390 1459 ι43τος,
419 1403 466 1447 τὸ
494 1404 776 1460 σωθήσεσθαί
797 1403 837 1446 οἶ
865 1403 940 1455 τὰς
966 1404 1161 1460 μνήμας,
1202 1405 1275 1448 καὶ
1315 1409 1484 1462 Πέτρος
1512 1407 1588 1450 οὐκ
1618 1403 1757 1458 ἄλλως

295 1473 534 1515 ἐπετέλεσεν
563 1471 815 1525 ἀμοιβαίως.
871 1467 958 1513 εἶτα
988 1472 1060 1514 ε’πί
1084 1471 1250 1522 τούτοις
1280 1471 1560 1527 διελύθησαν,
1577 1504 1579 1507 v
1598 1474 1682 1515 τῶν
1709 1489 1756 1515 τε

298 1537 428 1593 ὁρίων
450 1532 533 1578 ἄπο
562 1538 763 1592 ἐγένοντο,
793 1535 867 1579 καί
892 1535 915 1579 ὅ
938 1537 1026 1592 Ζίχ
1053 1539 1113 1587 εἰς
1139 1536 1192 1579 τὰ
1222 1539 1381 1594 πάτρια
1403 1533 1490 1593 ἤθη
1518 1537 1813 1594 ἐπορεύετο.2ο

297 1602 406 1659 ἀτὰρ
436 1602 459 1645 0‘
477 1605 645 1659 Πέτρος
670 1601 835 1656 ἔμεινεν
859 1603 1017 1658 αὐτοῦ,
1049 1601 1308 1647 ἐπιθειάσων
1331 1605 1385 1661 τῇ
1410 1605 1604 1662 γενεθλίῳ
1631 1602 1759 1661 ἑορτῇ

299 1671 495 1725 Χριστοῦ
521 1671 595 1712 τοῦ
621 1671 751 1711 θεοῦ·
783 1666 863 1725 ἤδη
891 1668 974 1726 γὰρ
1002 1671 1287 1726 προσεπέλαζε
1315 1670 1390 1724 τῆς
1417 1669 1580 1725 ἡμέρας
1606 1667 1653 1711 τὸ
1684 1672 1757 1716 σέ-,

294 1739 390 1790 βας.
445 1733 508 1778 ἔτι
537 1737 584 1778 δὲ
611 1737 685 1778 καί
709 1737 761 1793 τῇ
788 1738 867 1778 τοῦ
895 1738 1000 1778 θεοῦ
1028 1738 1252 1794 ἐπιφανείᾳ
1280 1733 1334 1779 τοὶ
1364 1734 1524 1789 νόμιμα
1561 1732 1758 1790 ἁγιστεύ-

397 1827 429 1861 3.
455 1817 560 1873 511„
585 1822 608 1869 ἢ
632 1826 727 1870 vulg.
827 1828 879 1863 ns.
909 1818 973 1872 τὸ]
999 1826 1036 1864 ις
1060 1824 1101 1860 τὸ
1127 1826 1171 1860 N.

303 1904 479 1940 obtinuit
511 1916 682 1951 quoque,
718 1909 761 1939 ut
799 1905 1015 1940 Christianis
1052 1911 1216 1952 potestas
1255 1911 1352 1940 esset
1380 1909 1543 1939 mortuos
1582 1905 1759 1950 sepulcris

305 1951 483 1993 condere,
521 1957 559 1986 et
590 1953 666 1986 illis
702 1951 749 1985 ad
784 1959 950 1987 nostrum
983 1963 1121 1987 morem
1152 1953 1248 1987 iusta
1281 1953 1499 1998 persolvere.
1554 1951 1653 1986 Haec
1677 1964 1759 1986 cum

304 1999 359 2034 ita
378 1999 448 2033 rite
476 2004 514 2033 ct
538 1999 668 2033 ordine
693 2004 793 2044 gesta
818 1999 1146 2046 administrataque
1172 2001 1341 2040 fuissent,
1374 2000 1516 2033 litteras
1545 1998 1599 2039 hi,
1624 1998 1760 2045 quibus
1799 2040 1800 2043 Ἴ

307 2047 386 2081 eius
412 2046 467 2079 rei
495 2058 580 2080 cura
605 2046 822 2080 demandata
849 2053 945 2089 erat,
971 2046 1114 2081 duobus
1140 2047 1279 2080 libellis
1324 2051 1486 2080 exaratas
1510 2050 1761 2090 susceperunt,

308 2098 348 2126 et
371 2104 494 2126 earum
519 2093 591 2128 vim
618 2098 656 2126 et
679 2103 825 2127 sensum
849 2099 1015 2127 accurate
1041 2094 1138 2127 inter
1162 2104 1199 2126 se
1228 2093 1483 2133 contulerunt,
1509 2103 1660 2137 quarum
1686 2097 1762 2126 sta-

307 2140 376 2173 tim
416 2140 532 2173 altera
571 2141 738 2185 exempla
773 2141 1017 2174 confecerunt.
1066 2141 1113 2175 Et
1149 2140 1299 2186 quidem
1331 2151 1395 2173 eae
1415 2138 1584 2179 tabulae,
1625 2139 1762 2184 quibus

308 2186 455 2231 plenior
479 2187 569 2221 fides
605 2186 828 2228 haberetur,
865 2187 1061 2233 diligenter
1091 2187 1305 2228 involutae,
1344 2192 1382 2220 et
1412 2185 1615 2220 securitatis
1654 2196 1762 2220 causa

313 2244 394 2266 cera
417 2235 551 2267 iterum
578 2244 781 2278 expressae,
806 2239 843 2267 et
868 2233 950 2267 aliis
973 2233 1095 2275 rebuS,
1112 2244 1205 2280 quae
1230 2233 1330 2279 apud
1357 2233 1478 2266 Persas
1505 2237 1590 2265 sunt
1614 2232 1654 2265 in
1679 2243 1761 2273 usu,

306 2280 471 2314 firmatae
497 2286 603 2314 sunt:
629 2286 706 2314 tum
733 2281 843 2315 etiam
867 2282 1069 2326 legatorum
1092 2281 1212 2325 sigilla
1237 2279 1383 2314 annulis
1402 2279 1588 2324 impressa,
1614 2283 1651 2311 et
1670 2278 1763 2312 duo-

308 2325 426 2359 decim
470 2328 713 2372 interpretum
729 2353 739 2367 ,
787 2338 850 2361 sex
880 2329 1144 2369 Romanorum,
1185 2332 1222 2361 et
1261 2326 1414 2361 totidem
1455 2326 1652 2359 Persarum.
1700 2324 1762 2359 sic

306 2377 434 2406 mutua
457 2372 658 2408 traditione
699 2376 796 2408 inter
831 2386 869 2408 se
895 2375 968 2408 sibi
992 2375 1091 2420 pacis
1120 2374 1262 2408 tabulas
1287 2372 1413 2406 Zichus
1438 2372 1543 2405 Petro
1570 2373 1759 2406 Persarum

306 2418 432 2462 lingua
459 2421 630 2464 scriptas,
664 2426 702 2455 et
735 2421 874 2455 Graeca
907 2422 1032 2454 Petrus
1068 2420 1176 2454 Zicho
1211 2419 1452 2456 tradiderunt,
1508 2419 1643 2452 Rursus
1676 2429 1760 2452 cum

306 2465 435 2499 Zichus
474 2468 713 2511 accepisseta
741 2468 844 2502 Petro
886 2468 988 2502 aliud
1026 2468 1127 2501 illius
1168 2467 1348 2512 pactionis
1384 2466 1591 2511 exemplum
1619 2465 1759 2500 Graeca

307 2513 456 2557 lingua,
493 2512 556 2546 sed
579 2514 711 2548 litteris
744 2515 893 2549 Persicis
921 2519 1130 2555 exaratum,
1163 2515 1241 2548 sine
1267 2513 1345 2546 ulla
1369 2512 1574 2556 sigillorum
1602 2512 1760 2556 impres-

308 2561 437 2601 sione,
462 2559 563 2604 quod
588 2559 634 2592 ad
658 2561 770 2595 solam
797 2563 851 2596 rei
884 2568 1005 2606 gestae
1041 2562 1250 2595 memoriam
1285 2560 1442 2600 valeret,
1477 2557 1604 2592 eadem
1629 2557 1760 2592 itidem

308 2606 433 2640 Petrus
459 2617 480 2638 a
504 2605 611 2640 Zicho
636 2608 716 2650 pari
742 2609 856 2642 forma
884 2609 1035 2653 accepit.
1094 2608 1158 2641 His
1190 2607 1377 2640 transactis
1411 2607 1560 2639 seorsim
1597 2605 1690 2638 alter
1712 2604 1760 2638 ab

309 2653 425 2689 altero
450 2653 578 2698 procul
603 2664 624 2686 a
648 2655 816 2688 confiniis
843 2654 1032 2696 abierunt,
1070 2659 1108 2688 et
1133 2652 1260 2687 Zichus
1296 2651 1446 2700 quidem
1482 2652 1530 2685 ad
1565 2651 1668 2685 sedes
1694 2662 1760 2696 pa-

327 2701 399 2739 rias
433 2700 626 2733 remeavit:
660 2700 734 2745 {sed
769 2702 894 2735 Petrus
933 2702 1010 2735 iilic
1045 2701 1238 2741 remansit,
1277 2705 1318 2733 ut
1367 2699 1500 2732 festum
1540 2697 1754 2734 Nativitatts

318 2784 320 2786 v
343 2745 450 2782 hristi
476 2745 535 2798 dei
561 2745 739 2793 (instabat
764 2750 860 2784 enim
883 2748 1089 2785 veneranda
1118 2747 1227 2790 dies‚)
1252 2750 1375 2781 sancte
1402 2751 1439 2779 et
1464 2744 1633 2792 religiose
1658 2743 1761 2778 cole-
