1838 3210
480 540 767 610 LABBE1
820 560 1280 614 PRAEFATIO.

568 939 1193 1002 HISTORIAE

241 1088 1555 1157 CONSTANTINOPOLITANAE

347 1247 716 1288 CURIOSIS
771 1241 1429 1286 INDAGATORIBUS

833 1388 866 1420 S.
902 1387 942 1417 Ρ.

178 1612 495 1714 Byzantinam
504 1662 723 1702 Historiam
740 1664 980 1704 multitudine
1000 1678 1130 1704 rerum
1159 1665 1375 1704 mirabilem
1389 1694 1400 1716 ,
1418 1665 1609 1703 varietate

178 1729 386 1768 iaczmdam
403 1759 413 1778 ‚
442 1728 692 1768 diuturnitate
718 1732 903 1784 temporis
928 1731 1171 1784 spectabilem
1199 1746 1246 1770 ac
1270 1732 1393 1770 veteri
1408 1731 1607 1768 Romanae

177 1804 325 1834 tantum
339 1809 417 1834 non
430 1809 573 1849 parem
585 1809 601 1844 ‚·
615 1803 657 1834 ut
671 1805 808 1834 amant
829 1796 1028 1850 coluntque
1042 1796 1204 1835 studiosi
1216 1810 1345 1835 omnes
1362 1826 1372 1844 ‚
1394 1797 1450 1834 ita
1469 1795 1604 1843 libros,

175 1861 312 1917 quibus
339 1861 411 1899 illa
438 1861 666 1908 continetur,
686 1861 805 1899 avide
831 1861 1006 1899 ambiunt
1023 1870 1298 1916 exoptantque.
1355 1861 1437 1899 Sed
1443 1861 1608 1911 frustra

179 1925 407 1965 iamdudum
444 1926 533 1964 illos
568 1926 688 1964 vacui
706 1926 804 1977 jere
840 1939 971 1965 omnes
998 1925 1313 1965 bibliothecarum
1322 1926 1463 1977 foruli
1485 1939 1608 1978 expe-

179 2001 298 2031 ctant.
359 1991 455 2031 Cum
481 1993 585 2030 enim
626 1992 811 2030 maxima
848 2005 947 2045 pars
985 1992 1175 2030 nobilium
1215 1993 1376 2030 illorum
1406 1991 1606 2028 historico-

181 2072 272 2096 rum
298 2072 386 2096 cum
410 2057 538 2095 blattis
556 2056 684 2095 adhuc
707 2058 891 2111 tineisque
920 2057 1081 2095 luctetur
1097 2058 1139 2095 in
1162 2057 1325 2111 pulvere
1350 2065 1389 2094 et
1416 2057 1489 2093 situ
1518 2069 1605 2093 ma-

180 2123 464 2176 nuscriptorum
494 2121 671 2161 codicum
689 2136 706 2171 ,·
750 2123 820 2176 qui
840 2135 934 2160 vero
965 2122 1144 2160 hactenus
1177 2121 1371 2175 publicati
1396 2129 1504 2167 sunt,
1541 2121 1611 2158 vel

182 2187 324 2226 Latine
359 2194 510 2225 tantum
524 2216 534 2234 ‚
581 2187 649 2225 vel
695 2187 845 2227 Graece
881 2194 1033 2225 tantum
1064 2187 1319 2240 apparuerint
1335 2214 1347 2234 ‚
1386 2194 1423 2223 et
1467 2186 1504 2224 si
1539 2186 1609 2239 qui

186 2254 337 2292 Graece
364 2253 484 2291 simul
506 2266 555 2290 ao
574 2252 714 2291 Latine
741 2254 876 2291 excusi
899 2260 1006 2301 sunt,
1044 2252 1199 2306 dispari
1218 2251 1432 2290 admodum
1438 2253 1602 2302 firma,

183 2319 404 2357 charactere
443 2317 653 2366 dissimili,
699 2317 866 2355 divensis
910 2318 1127 2372 dissitisque
1160 2331 1187 2354 a
1221 2331 1261 2354 se
1302 2317 1471 2354 invicem
1513 2317 1609 2355 locis

184 2383 488 2438 temporibusque
513 2382 759 2436 prodierint;
801 2382 892 2421 inde
912 2384 1075 2434 sactum
1116 2390 1172 2420 est
1209 2395 1351 2432 magno
1391 2381 1609 2420 litterarum

186 2447 429 2489 incommodo
442 2477 452 2495 ‚
486 2447 616 2485 dicam
640 2455 678 2485 et
700 2447 954 2486 litteratorum
992 2447 1138 2486 damno
1159 2475 1170 2494 ,
1196 2447 1237 2484 in
1274 2454 1382 2484 tanta
1407 2447 1575 2499 penuria
1591 2475 1604 2494 ‚

185 2530 356 2571 quaeque
386 2513 562 2553 indidem
602 2521 687 2551 orta
723 2521 801 2562 est,
832 2513 967 2551 talium
1001 2513 1180 2551 mercium
1210 2512 1372 2550 caritate
1397 2512 1577 2549 maxima
1595 2542 1606 2558 ‚

186 2590 229 2620 ut
253 2581 380 2620 beatus
405 2580 474 2618 ille
509 2580 643 2617 merito
680 2578 884 2616 censendus
912 2580 982 2625 sit,
1024 2591 1100 2616 non
1131 2577 1201 2631 qui
1229 2590 1359 2614 omnes
1378 2606 1388 2622 ‚
1437 2578 1508 2616 sed
1512 2588 1518 2595 “
1544 2579 1617 2631 qui

187 2661 308 2701 quam
343 2646 534 2700 plurimos
548 2675 558 2691 ‚
608 2658 742 2699 eosque
778 2644 968 2695 deformes
987 2658 1046 2683 .ac
1086 2655 1240 2680 mancos
1263 2671 1274 2691 ,
1316 2644 1452 2696 quovis
1481 2645 1613 2697 pretio

188 2725 409 2765 summaque
435 2709 637 2763 diligentia
659 2710 828 2763 potuerit
853 2708 928 2748 sibi
953 2721 1193 2762 comparare.
1253 2706 1359 2745 Eam
1381 2708 1429 2746 ob
1455 2721 1610 2747 causam
