1924 3164
299 150 413 236 354
891 183 1172 227 ExcERPTA

121 291 372 344 Α.(3.56πη’ς
386 290 537 344 χρείας
564 288 636 342 τῆς
665 279 833 341 εἵρήνης
862 288 938 342 τῆς
964 285 1126 340 μεταξύ
1160 284 1326 328 τούτων
1356 287 1440 330 τῶν
1467 287 1545 329 δύο
1571 290 1752 329 πολιτει·

157 342 229 374 lud.
252 354 290 376 ιο
320 357 339 366 v

99 387 228 421 lustin.
243 390 289 422 36

305 371 378 396 ων.
435 354 555 410 ἡμεῖς
582 356 660 406 μὲν
681 349 1004 408 Ἰεσδεγουσνάφ
1022 387 1035 406 ,
1065 353 1168 411 θείῳ
1197 355 1528 411 κουβικουλαρίῳ
1546 387 1559 406 ,
1588 354 1752 395 ἐκελεύ-

269 434 431 473 (Ῑσαμεν
461 420 535 460 καί
560 419 755 468 ἐξουσίαν
785 416 1051 471 δεδώκαμεν·
1090 418 1116 473 ἦ
1148 416 1388 474 ἀδελφότης
1422 419 1500 460 τοῦ
1531 420 1752 474 Καίσαρος

293 487 446 541 Πέτρῳ
484 485 701 540 μαγίστρῳ
742 484 826 525 τῶν
849 482 1072 535 Ῥωμαίων
1115 482 1188 525 καὶ
1228 482 1422 542 Εὕσεβύιο
1460 483 1659 525 ἐκέλευσε.
1681 483 1755 525 καὶ

293 553 497 606 ἐπέτρεψε
536 551 611 591 καί
645 548 840 600 ἐξουσίαν
880 550 1036 590 δέδωκε
1066 551 1249 605 λαλῆσαι
1288 552 1360 592 καί
1385 551 1648 606 τρακταΐσαι.
1679 546 1777 592 καὶὸ

295 616 317 658 ὃ
349 616 433 669 Ζῖχ
463 617 537 657 καί
579 613 600 657 ὃ
629 613 851 669 λεγόμενος
880 615 997 672 παρὰ
1024 613 1261 669 εΡωμαιόις
1302 614 1532 671 μάγιστρος
1563 615 1641 657 καί
1667 616 1755 658 Εὕ-

292 684 434 735 σέβιος
460 678 513 722 τά
542 683 643 736 περί
668 682 740 736 τῆς
760 679 926 737 εἰρήνης
956 683 1104 731 κοιναῖς
1133 679 1341 736 ἐλάλησαν
1369 683 1444 723 καί
1461 680 1754 737 έτρακτάϊσαν,

293 748 367 788 καί
393 743 611 789 ἑτύπωσαν
638 745 715 802 τήν
743 744 910 803 εἰρήνην
937 745 1191 803 πεντήκοντα
1221 749 1438 801 ἐνιαυτῶν,
1460 749 1534 789 καί
1559 745 1753 803 ἔγγραφοι

293 812 445 863 πάντες
485 811 765 868 ε’σφράγισαν.
820 813 942 869 ἡμεῖς
982 807 1057 855 οὖν
1101 815 1196 854 καθ’
1226 811 1255 854 ἃ
1284 811 1305 854 ὅ
1336 813 1422 868 Ζίχ
1464 806 1537 856 καί
1561 813 1584 855 ὅ
1624 809 1754 868 μάγε-

297 893 423 933 στρος
450 879 536 920 τῶν
559 878 781 931 Ῥωμαίων
809 877 883 920 καί
908 879 1116 932 Εὐσέβιος
1145 880 1356 934 ἐποίησαν,
1387 880 1569 933 βεβαίως
1597 878 1808 933 ἔχομενῑῡ

296 942 373 999 τήν
404 941 595 999 εἰρήνην,
627 944 699 985 καί
736 945 968 998 ἐμμένομεν
997 944 1184 993 αὕτοῖς.”
1239 942 1350 986 οὕτω
1388 947 1467 998 μὲν
1509 946 1582 986 ἐπὶ
1603 947 1753 996 λέξεως

295 1006 423 1063 εἶχεν.
481 1006 763 1064 ὁμοιοτρόπως
803 1011 848 1051 δὲ
891 1009 965 1051 καί
990 1009 1113 1064 ἢτοῦ
1136 1010 1358 1063 Ῥωμαίων
1395 1012 1604 1064 βασιλέως
1632 1007 1755 1064 ἐτύγ-

296 1091 425 1129 χανεν
453 1070 560 1117 οὖσα
589 1074 803 1129 ὁμολογία,
833 1071 935 1117 ἄνευ
974 1076 1049 1130 τῆς
1077 1077 1329 1131 προγραφῆς
1361 1070 1410 1131 ἧς
1438 1071 1527 1129 εἶχε
1554 1074 1600 1116 τὸ
1629 1076 1755 1129 βασί-

254 1145 409 1187 Βλειον
437 1140 613 1196 γράμμα
643 1138 688 1182 τὸ
721 1140 950 1196 Περσικόν.
1007 1140 1081 1182 καί
1108 1143 1153 1183 ἐν
1178 1143 1360 1183 τοιοῖσδε
1389 1141 1410 1184 ὃ
1445 1139 1641 1195 ξύλλογος
1669 1142 1756 1182 διε-

300 1206 509 1262 λύθησαν.
565 1208 612 1249 ἐν
632 1208 678 1249 δὲ
709 1205 759 1261 δή
780 1203 902 1265 ἑτέρᾳ
927 1207 1160 1257 ξυνελεύσει
1188 1210 1558 1262 μεγαλαυχοῧντος
1583 1208 1657 1249 τοῦ
1669 1203 1809 1260 Ζίχ15

299 1274 373 1313 καί
399 1272 471 1313 έπί
489 1272 664 1329 Χοσρόῃ
694 1275 868 1326 βασιλεῖ’
893 1274 1148 1330 κομπολογίςι
1175 1273 1413 1328 χρωμένου,
1438 1270 1670 1329 φάσκοντός
1696 1287 1755 1324 τε,

299 1337 358 1388 ὥς
397 1336 676 1391 ἆμαχώτατός
714 1340 760 1380 τέ
798 1340 888 1380 ἐστι
920 1341 994 1381 καί
1022 1342 1138 1388 νίκας
1165 1339 1438 1395 περιεβάλετο
1472 1336 1654 1392 πολλὰς,
1684 1338 1758 1379 καί

301 1404 359 1452 ὥς
388 1405 432 1454 ἐξ
453 1398 503 1444 οὗ
534 1403 690 1459 χρόνου
715 1402 791 1459 τήν
822 1405 989 1459 κίδαριν
1019 1401 1246 1460 ἀνεδήσατο
1264 1438 1277 1457 ,
1309 1407 1426 1461 α’μφί
1450 1405 1503 1447 τὰ
1533 1405 1634 1446 δέκα
1648 1402 1754 1458 ἔθνη

300 1470 692 1524 καταγωνισάμενος
730 1470 983 1524 κατέστησεν
1021 1471 1064 1518 ἐς
1107 1467 1243 1525 φόρου
1283 1466 1531 1526 ἀπαγωγήν,
1578 1469 1652 1512 καί
1689 1467 1755 1512 ὅτι

300 1533 374 1590 την
400 1537 483 1576 τῶν
508 1536 769 1591 Ἔφθαλιτῶν
796 1536 1110 1590 κατεστρέψατο
1140 1533 1334 1588 δύναμιν,
1363 1538 1436 1577 καί
1464 1536 1543 1589 μὲν
1571 1531 1647 1577 οὖν
1673 1539 1810 1590 ,ea-2⁰

302 1605 443 1650 σιλεῖς
471 1600 727 1656 ἐχειρώσατο
769 1602 1016 1654 πλείστους,
1065 1603 1138 1643 καί
1164 1601 1222 1651 ὥς
1251 1598 1432 1656 ἄγανταί
1454 1617 1498 1644 τε
1527 1600 1656 1643 αὕτὸν
1685 1605 1759 1644 καί

301 1663 535 1722 τεθήπασιν
563 1665 603 1707 οἱ
634 1668 769 1724 ἐκείνῃ
798 1666 1026 1723 βάρβαροι,
1046 1666 1121 1709 καί
1147 1666 1205 1716 ὥς
1231 1666 1340 1709 κατά
1373 1665 1420 1709 τὸ
1451 1668 1659 1723 προσῆκον
1686 1666 1759 1710 καί

396 1779 432 1813 9,
457 1767 544 1799 καθ’
570 1766 652 1800 add.
680 1766 722 1800 N.
819 1779 874 1801 22.
900 1766 1022 1814 ἐκείνῃ
1055 1767 1160 1808 Val.‚
1202 1766 1343 1803 ἐκεῖνοι
1378 1768 1472 1814 vulg.

302 1869 352 1893 no
378 1858 603 1892 cubiculario
629 1863 774 1900 nostro,
807 1859 978 1893 iussimus
1004 1863 1040 1892 et
1065 1863 1283 1902 potestatem
1321 1858 1510 1900 dedimus,
1543 1858 1583 1892 id
1616 1859 1759 1904 negotii

304 1907 492 1939 conficere.
540 1907 763 1940 Fraternitas
790 1913 910 1949 autem
938 1907 1100 1940 Caesaris
1126 1908 1203 1940 cius
1225 1908 1518 1951 procurationem
1541 1906 1658 1946 Petro,
1685 1907 1757 1939 Ro-

305 1963 495 1986 manorum
521 1954 704 1997 magistro,
732 1959 769 1986 et
792 1953 951 1986 Eusebio
977 1954 1171 1994 commisit,
1199 1959 1239 1985 ut
1264 1954 1309 1987 de
1334 1963 1423 1999 pace
1449 1952 1674 1997 colloquium
1691 1951 1758 1984 ha-

304 1998 438 2032 berent
462 2005 499 2032 et
522 2004 730 2033 tractarent.
782 2001 826 2032 Et
850 1999 1000 2045 quidem
1026 1999 1173 2041 Zidms,
1197 2006 1235 2034 et
1259 2001 1323 2046 qui
1347 2012 1368 2034 a
1393 2001 1562 2032 Romanis
1587 2000 1758 2043 magister

306 2047 461 2086 dicitur,
496 2051 533 2079 et
557 2046 756 2086 Eusebius,
793 2056 830 2079 re
855 2049 951 2080 inter
975 2057 1012 2078 se
1038 2046 1238 2080 deliberata
1276 2053 1313 2081 et
1343 2057 1542 2092 perpensa,
1579 2050 1755 2079 tractave-

306 2098 393 2127 runt
414 2097 451 2126 et
475 2092 514 2124 in
537 2094 679 2137 scriptis
707 2092 927 2138 redegerunt
950 2104 1071 2138 pacem
1111 2095 1150 2126 in
1187 2094 1450 2140 quinquaginta
1485 2103 1599 2125 annos
1638 2091 1755 2126 Persis

308 2144 346 2171 et
372 2140 539 2172 Romanis
564 2150 661 2180 esse,
688 2144 725 2172 et
752 2151 847 2186 quae
873 2139 1007 2185 scripta
1031 2145 1137 2180 sunt,
1163 2142 1236 2173 suis
1264 2141 1393 2185 sigillis
1422 2140 1604 2184 impressis
1622 2148 1757 2184 appro-

306 2185 498 2219 baverunt.
548 2187 675 2232 Itaque
701 2196 767 2219 nos
793 2188 936 2227 omnia,
977 2197 1071 2232 quae
1097 2186 1223 2220 Zichns
1257 2193 1294 2220 et
1317 2186 1486 2230 magister
1511 2187 1757 2219 Romanorum

309 2237 347 2265 et
376 2232 553 2265 Eusebius
579 2233 624 2266 de
648 2243 737 2277 pace
770 2239 1041 2274 convenerunt,
1080 2239 1157 2267 rata
1193 2234 1293 2266 firma
1332 2233 1453 2266 valere
1482 2233 1676 2273 volumus,
1717 2236 1757 2266 et

309 2278 583 2311 conditionibus
614 2279 719 2313 dictis
745 2281 914 2312 sta1nus.'’
961 2281 1007 2313 Et
1038 2280 1108 2313 ista
1144 2280 1292 2325 quidem
1316 2279 1362 2312 ad
1395 2278 1544 2312 verbum
1575 2280 1628 2313 ita
1665 2279 1756 2313 scri-

307 2330 371 2370 pta
394 2335 432 2356 sc
457 2324 653 2358 habebant.
711 2326 847 2360 Eodem
879 2337 985 2359 sensu
1015 2327 1254 2360 Romanorum
1280 2325 1510 2371 Imperatoris
1536 2325 1753 2359 ratihabitio

309 2371 444 2415 scripta
470 2371 560 2411 fuit,
593 2373 657 2406 sed
681 2373 760 2406 sine
785 2373 1025 2417 inscriptione
1056 2374 1144 2414 illa,
1179 2384 1286 2418 quam
1324 2373 1468 2406 litterae
1504 2372 1596 2416 regis
1627 2372 1753 2406 Persa-

307 2428 389 2450 rum
421 2417 618 2452 habebant.
679 2419 795 2464 Super
831 2419 888 2452 his
925 2421 1084 2452 solutum
1121 2425 1176 2453 est
1211 2420 1307 2452 inter
1341 2419 1478 2462 legatos
1516 2419 1754 2464 colloquium.

309 2463 398 2496 Cum
424 2463 544 2497 denuo
570 2464 615 2497 ad
640 2465 864 2510 colloquium
892 2467 1077 2500 venissent
1103 2473 1140 2500 et
1166 2466 1290 2499 Zichus
1315 2465 1513 2510 magnificis
1540 2464 1659 2498 verbis
1696 2466 1753 2499 ia-

309 2514 443 2550 ctaret,
470 2516 507 2544 et
531 2511 716 2545 attolleret
742 2511 951 2554 chosroen,
994 2519 1031 2547 et
1065 2512 1226 2554 diceret,
1262 2511 1366 2544 illum
1394 2511 1567 2544 invictum
1600 2522 1678 2546 esse
1713 2517 1752 2547 et

308 2556 441 2590 multas
464 2557 632 2590 victorias
661 2558 847 2599 retulisse,
883 2565 920 2592 et
943 2559 987 2593 ab
1016 2570 1059 2592 eo
1084 2564 1266 2604 tempore,
1301 2569 1374 2603 quo
1409 2557 1521 2591 cidari
1557 2558 1750 2592 redimitus

309 2603 459 2643 fuisset,
495 2602 620 2636 decem
653 2610 800 2648 gemm,
836 2615 915 2637 cum
944 2605 1079 2651 quibus
1114 2603 1340 2645 dimicasset,
1376 2603 1555 2637 tributum
1587 2605 1748 2650 pendere

310 2650 482 2694 coegisse,
509 2654 545 2682 ct
570 2648 857 2694 Ephthalitarum
882 2653 1083 2696 potentiam
1109 2653 1294 2692 evertisse,
1319 2656 1355 2684 et
1380 2651 1512 2685 multos
1537 2662 1636 2697 reges
1660 2651 1751 2684 sub-

311 2697 448 2740 egisse,
487 2701 524 2728 et
557 2706 681 2730 omncs
713 2697 857 2729 illarum
889 2703 1064 2732 terrarum
1091 2699 1261 2732 barbaros
1286 2698 1403 2741 ipsum
1429 2699 1547 2731 colere
1573 2703 1610 2732 et
1640 2709 1750 2731 vene-
1802 2720 1805 2724 -

309 2743 405 2786 rari,
435 2742 533 2778 unde
569 2743 647 2777 iure
679 2749 717 2778 et
740 2744 882 2778 merito
906 2746 998 2790 regis
1023 2756 1146 2790 regum
1171 2744 1454 2791 appellationem
1481 2743 1554 2780 sibi
1573 2748 1750 2780 sumeret:
