1924 3164
638 198 673 238 E
711 194 887 240 musci
926 195 1202 241 HISTORIA.
1539 198 1643 234 221

189 295 396 354 ἀληθείας
424 298 555 356 αὐτὴν
580 300 662 354 μὲν
688 298 853 353 ἔμεινεν
880 298 992 355 ἔχων
1031 298 1233 356 γαμετήν,
1262 300 1470 343 τίσασθαι
1495 301 1542 344 δὲ
1573 305 1653 345 τοῦ
1666 316 1852 361 0‚A.c,465

192 364 320 407 δόλου
348 363 576 422 Πειρώζην
610 367 773 408 ἐθέλων
797 365 979 421 πόλεμον
1021 365 1130 423 πρός
1169 365 1270 416 τοὺς
1313 365 1500 423 ὁμόρους
1540 363 1770 423 ἔχεινῖὓίι3

191 431 449 487 ὑπεκρίνετο,
479 428 716 489 δεῖσθαίτε
744 428 915 489 ἀνδρῶν
951 433 1004 475 οὔ
1031 435 1115 476 τῶν
1141 430 1250 489 πρὸς
1274 433 1417 489 μάχην
1443 434 1656 490 ἔπιτηδεί-
1671 412 1818 457 Le⁰¹²⁶9

194 514 271 551 ων,
303 498 475 555 (μυρίον
500 496 580 554 γὰρ
615 493 735 557 αὗτῷ
769 503 968 554 παρεῖναι
995 500 1195 557 πλῆθος,)
1223 497 1333 542 ἀλλὰ
1361 501 1446 543 ταῖν
1474 516 1656 557 στρατη-

167 561 408 619 5γησόντων
449 564 569 622 αὐτῷ
606 562 680 607 τὸν
721 562 926 617 πόλεμον.
992 564 1018 605 ὅ
1059 567 1107 607 δὲ
1147 563 1179 607 τ’
1208 565 1327 624 αὐτῷ
1355 567 1438 608 ταῖν
1463 566 1656 621 λογάδων

193 628 422 684 ἐξέπεμψε.
476 629 551 672 καί
575 628 672 679 τούς
697 631 777 684 μὲν
806 629 829 672 ὅ
859 633 944 673 τῶν
971 633 1222 688 Κιδαριτῶν
1249 626 1397 688 ἅρχων
1425 634 1655 688 ἀπέκτεινε,

191 694 293 746 τοὺς
323 697 371 738 δὲ
398 695 694 752 λωβησάμενος
722 695 838 754 παρὰ
877 695 947 740 τὸν
984 695 1216 754 Πειρώζην
1241 693 1493 753 ἀπέπεμψεν
1521 700 1656 755 ἄπαγ-

191 765 430 817 γελοῦντας,
457 762 515 811 ὥς
550 765 623 818 τῆς
662 763 827 819 α’πάτης
861 763 1021 820 ταύτην
1048 762 1178 806 ἔδωκε
1207 765 1327 821 δίκην
1344 801 1355 811 .
1412 762 1548 816 οὕτως
1576 761 1659 808 αὖ-

192 832 264 879 θις
293 830 436 880 αὐτοῖς
463 827 485 872 ὃ
509 829 688 884 πόλεμος
715 825 1056 888 ἆνεζωπυροόθη,
1095 830 1171 873 καὶ
1194 829 1403 886 ἐμάχοντο
1431 832 1659 889 καρτερῶς.

143 895 401 955 ΙΟέν.Γόργᾳ
427 897 572 939 τοίνυν
599 897 743 954 (τοῦτο
768 896 851 954 γὰρ
881 891 1019 951 ὄνομα
1046 900 1107 955 τῷ
1130 900 1291 957 χωρίῳ,
1319 899 1365 940 ἐν
1393 892 1505 957 ᾧπερ
1535 900 1660 941 συνέ-

192 964 314 1016 βαινε
347 961 449 1013 τούς
486 963 668 1021 Πέρσας
705 963 1151 1022 στρατοπεδεύεσθαι)
1194 962 1269 1007 τὸν
1312 963 1607 1008 Κωνστάντιον
1634 963 1662 1012 ὅ

194 1026 422 1085 Πειρώζης
447 1031 642 1085 ἐδέχετο,
670 1030 751 1072 καί
769 1046 887 1080 τινας
925 1030 1088 1086 ἡμέρας
1114 1030 1535 1088 φιλοφρονησάμενος
1562 1032 1659 1074 δια-

194 1096 350 1152 φῆκεν,
379 1094 517 1147 δεξιὸν
544 1096 670 1139 οὐδὲν
693 1097 795 1153 περὶ
820 1098 896 1152 τῆς
921 1097 1151 1153 πρεσβείας
1180 1097 1528 1154 ἀποκρινάμενος.
1656 1090 1754 1139 Ρ·76

306 1159 370 1217 ιγ’.
415 1157 511 1206 «Ότι
543 1163 673 1206 Λέων
698 1161 724 1205 ὅ
752 1162 956 1217 βασιλεύς
995 1165 1160 1205 στέλλει
1187 1162 1295 1219 πρὸς
1324 1162 1401 1207 τὸν
1420 1165 1463 1206 Γ
1459 1160 1726 1245 εζε’ριχον1·ἒ;1
1725 1164 1769 1245 (Σὲ
1779 1164 1848 1208 467

141 1221 430 1284 15Φύλαρχον
455 1227 531 1285 την
567 1230 643 1272 τοῦ
664 1228 904 1283 Ἀνθεμίου
937 1231 1157 1283 βασιλείαν
1181 1227 1382 1285 μηνύσων
1424 1229 1501 1272 καὶ
1526 1230 1650 1272 πόλε-
1660 1257 1734 1294 Leo

193 1309 276 1348 μον
304 1290 543 1350 ἀπειλήσων
561 1326 574 1350 ,
603 1296 645 1338 εἰ
668 1292 731 1350 μή
755 1310 803 1350 γε
827 1297 902 1351 τῆς
926 1291 1111 1345 Ἰταλίας
1135 1298 1209 1338 καί
1233 1297 1455 1350 βασιλείας
1484 1296 1658 1352 α’φέξοι-

193 1376 266 1405 το.
320 1362 498 1418 ἐπανῆκε
525 1363 573 1404 δὲ
597 1362 820 1417 α’γγέλλων,
862 1360 922 1418 μή
953 1363 1118 1405 ἐθέλειν
1145 1360 1277 1405 αὐτὸν
1303 1361 1400 1413 τούς
1429 1365 1509 1405 τοῦ
1534 1366 1660 1418 βασι-

195 1430 303 1479 λέως
330 1429 586 1484 προσίεσθαι
618 1425 794 1483 λόγους,
823 1426 933 1471 ἀλλὰ
961 1430 1008 1471 ἒν
1036 1429 1222 1482 πολέμου
1256 1425 1367 1472 εἶναι
1394 1431 1659 1488 παρασκευῇ,

195 1495 254 1546 ὦς
280 1493 362 1538 ὖπό
396 1496 481 1537 τῶν
507 1491 622 1554 ἑῴων
643 1495 875 1550 “Ρωμαι’ων
911 1492 1353 1552 παρασπονδούμενον.

289 1575 322 1620 4.
349 1577 501 1622 μυρίων
523 1575 619 1622 vulg.
718 1577 772 1611 16.
798 1574 1006 1624 βασιλείας]
1033 1577 1215 1615 Σικελίας
1235 1576 1328 1611 coni.
1356 1576 1394 1611 B.
1465 1578 1517 1613 13.
1548 1575 1662 1625 προΐ-

295 1625 411 1657 εσθαι
434 1622 531 1669 vulg.
629 1635 683 1670 ¹9·
706 1621 812 1670 ἑῴων
833 1625 869 1658 Β.
882 1648 892 1666 ,
913 1625 1011 1659 νέων
1035 1624 1130 1670 vulg.
1527 1647 1529 1649 -

196 1693 242 1726 de
267 1704 330 1726 sua
353 1692 568 1727 conditione
600 1693 736 1727 certior
761 1693 887 1733 fieret,
920 1692 1079 1740 pessima
1105 1703 1144 1727 se
1168 1698 1286 1729 morte
1311 1693 1525 1735 mulctaret,
1563 1705 1665 1731 com-

193 1746 360 1775 mentum
394 1739 582 1775 iudicavit.
631 1738 799 1776 conchas
830 1750 916 1774 vero
951 1741 1142 1775 mulierem
1179 1741 1227 1775 ob
1254 1743 1446 1776 veritatem
1482 1742 1665 1778 detectam

196 1786 363 1828 laudans,
386 1797 467 1820 eam
494 1788 535 1820 in
559 1788 792 1821 matrimonio
814 1786 954 1821 habere
979 1788 1161 1832 perstitit,
1187 1787 1250 1822 sed
1281 1789 1405 1822 dolum
1431 1787 1503 1823 sibi
1528 1789 1667 1824 factum

196 1835 364 1874 ulturus,
402 1839 532 1867 contra
564 1834 739 1867 finimitos
771 1834 912 1867 bellum
948 1845 987 1867 se
1020 1845 1144 1880 gerere
1179 1835 1377 1876 simulavit,
1427 1836 1466 1869 in
1493 1849 1565 1882 quo
1590 1837 1665 1871 sibi

195 1882 285 1916 viris
311 1891 402 1924 opus
423 1891 513 1915 esse.
539 1891 614 1912 non
642 1879 791 1925 quidem
819 1881 864 1914 ad
885 1881 1054 1915 militiam
1084 1881 1192 1926 aptiS,
1207 1882 1404 1926 (infinitam
1421 1885 1518 1916 enim
1534 1883 1666 1918 horum

198 1929 272 1962 sibi
298 1927 424 1961 adesse
448 1925 758 1973 multitudinem‚)
783 1926 847 1960 sed
871 1926 951 1969 his,
985 1928 1051 1972 qui
1086 1927 1224 1973 bellum
1258 1927 1331 1962 sibi
1356 1928 1665 1966 administrarent.

196 1976 345 2009 Peroses
376 1984 461 2008 vero
497 1979 680 2007 trecentos
709 1972 916 2020 principum
942 1973 990 2006 ad
1016 1985 1099 2007 eum
1133 1975 1259 2015 misit,
1299 1987 1455 2022 quorum
1483 1976 1574 2010 alios
1602 1978 1667 2012 Ci-

198 2022 401 2057 daritarum
436 2031 499 2055 rex
533 2020 748 2061 trucidavit,
783 2021 877 2054 alios
915 2025 1102 2054 truncatos
1133 2020 1180 2053 ad
1209 2022 1376 2056 Perosem
1402 2024 1562 2065 remisit,
1600 2024 1667 2070 qui

198 2068 476 2108 renuntiarent,
501 2067 566 2110 has
593 2068 679 2101 illos
705 2068 919 2101 commissae
944 2067 990 2100 ab
1020 2079 1063 2101 eo
1090 2067 1230 2102 fraudis
1254 2079 1392 2113 poenas
1417 2070 1541 2104 luisse.
1588 2072 1667 2105 Ita-

199 2127 271 2162 que
300 2117 396 2149 inter
420 2115 518 2159 ipsos
554 2115 668 2148 multo
694 2116 825 2155 acrius,
850 2126 957 2160 quam
983 2119 1105 2154 antea,
1130 2114 1267 2148 bellum
1296 2121 1351 2150 est
1375 2116 1594 2157 excitatum,
1627 2124 1668 2153 et

199 2162 372 2198 omuibus
395 2161 535 2196 viribus
559 2163 825 2206 depugnarunt.
875 2162 917 2195 In
935 2162 1057 2207 Gorga
1082 2160 1211 2206 igitur,
1237 2162 1328 2206 (hoc
1354 2164 1452 2197 enim
1476 2170 1556 2198 erat
1577 2166 1659 2199 loco

199 2221 355 2250 nomen,
388 2210 427 2243 in
456 2220 528 2256 quo
554 2213 643 2244 tunc
666 2209 760 2242 forte
787 2209 912 2243 Persae
938 2213 1052 2242 castra
1076 2207 1293 2254 habebant,)
1317 2209 1570 2245 Constantium
1595 2213 1663 2246 Pe·-

200 2267 299 2290 roses
327 2257 482 2301 excepit.
532 2256 652 2300 Quem
689 2260 884 2302 postquam
917 2267 982 2301 per
1007 2255 1182 2301 quosdam
1209 2255 1288 2289 dies
1323 2256 1423 2292 laute
1457 2262 1666 2302 tractasset,

1738 1272 1825 1296 nd!

200 2304 304 2338 nullo
332 2303 467 2338 idoneo
493 2302 540 2336 ad
563 2304 784 2349 legationem
811 2301 896 2335 dato
926 2313 1114 2348 responso,
1144 2302 1292 2337 dimisit.

300 2351 350 2384 13.
410 2351 485 2385 Leo
522 2352 720 2396 Imperator
755 2350 992 2383 Gensericum
1037 2361 1104 2394 per
1150 2349 1391 2392 phylarchum
1426 2351 1586 2398 legatum
1619 2352 1666 2389 de

200 2396 388 2432 Anthemii
420 2398 574 2440 imperio
615 2397 808 2432 certiorem
833 2397 942 2436 fecit,
976 2396 1085 2443 eique
1110 2396 1250 2431 bellum
1279 2397 1436 2439 indixit,
1460 2400 1532 2433 nisi
1556 2400 1666 2434 Italia

204 2444 372 2487 cederet,
401 2450 439 2479 et
472 2445 668 2490 imperium
705 2445 786 2488 ipse
812 2449 984 2488 appetere
999 2444 1204 2478 desisteret.
1254 2444 1378 2478 Rediit
1409 2451 1532 2480 autem
1564 2455 1663 2480 nun-

203 2492 301 2531 tius,
333 2493 552 2533 etretulit,
585 2492 686 2533 nolle
709 2492 836 2536 ‘ipsum
875 2489 1148 2525 denuntiationi
1180 2502 1328 2536 parcre,
1353 2493 1428 2526 imo
1464 2505 1511 2528 eo
1549 2493 1662 2538 magis

204 2537 343 2573 bellum
368 2549 557 2586 apparare,
578 2539 679 2586 quod
702 2538 854 2574 Romani
878 2537 1075 2573 orientales
1098 2538 1247 2574 foedera
1268 2541 1480 2585 transgressi
1505 2546 1636 2575 essent.
