1924 3164
339 168 456 243 494
936 180 1197 223 PROCOPH

342 286 560 342 σεμνύνεις
588 288 641 344 τῇ
671 284 857 341 θατέρου
895 278 1274 340 προσθήκῃ.“ἆλλά
1307 279 1483 337 μήπωγε
1510 285 1656 327 ταῦτα·
1709 287 1798 341 α’λλζ

338 353 402 398 ἔτι
443 355 517 408 τῆς
564 351 782 403 εὐσεβείας
817 351 1021 391 τοσοῦτον
1049 344 1161 403 εἶχες
1189 346 1263 390 τὸν
1289 346 1458 400 πόθον,
1497 351 1634 399 καλῶς
1671 350 1796 401 εἰδώς

340 418 398 470 ὥς
424 416 553 475 ταύτῃ
582 419 665 459 ταῖν
691 417 848 457 λοιπῶν
875 414 1035 471 άρετιὸν
1077 414 1100 454 ὅ
1132 412 1330 468 σύλλογος
1359 414 1690 470 ἐπακολουθήσει
1716 416 1794 474 ῥᾳῆ

343 487 472 536 δι’ως,
500 481 642 538 ὥσπερ
674 478 927 534 αἰδούμεναι
951 481 1105 536 ταύτης
1131 478 1206 535 την
1225 478 1331 535 πρὸς
1356 478 1402 521 τὸ
1432 485 1620 536 κρεῖττον
1646 485 1795 537 συγγέ-

337 566 480 595 νειαν
510 547 585 590 καί
614 547 665 588 οὕ
695 543 956 602 διεψεύσθης
982 548 1056 601 τῆς
1083 543 1265 601 γνώμης.
1295 544 1458 587 εἵποντο
1485 543 1564 602 γὰρ
1594 544 1668 587 καὶ
1693 559 1821 602 συν-5

337 619 447 672 ἦσαν
483 611 716 669 οἷλλήλαις,
766 609 907 669 ὥσπερ
949 611 1088 655 κοινὸν
1116 610 1352 668 οἰκητήριον
1379 609 1457 667 την
1483 610 1563 667 σὴν
1590 609 1796 668 εὐτυχοῦ-

336 698 411 725 σαι
439 678 616 736 ψυχήν·
658 681 732 721 καί
771 677 843 720 διὰ
872 679 1039 721 πάντων
1069 678 1207 727 ε’νίκας
1228 711 1240 730 ,
1272 675 1574 734 φιλάνθρωπος
1601 674 1661 720 ὢν
1688 679 1795 722 ἰδεῖν
1823 676 1825 679 ’
1852 698 1854 701 ·

335 762 382 789 τε
411 743 502 801 ἅμα
531 745 605 788 καί
627 746 910 800 πειραθῆναι,
955 741 1197 800 φρονήσεως
1225 742 1403 801 ἐμπείρᾳ
1436 742 1509 786 τὸν
1543 745 1635 797 βίον
1664 743 1796 787 εὐθύ-

334 829 443 867 νων,
472 813 660 855 τοσαῦτα
689 811 955 866 περισκοπῶν
991 806 1070 851 ὅσα
1097 805 1284 865 σώφρων
1312 806 1548 865 ὀφθαλμὸς,
1566 811 1792 866 ἐπιτρέποι,

334 880 407 922 καί
433 880 580 935 φέρειν
609 875 732 926 εἰδώς
762 877 951 931 εὐχερῶς
982 871 1093 924 ὅπως
1119 871 1178 917 ἂν
1209 874 1235 930 ἦ
1265 875 1371 930 τύχη
1398 874 1597 930 κρίνεται.
1624 892 1847 934 τοιγάρ-ιο

335 947 412 988 οὖν
448 946 493 987 ἐν
533 948 622 992 τοῖς
657 944 888 997 βασιλείοις
931 942 1088 996 διάγων
1116 941 1366 994 εὖδαιζιιονος
1393 942 1489 993 βίου
1518 940 1791 997 παράδειγμα

334 1009 494 1054 σαυτὸν
530 1010 716 1058 ἐδείκνυς
754 1014 840 1057 τοῖς
877 1002 1040 1060 ἄλλοις,
1083 1003 1298 1062 ἄρχεσθαι
1336 1007 1435 1062 πρίν
1479 1001 1628 1063 ἄρχειν
1656 1010 1792 1059 καλῶς

331 1075 631 1129 ἐπιστάμενος·
680 1073 796 1130 εἴπερ
837 1073 986 1130 ἀρίστη
1014 1073 1167 1128 μελέτη
1194 1071 1271 1127 τὴν
1297 1071 1400 1128 πρὸς
1427 1071 1475 1114 τὸ
1506 1070 1683 1123 δεόντως
1710 1069 1792 1130 ἆρ-

327 1159 423 1198 χειν
453 1139 553 1184 ὁδὸν
579 1137 810 1195 λαμβάνειν
842 1141 888 1181 ἐκ
916 1142 992 1195 τῆς
1018 1140 1095 1181 τοῦ
1119 1140 1256 1187 καλῶς
1283 1134 1496 1194 ἄρχεσθαι
1521 1141 1680 1195 πείρας.
1708 1158 1792 1183 πα-.-
1847 1148 1850 1151 ’

329 1211 410 1267 ρῆν
437 1206 518 1264 γάρ
552 1222 621 1250 σοι
648 1208 722 1248 καί
749 1204 990 1258 δοκιμάζειν
1019 1206 1081 1247 ἐπ’
1110 1205 1305 1255 ἐξουσίας
1333 1201 1414 1246 ὅσα
1450 1211 1538 1254 τοῖς
1562 1207 1845 1260 κρατοῦσινιό

328 1277 658 1330 ἓπλημμελεΐτο,
701 1274 774 1313 καί
816 1268 896 1313 ὅσα
934 1269 1040 1327 πρὸς
1078 1269 1153 1326 την
1181 1273 1264 1313 τῶν
1291 1270 1485 1326 ὑπηκόων
1512 1270 1788 1325 εὐδαιμονίαν

327 1339 483 1384 ἐτέλει·
507 1341 589 1381 ’καί
613 1336 690 1387 τοὶς
719 1337 858 1386 αἰτίας
887 1334 1152 1389 ἄνεσκόπεις,
1192 1338 1265 1378 καί
1292 1336 1496 1393 ἀσφαλῶς
1523 1338 1754 1393 ἐπαιδεύου
1773 1371 1788 1392 ,

328 1404 468 1461 ὥσπερ
490 1406 536 1447 ἐν
558 1403 711 1460 ἑτέρων
729 1402 886 1456 τύχαις
904 1400 981 1456 τὴν
998 1404 1074 1443 τοῦ
1089 1404 1312 1455 μέλλοντος
1330 1403 1509 1458 μελέτην
1526 1401 1788 1457 ποιούμενος.

149 1487 314 1536 Ᾱ,ρ,49,
440 1469 487 1514 ε’.
517 1465 631 1524 νΗδη
653 1469 699 1510 δέ
716 1483 780 1510 τοι
798 1470 936 1524 παρῆν
958 1463 979 1508 ὃ
1004 1466 1170 1523 χρόνος,
1197 1464 1337 1523 ὥσπερ
1370 1484 1411 1509 τι
1436 1470 1561 1524 χρέος
1586 1467 1632 1511 τὸ
1656 1484 1788 1525 προσ-

327 1541 429 1595 ῆκον
457 1534 712 1587 οἷποδιδοὺς,
771 1535 845 1575 καί
872 1531 978 1588 πρὸς
1005 1531 1144 1589 α’ρχὴν
1171 1533 1384 1588 τοσαύτην
1411 1533 1674 1586 οἷνέλαμπες·
1709 1537 1840 1587 natae

327 1601 602 1659 μετεβάλλετο
623 1606 710 1650 τοῖς
728 1595 929 1654 ὑπηκόοις
957 1596 1010 1640 τά
1039 1598 1278 1654 πράγματα.
1309 1594 1481 1652 ἄμεινον
1514 1601 1560 1642 δὲ
1577 1602 1661 1642 τῶν
1678 1616 1782 1656 προ-

325 1666 541 1725 λαβόντων
568 1663 700 1722 μικροὶ
728 1665 843 1717 ὑμᾶς
873 1661 1137 1718 ἀναμνῆσαι,
1166 1663 1241 1705 καί
1268 1665 1417 1717 δεῖξαι,
1446 1667 1535 1713 πῶς
1562 1681 1662 1707 ποτε
1688 1665 1786 1708 τοὺ-

326 1752 413 1778 των
457 1731 642 1788 ἐχόντων
680 1732 740 1780 εἰς
781 1726 883 1785 δ’σην
921 1730 1023 1784 ἡμῖν
1050 1725 1228 1791 α’φῑκται
1254 1728 1505 1786 μεταβολήν.
1562 1731 1639 1774 οὐκ
1666 1734 1784 1775 ε’άσει

419 1837 454 1872 8:
477 1834 564 1879 Le‘g.
592 1833 773 1880 ἐμπειρίᾳ
807 1831 867 1867 vel
890 1830 932 1867 ἐν
967 1832 1090 1877 πείρᾳ.
1120 1831 1164 1865 Ν.

326 1940 405 1977 rat,
444 1931 508 1967 sed
537 1929 658 1965 adhuc
693 1927 842 1974 pietatis
881 1927 1016 1971 insigni
1040 1926 1226 1961 tenebaris
1251 1926 1462 1969 desiderio,
1496 1927 1612 1973 probe
1637 1941 1786 1975 gnarus,

326 1983 419 2022 fore,
447 1985 489 2013 ut
512 1977 608 2011 hane
635 1975 743 2022 facile
769 1985 893 2009 omnes
917 1976 1070 2008 virtutes
1096 1982 1306 2020 sequantur,
1333 1975 1437 2020 quasi
1461 1982 1676 2010 venerantes
1701 1978 1780 2011 eius

326 2041 409 2063 cum
434 2026 584 2060 numine
613 2022 886 2068 cognationem:
913 2032 1034 2066 neque
1059 2025 1096 2054 te
1123 2031 1164 2054 ea
1187 2022 1312 2066 opinio
1337 2022 1483 2055 fefellit.
1524 2023 1779 2069 Sequebantur

327 2076 426 2109 enim
444 2072 554 2107 simul
577 2080 715 2110 omnes»,
744 2070 848 2115 quasi
871 2071 1063 2104 ‘commune
1085 2067 1311 2101 domicilium
1336 2069 1495 2102 animum
1512 2074 1615 2103 tuum
1639 2075 1776 2105 nactae.

325 2123 373 2156 Et
397 2123 436 2155 in
459 2117 629 2153 omnibus
652 2115 922 2163 praecellebas‚
947 2115 1126 2148 humanus
1152 2121 1298 2159 aspectu
1316 2116 1425 2148 simul
1437 2120 1474 2149 et
1488 2116 1777 2160 consuetudine,

325 2166 574 2212 intelligentia
600 2169 637 2197 et
661 2163 889 2208 experientia
917 2162 1029 2194 vitam
1057 2161 1239 2205 dirigens,
1274 2172 1315 2195 ea
1338 2167 1444 2196 tenus
1482 2163 1774 2209 circumspiciens

325 2226 401 2260 qua
436 2212 615 2247 modestia
647 2210 795 2244 oculum
818 2208 1050 2242 circumferre
1077 2209 1237 2254 patitur,
1273 2214 1310 2242 et
1342 2209 1451 2243 facile
1475 2209 1631 2244 tolerare
1658 2211 1778 2246 sciens

354 2271 567 2305 uaecunque
602 2257 751 2291 fortuna
788 2258 899 2289 affert.
950 2256 1078 2301 Itaque
1116 2255 1156 2287 in
1186 2255 1285 2300 regia
1319 2267 1400 2289 cum
1429 2257 1641 2298 versareris,
1675 2259 1774 2293 vitae

345 2308 445 2341 elicis
472 2306 656 2350 exemplar
678 2309 715 2338 te
741 2304 860 2348 ipsum
886 2302 1014 2335 ceteris
1039 2301 1252 2347 praebebas,
1281 2314 1408 2348 parere
1422 2308 1506 2336 ante
1522 2304 1774 2348 imperandum

325 2354 423 2388 bene
451 2353 621 2395 edoctus;
662 2350 846 2397 siquidem
883 2349 1021 2393 optima
1058 2350 1288 2394 praeparatio
1317 2349 1364 2383 ad
1394 2354 1490 2384 recte
1520 2350 1775 2395 imperandum

325 2398 551 2435 consuetudo
584 2403 638 2431 est
668 2398 763 2431 bene
787 2395 951 2443 parendi.
999 2397 1144 2429 Etenim
1174 2396 1312 2430 licebat
1338 2396 1409 2430 tibi
1433 2406 1646 2441 cognoscere
1676 2410 1772 2446 quae

323 2449 545 2493 imperantes
577 2455 769 2490 perperam
795 2442 1111 2484 administrarent,
1139 2448 1176 2477 et
1199 2454 1294 2488 quae
1318 2442 1366 2476 ad
1388 2443 1520 2477 civium
1547 2445 1766 2480 felicitatem

323 2495 502 2535 facerent3
542 2497 578 2525 et
606 2492 646 2523 in
673 2502 796 2524 earum
821 2501 941 2534 rerum
966 2500 1090 2523 causas
1115 2489 1351 2535 inquirebas,
1389 2494 1426 2523 et
1452 2491 1593 2536 egregie
1618 2493 1766 2528 erudie-

321 2541 442 2580 bafis,
468 2539 572 2586 quasi
596 2538 636 2571 in
660 2539 816 2571 alim-um
841 2537 984 2570 casibus
1010 2536 1125 2570 futuri
1148 2537 1444 2570 exercitationem
1467 2536 1675 2573 instituens.
1799 2535 1802 2539 ’

416 2587 448 2623 5.
496 2587 572 2619 Iam
594 2594 677 2618 vero
705 2589 847 2629 tempus
883 2584 1029 2624 aderat,
1064 2584 1168 2630 quasi
1203 2582 1368 2616 debitum
1403 2584 1611 2626 exsolvens,
1646 2591 1684 2620 et
1714 2587 1763 2622 ad.

320 2640 466 2670 tantum
490 2631 682 2676 imperium
709 2631 898 2674 elucebas;
939 2636 976 2664 et
1000 2630 1132 2663 civium
1156 2634 1270 2663 status
1296 2629 1514 2663 mutabatur.
1562 2631 1644 2666 Non
1665 2633 1762 2668 alie-

321 2694 410 2717 num
435 2685 557 2714 autem
580 2677 749 2718 videtur,
774 2689 832 2710 me
855 2677 1061 2721 paullulum
1084 2678 1123 2710 in
1146 2675 1249 2710 vobis
1272 2676 1403 2721 prioris
1428 2677 1651 2713 conditionis
1677 2691 1760 2714 me-

321 2730 475 2765 moriam
496 2735 684 2767 revocare,
708 2729 746 2759 et
770 2724 960 2759 ostendere
985 2729 1121 2769 quanta
1144 2734 1265 2763 rerum
1286 2723 1439 2759 mutatio
1463 2724 1559 2759 facta
1574 2722 1642 2761 sit.
1681 2726 1760 2762 Nee
