1924 3164
295 125 364 181 32
525 132 527 135 ·
743 142 1034 210 ΕΧΟΕΒΡΤΑΙ
1055 141 1090 183 Ε
1126 142 1355 186 DEXIPPO

294 246 433 301 ριδεεῖ
453 246 530 286 τοῦ
555 244 716 301 μήποτε
744 246 818 286 ὑπ’
846 240 985 286 αὖτῶν
1023 242 1238 300 ἀχθῆναι,
1281 247 1355 288 καί
1394 245 1452 302 μὴ
1472 245 1748 303 ’κινουμένοις

290 312 566 367 ἐπέρχονται,
601 309 878 364 βεβαιοτάτην
906 309 1054 365 σφισίν
1081 305 1317 367 ἀσφάλειαν
1344 308 1453 355 εἶναι
1491 316 1742 369 νομίζοντες,

290 377 333 418 εἰ
357 377 435 420 κοῖν
461 382 556 427 ταῖς
594 375 817 424 δοκούσαις
856 372 1202 430 ἀπραγμοσύναις
1241 374 1294 419 τιὶ
1334 376 1493 435 ἰσχυροὶ
1534 395 1746 436 προκαταα

291 440 519 498 λήψονται.
576 436 750 495 ἄριστον
791 437 842 495 δὴ
885 436 932 482 τὸ
969 441 1120 493 μέλλον
1148 442 1242 491 δέος
1279 441 1387 486 ἔστω
1426 446 1501 487 τοῦ
1536 445 1745 503 παρόντος

289 508 336 551 ἐν
364 504 556 564 ἀσφαλεῖ
588 507 773 559 θέσθαι,
815 504 889 548 καί
913 503 971 561 μὴ
998 501 1303 560 ἆναμείναντας
1342 513 1582 566 προπαθεῖν
1606 511 1770 562 κακῶς5

291 573 369 615 οὐκ
398 569 480 615 ἀπὸ
524 574 602 614 τοῦ
628 570 722 613 ἴσου
763 568 1022 625 ἀμύνεσθαι·
1080 574 1242 627 βέλτιον
1281 573 1362 630 γὰρ
1401 573 1449 617 τὸ
1489 574 1550 632 μὴ
1581 579 1746 632 συμβη-

290 638 470 693 σόμενον
498 640 833 694 προελπίσαντας
861 636 1165 694 φυλάξασθαι,
1205 633 1232 695 ἢ
1274 639 1604 697 ἀπραγμοσύνης
1628 642 1746 685 ἐλπί-

290 707 336 747 δι
361 702 409 746 τὸ
440 699 645 760 ἄνανδρον
671 701 833 746 *αὐτὸν
849 704 1192 760 θεραπεύσαντας
1222 706 1296 748 καί
1319 704 1397 761 τὴν
1424 709 1640 764 παροῦσαν
1668 707 1747 765 ἀρ·-

284 770 371 826 χην
399 771 710 825 ἀποθεμένους,
751 771 797 812 ἐν
824 775 910 820 τοῖς
937 772 1086 819 δεινοῖς
1114 766 1310 830 ἀσθενείᾳ
1351 772 1573 818 ἐνδοῦναι.
1639 788 1744 830 προ-

285 834 454 892 φυλακή
486 837 535 878 δὲ
562 837 639 877 τοῦ
665 837 890 890 μέλλοντος
918 830 1066 878 ἄδειαν
1092 837 1259 882 κτᾶται.
1472 838 1475 841 ’
1720 866 1722 868 -
1747 852 1799 883 ιο

401 899 448 952 ζ’.
493 897 586 944 Ὅτι
611 902 656 943 ἐν
682 908 768 950 τοῖς
795 903 993 954 πολέμοις
1028 900 1213 955 μάλιστα
1242 899 1287 944 αἱ
1316 905 1388 958 τῆς
1415 904 1545 960 τύχης
1571 895 1742 948 πλεονεξ-

289 970 374 1019 ξίαι
414 961 564 1010 ἄλλοτε
601 967 667 1009 ἐπ’
704 962 858 1016 ἄλλους
885 965 1022 1023 ὁρμὴν
1049 965 1219 1021 ἔχουσι,
1256 967 1362 1011 κατὰ
1388 968 1436 1012 τό
1466 969 1538 1012 ἀεὶ
1559 974 1744 1025 συμβαῖ-

288 1049 361 1076 νον
386 1031 687 1090 περιήκουσαι.
760 1030 927 1075 κάλλιόν
969 1048 1015 1074 τε
1049 1032 1152 1086 ὑμῖν
1179 1033 1287 1090 ὑπὲρ
1329 1035 1406 1076 τοῦ
1433 1038 1608 1091 ποιῆσαι
1633 1037 1744 1090 μᾶλ-

287 1104 360 1142 λον
387 1095 416 1156 ἢ
443 1103 598 1142 παθεῖν
627 1097 848 1156 αἱρεῖσθαι
885 1096 932 1141 τὸ
962 1096 1180 1153 ἀγώνισμα
1198 1129 1212 1141 .
1265 1104 1407 1150 καλοῖς
1435 1102 1481 1144 δὲ
1510 1100 1647 1158 ἔργοις
1674 1097 1746 1144 ἀεὶ

289 1168 515 1208 συνέπεται
542 1163 666 1215 καλὸς
693 1162 888 1217 ἔπαινος,
934 1161 990 1213 ὥς
1020 1165 1074 1206 τά
1098 1180 1148 1218 γε
1188 1165 1356 1208 ἐναντία
1400 1166 1543 1223 φήμην
1570 1162 1797 1219 ἆναξίανιό

287 1231 408 1285 ὑμῶν
436 1229 527 1286 ἔχει
551 1233 627 1286 τῆς
652 1226 855 1279 εὗκλειάς.
912 1231 1082 1285 (Ταῦτα
1108 1232 1187 1272 τοῦ
1214 1230 1474 1289 εΥπερίδου.)

164 1310 284 1347 3322
399 1294 454 1352 ιη’.
499 1291 592 1338 Ὅτι
616 1294 702 1352 χρὴ
731 1300 824 1344 ταῖς
851 1293 1046 1350 ἡδίσταις
1077 1293 1328 1350 ἀκροάσεσιν
1347 1291 1577 1351 ἀγομένους
1603 1303 1744 1341 συνεῧ-

292 1378 362 1406 ναι
390 1367 484 1411 ταῖς
519 1361 784 1417 δυσχερείαις
818 1359 891 1402 ἐπὶ
928 1362 1013 1403 τῶν
1055 1359 1266 1415 πράξεων,
1311 1361 1400 1403 ἀλλ’
1437 1363 1517 1412 ἕως
1551 1379 1626 1419 περ
1655 1354 1744 1406 ἔστι

294 1444 359 1477 τις
378 1422 515 1480 ἄδεια,
542 1428 675 1484 βουλῇ
697 1426 945 1482 χρωμένους
972 1425 1020 1467 τὸ
1049 1427 1212 1480 βέλτιον
1239 1424 1472 1482 αἱρεῖσθαι,
1500 1429 1610 1483 μηδὲ
1630 1444 1744 1485 σφα-

291 1496 442 1543 λέντας
480 1493 759 1547 μεταμέλειαν
808 1490 922 1549 ἔχειν
966 1493 1046 1534 τοῦ
1088 1494 1369 1546 γνωσθέντος.
1434 1492 1603 1547 ἀμαθία
1655 1492 1798 1552 γὰραο

293 1562 372 1604 οὐκ
401 1561 643 1612 ἐπαινεῖται,
673 1558 886 1608 διότικαὶ
910 1554 1169 1614 σφάλλεται·
1224 1556 1430 1612 εύβουλία
1471 1574 1518 1601 τε
1546 1554 1736 1616 ἄριστον,

293 1624 440 1681 ἐπειδὴ
481 1625 643 1676 ξύνεσίς
682 1624 773 1667 ἐστι
814 1624 893 1666 τοῦ
927 1625 1150 1676 μέλλοντος
1189 1640 1203 1652 ·
1242 1622 1353 1677 τό,τε
1389 1622 1470 1680 γάρ
1522 1628 1742 1682 συμφέρον

292 1693 477 1749 λογισμῷ
516 1690 699 1745 ἐπέγνω,
743 1688 818 1733 καὶ
851 1687 898 1732 τὸ
930 1689 1119 1732 ἐναντίον
1165 1690 1450 1745 προμαθοῧσα
1486 1689 1744 1748 ἐφυλάξατο.

392 1792 422 1815 ι.
448 1778 645 1826 ἀρχθῆναι
669 1779 762 1813 coni.
787 1778 825 1812 B.
883 1778 915 1824 4.
939 1778 1012 1812 ἔσω
1039 1778 1131 1812 coni.
1156 1779 1194 1812 B.
1246 1790 1299 1825 ¹7·
1327 1776 1387 1813 ὅτι
1413 1778 1461 1820 ου’
1481 1777 1554 1826 χρὴ
1584 1781 1678 1815 coni.
1701 1781 1740 1815 B.

295 1862 420 1897 nullae
447 1870 503 1894 res
518 1869 634 1894 novae
655 1862 867 1899 moventur,
907 1858 1082 1904 vigilant,
1117 1863 1231 1904 atque
1255 1859 1306 1892 ita
1333 1859 1571 1894 firmissimam
1595 1860 1667 1894 sibi
1690 1870 1751 1893 se-

297 1910 489 1946 curitatem
514 1907 592 1940 fore
617 1906 843 1945 existimant,
867 1905 898 1937 si
917 1905 956 1938 in
975 1915 1062 1950 pace
1083 1916 1230 1952 quoque
1251 1907 1457 1948 munitum,
1482 1912 1524 1940 ut
1545 1908 1596 1940 ita
1617 1906 1750 1948 dicam,

295 1957 418 1991 locum
451 1957 727 1999 praeoccupent.
785 1951 933 1997 Optime
967 1957 1089 1986 autem
1112 1953 1212 1993 facit,
1245 1953 1310 1998 qui
1339 1964 1361 1985 a
1394 1953 1517 1987 futuro
1546 1955 1676 1987 timore
1699 1954 1741 1987 in

295 2001 504 2049 praesentia
540 2005 643 2035 cavet
683 2009 804 2044 neque
843 2008 881 2031 se
911 1999 1051 2042 patitur
1085 2004 1169 2032 ante
1200 1998 1319 2041 laedi,
1353 2011 1400 2033 ne
1431 2004 1558 2045 postea
1590 2000 1740 2044 paribus

295 2043 438 2083 viribus
456 2057 657 2093 repugnare
675 2057 750 2079 non
771 2045 899 2090 possit.
947 2046 1108 2079 Praestat
1129 2047 1227 2079 enim
1248 2045 1288 2079 id
1315 2047 1437 2087 etiam,
1459 2045 1559 2091 quod
1578 2046 1744 2080 futurum

297 2107 376 2131 :non
401 2099 466 2136 est,
489 2092 798 2140 praesentientem
822 2101 967 2132 cavere,
993 2103 1099 2138 quam
1110 2102 1173 2137 spe
1202 2092 1336 2137 quietis
1358 2093 1537 2136 ignaviam
1557 2094 1743 2139 propriam

298 2143 439 2182 fovere,
469 2139 726 2185 praesentique
748 2139 915 2184 potentia
934 2140 1084 2180 omissa,
1110 2149 1220 2185 quum
1242 2139 1336 2172 mala
1357 2138 1490 2172 deinde
1515 2139 1743 2185 ingruerint,

299 2189 514 2222 infirmitate
535 2186 710 2221 laborare.
758 2185 903 2218 Etenim
927 2185 1044 2228 futuri
1062 2185 1180 2219 cautio
1205 2186 1432 2220 securitatem
1457 2187 1563 2230 parit.

396 2247 428 2279 7.
476 2233 519 2268 In
543 2233 651 2266 bellis
674 2232 928 2276 praepotentia
951 2231 1118 2266 fortunae
1147 2232 1255 2266 modo
1281 2231 1355 2265 huc
1377 2231 1486 2266 modo
1511 2232 1600 2266 illuc
1621 2236 1743 2266 trans-

300 2281 483 2327 greditur,
514 2290 579 2325 pro
609 2283 799 2324 praesente
832 2289 973 2323 semper
999 2283 1130 2312 eventu
1152 2278 1246 2312 vices
1274 2279 1468 2313 alternans.
1517 2278 1743 2324 Ceteroquiu

300 2326 601 2362 honorificentius
626 2324 730 2358 vobis
760 2325 841 2365 erit,
872 2325 903 2356 si
936 2324 983 2359 ob
1006 2324 1234 2367 faciendum,
1268 2337 1374 2371 quam
1401 2326 1432 2359 si
1457 2325 1504 2359 ob
1530 2325 1744 2370 patiendum

300 2373 466 2419 aliquid,
491 2379 671 2407 certamen
696 2370 939 2416 susceperitis.
987 2372 1063 2405 Iam
1088 2371 1229 2417 egregia
1259 2372 1420 2406 facinora
1448 2383 1588 2416 semper
1612 2371 1743 2406 subse-

302 2423 429 2466 quitur
453 2421 547 2453 clara
573 2420 671 2459 laus,
706 2417 886 2451 contraria
918 2422 1040 2452 autem
1064 2419 1158 2453 sacta
1183 2417 1370 2463 indignam
1397 2420 1548 2462 pariunt
1575 2419 1743 2457 claritate

301 2469 411 2503 vestri
438 2467 596 2500 nominis
624 2464 940 2499 existimationem.
987 2467 1108 2506 (Haec
1129 2473 1215 2500 sunt
1230 2464 1457 2511 Hyperidis).

394 2515 427 2548 8.
453 2513 557 2547 Haud
571 2513 677 2546 decet
694 2511 898 2544 orationum
910 2511 1088 2546 suavitate
1110 2512 1244 2545 victum
1267 2523 1304 2545 se
1329 2512 1424 2545 niter
1437 2512 1483 2546 ad
1498 2522 1554 2545 res
1568 2510 1741 2556 gerendas

302 2561 491 2604 accedere3
515 2559 579 2594 sed
602 2559 717 2593 donec
738 2557 861 2603 aliqua
879 2558 1124 2603 tranquillitas
1139 2564 1211 2599 est,
1236 2558 1309 2591 deli
1339 2564 1436 2593 erato
1457 2559 1608 2592 consilio
1631 2570 1742 2604 opor-

303 2614 360 2642 tet
378 2608 528 2642 meliora
551 2607 703 2651 eligere,
748 2613 795 2637 ne
823 2610 948 2648 postea
972 2603 1227 2638 detrimentum
1249 2604 1345 2649 passi
1376 2617 1450 2639 rem
1478 2606 1743 2651 praecognitam

305 2666 398 2689 vana
430 2653 658 2700 poenitentia
692 2649 926 2696 requiramus.
974 2651 1122 2685 Inscitia
1150 2650 1373 2685 illaudabilis
1405 2657 1481 2694 est,
1512 2651 1598 2698 quia
1621 2661 1742 2691 errore

307 2701 531 2750 prolabitur:
559 2698 752 2746 prudentia
780 2701 834 2731 est
861 2698 1020 2743 optima,
1045 2698 1132 2745 quia
1155 2697 1269 2747 futuri
1291 2699 1454 2745 praescia
1481 2705 1554 2742 est,
1586 2703 1625 2734 et
1652 2695 1743 2745 quid
