1924 3164
585 188 619 228 E
655 187 942 230 MENANDm
991 188 1265 232 msromA.
1532 171 1644 228 355

190 285 267 332 οὖκ
295 284 466 339 ἅπεικὸς
495 284 612 347 αύτῷ
639 290 666 345 ἦ
696 279 916 344 ἐπωνυμία
934 291 1219 346 κεκόμψευται
1238 291 1484 347 τὸ;βασιλέα
1515 308 1644 348 προσ·
1658 303 1698 338 Α,
1711 303 1748 337 C.
1764 304 1832 338 562

189 356 472 411 αγορεύεσθαι
513 358 744 410 βασιλέων,
773 359 911 398 ταῦτα
952 357 1028 399 καί
1060 356 1112 401 τὰ
1154 356 1294 400 τοιάδε
1320 361 1399 401 τοῦ
1426 361 1512 413 Ζίχ
1553 350 1845 433 περίιιῑῑξὲῑω36

188 418 390 476 Χοσρόου
435 424 718 479 μεγαληγορίᾳ
756 425 1025 478 χρησαμένου
1064 425 1110 466 ἐν
1147 424 1373 484 διηγήματι
1411 427 1584 481 ἐξῆλθεν
1607 408 1782 487 »ὀύῖδθέα

189 488 358 543 Πέτρος
383 487 548 529 τοιάνδε
577 486 766 543 ἱστορίαν
794 485 902 530 τινά·
932 488 991 538 ὥς
1019 489 1179 543 ἐγένετό
1224 506 1289 539 τις
1317 492 1362 532 ἐν
1390 495 1478 540 τοῖς
1510 490 1768 532 nostrast-¹38

163 555 235 597 ὅτε
259 554 334 595 καί
370 553 569 596 ἀνωτάτω
607 551 778 608 χρόνοις
813 553 1016 607 βασιλεύς
1045 553 1313 609 Αἰγύπτιος,
1341 550 1473 609 ὄνομα
1504 559 1647 600 Σέσω-

188 636 322 676 στρις,
390 620 466 661 καί
504 613 579 661 οὖν
617 634 664 673 γε
707 619 1001 675 συμπνεούσης
1037 621 1153 678 αύτῷ
1190 623 1264 677 τῆς
1310 620 1444 677 τύχης
1481 621 1646 677 μεγάλα

186 684 328 742 ἐφύσα
354 684 430 726 καί
455 683 559 740 ἔθνη
586 686 763 739 μέγιστα
792 688 1002 739 καθεῖλεν,
1031 685 1088 735 ὦς
1114 688 1432 743 δουλαγωγῆσαι
1466 691 1542 730 καί
1565 691 1646 742 βα-

184 756 330 804 σιλεῖς,
385 750 460 793 καί
485 753 557 794 ἐπί
580 752 779 793 τοσοῦτον
811 753 996 808 α’ρθῆναι
1023 753 1283 806 α’λαζονείας,
1315 754 1373 803 ὥς
1401 754 1477 796 καί
1503 749 1646 809 ὄχημα

180 814 520 873 χρυσοκόλλητον
561 815 889 872 συμπήξασθαι,
938 819 1012 860 καί
1053 819 1150 861 ἀνθ’
1188 813 1248 861 ὧν
1290 821 1442 869 ἵππους
1480 821 1576 863 δέον
1618 816 1647 875 ἢ

133 884 311 940 ιοὲτερα
352 880 606 939 ἓλκυστήρια
645 885 746 936 ζῶα,
789 883 890 933 τούς
931 885 1213 940 δοριαλώτους
1241 885 1427 935 ἐκείνους
1455 890 1645 941 βασιλεῖς

185 949 418 1005 ὑπαγαγεῖν
444 950 500 1008 τῷ
529 951 650 1007 ζυγῷ,
682 947 791 991 οὕτω
834 944 880 991 τε
902 951 1208 1007 ὃιφρευόμενον
1237 949 1309 994 διὰ
1352 954 1436 995 τῶν
1479 950 1644 1009 λεωφό-

183 1031 274 1071 ρων
316 1017 600 1072 ἐπιφέρεσθαι
643 1021 732 1065 τοῖς
758 1015 971 1071 ὑπηκόοις.
1028 1018 1151 1059 τοῦτο
1181 1016 1275 1060 ἐπεὶ
1313 1015 1519 1074 ὁσημέραι
1548 1020 1682 1060 ἐπε-Β
1734 1060 1737 1062 .

183 1083 294 1124 τέλει
312 1115 324 1135 ,
355 1084 439 1124 τῶν
476 1098 539 1132 τις
579 1085 789 1136 βασιλέων
817 1081 864 1124 τὸ
898 1076 1041 1137 ὄχημα
1072 1079 1275 1126 ἑλκόντων
1303 1084 1408 1126 κατὰ
1440 1083 1487 1127 τὸ
1516 1080 1645 1141 ἄκρον

182 1147 441 1203 ἐζευγμένος,
471 1149 760 1203 συνεχέστατα
787 1165 876 1198 πως
903 1149 978 1190 καὶ
1003 1147 1244 1204 λεληθότως
1285 1152 1346 1199 εἰς
1375 1147 1563 1193 τούπίσω
1593 1149 1640 1193 τὸ

133 1217 351 1271 ι5βλέμμα
379 1216 655 1271 ἐπιστρέφων,
680 1216 832 1256 ἐθεᾶτο
861 1213 929 1257 τὸν
957 1213 1114 1271 τροχόν
1141 1214 1471 1269 κυλινδούμενόν
1497 1233 1542 1259 τε
1569 1220 1646 1260 καί

178 1283 235 1338 τῇ
271 1284 344 1335 τῆς
382 1278 583 1336 κινήσεως
621 1280 816 1338 συνεχείᾳ
855 1281 900 1322 ἐν
947 1277 1087 1338 ἑαυτῷ
1115 1279 1486 1337 περιελιττόμενον.
1545 1285 1644 1324 ἐπο-

178 1349 385 1402 χούμενος
413 1345 468 1402 δὴ
498 1342 573 1390 οὖν
603 1346 625 1388 ὃ
656 1349 916 1402 Σέσωστρις,
948 1348 1180 1403 (ἐπέσκηψε
1218 1346 1346 1405 γάρ,>
1386 1349 1462 1400 ,,τι’
1492 1349 1640 1403 δῆτα,”

177 1412 284 1470 ἔφη,
312 1415 465 1466 ,,τοῦτο
493 1418 645 1467 ποιεῖς,
677 1408 711 1454 αἶ
740 1408 862 1463 οὗτος
875 1415 918 1465 ,·”
956 1412 979 1454 ὅ
1011 1414 1058 1456 δὲ
1087 1409 1327 1466 ἀμοιβαδὸν
1351 1412 1448 1470 ἔφη·
1478 1410 1544 1468 „ui
1572 1417 1642 1457 δέ·-

176 1495 332 1532 σποτα,
363 1477 474 1536 ὁρῶν
502 1477 574 1522 τόν
612 1478 767 1536 τροχὸν
785 1511 796 1531 ,
838 1479 897 1528 αἷς
941 1477 1066 1531 θαμὰ
1095 1479 1439 1533 περιδινούμενος
1467 1481 1543 1521 οὐκ
1571 1479 1644 1523 ἐπὶ

123 1542 407 1602 2οτἥςαῦτῆς
433 1545 595 1599 βάσεως
622 1548 739 1599 μένει
768 1542 866 1597 ὅδε,
896 1543 1006 1587 α’λλιὶ
1035 1543 1116 1601 γὰρ
1147 1540 1236 1587 ἄνω
1269 1547 1382 1588 κάτω
1407 1547 1641 1602 φερόμενος

177 1611 256 1667 τὴν
283 1611 621 1669 ἅρματοτροχίαν
640 1609 906 1667 ἐργάζεται.”
961 1614 1087 1653 τοῦτο
1120 1607 1312 1668 οἷκῃκοώς
1342 1609 1363 1652 ὅ
1386 1611 1638 1666 Αἰγύπτιος,

177 1678 251 1719 καί
274 1680 354 1731 μὲν
385 1672 461 1720 οὖν
490 1676 824 1734 τεκμηράμενος,
866 1676 924 1726 ὥς
951 1676 1246 1719 ὖπαινίττεται
1293 1675 1339 1719 τὸ
1372 1675 1643 1733 ἀστάθμητόν

177 1758 225 1784 τε
252 1746 324 1786 καί
350 1745 610 1798 παλίμβολον
638 1746 714 1799 τῆς
742 1743 875 1799 τύχης
900 1743 976 1785 καί
1005 1741 1063 1791 ὥς
1091 1743 1234 1800 τροχῷ
1260 1746 1495 1802 κυλιομένῳ
1526 1743 1677 1785 {brasc

279 1845 330 1868 ια.
353 1832 634 1879 ἐπιφαίνεσθαι
657 1832 751 1864 coni.
777 1831 815 1864 B.
939 1831 991 1876 14.
1017 1830 1246 1877 πεπηγότως
1270 1831 1364 1866 coni.
1389 1832 1426 1864 B.

178 1923 259 1947 cum
285 1911 377 1946 haec
397 1916 434 1945 et
458 1909 672 1944 huiusmodi
696 1908 822 1943 Zichus
861 1909 907 1944 de
941 1909 1104 1944 chosroe
1133 1910 1392 1954 praedicaret,
1426 1914 1463 1943 ct
1494 1911 1638 1956 magni-

177 1961 245 1994 fice
273 1960 507 2004 loqueretur,
532 1958 656 1990 Petrus
681 1957 832 2002 paulum
858 1968 878 1989 a
904 1956 1093 2000 proposito
1120 1955 1352 2001 digrediens,
1385 1956 1481 1990 hanc
1517 1957 1637 1992 histo-

178 2009 268 2042 riam
295 2007 471 2040 recitavit.
521 2006 625 2044 Erat,
650 2004 795 2050 inquit,
833 2002 923 2035 olim
947 2003 1075 2046 priscis
1115 2003 1344 2047 temporibus
1383 2003 1533 2049 quidam
1565 2005 1638 2039 Ae..

178 2055 384 2100 gyptiorum
411 2063 495 2094 rex,
519 2053 670 2085 nomine
695 2049 877 2083 Sesostris.
926 2049 982 2090 Is,
1009 2060 1091 2082 cum
1115 2049 1174 2082 illi
1202 2050 1373 2084 fortunae
1410 2060 1497 2083 aura
1532 2051 1637 2085 affla-

178 2106 257 2142 ret,
279 2111 426 2146 magnos
452 2099 602 2144 spiritus
627 2097 802 2141 sumpsit,
835 2101 872 2129 et
895 2101 1063 2141 potentes
1089 2101 1216 2140 gentes
1241 2096 1408 2136 domuit,
1444 2101 1482 2129 et
1513 2109 1637 2132 earum

179 2159 280 2193 reges
315 2148 474 2192 captivos
501 2145 614 2186 fecit,
640 2154 759 2190 eoque
786 2143 936 2178 devenit
959 2144 1211 2187 arrogantiae,
1242 2148 1284 2176 ut
1309 2153 1455 2176 currum
1480 2144 1637 2178 deaura-

178 2201 258 2229 tum
281 2194 500 2234 fabricaret,
527 2197 565 2226 et
593 2201 771 2238 equorum
797 2194 833 2224 et
857 2190 1011 2223 aliorum
1037 2187 1253 2223 animalium
1271 2194 1442 2224 vecturae
1464 2196 1636 2236 aptorum

177 2242 260 2276 loco
285 2252 385 2287 reges
412 2240 497 2274 illos
524 2241 684 2284 captivos
710 2239 794 2282 iugo
821 2243 973 2282 aptaret.
1028 2235 1074 2269 Et
1112 2237 1165 2270 ita
1195 2241 1318 2270 vectus
1353 2248 1420 2281 per
1452 2239 1545 2276 vias,
1565 2251 1636 2284 pu->

177 2288 292 2323 blicas
318 2298 396 2322 sese
422 2287 580 2321 subditis
606 2285 814 2319 exhibebat.
865 2282 968 2328 Quae
995 2294 1076 2317 cum
1101 2282 1268 2328 quotidie
1292 2283 1512 2326 factitasset‚
1537 2287 1635 2319 acci-

178 2335 247 2378 dit,
271 2342 313 2370 ut
338 2335 498 2381 quodam
524 2334 584 2368 die
611 2345 704 2366 unus
730 2342 774 2364 ex
801 2330 876 2364 illis
893 2329 1050 2374 regibus,
1077 2330 1142 2375 qui
1157 2335 1236 2363 erat
1258 2341 1397 2363 summo
1415 2331 1500 2375 iugo
1523 2339 1635 2378 apta-

178 2388 264 2424 tus,
299 2385 442 2416 intente
477 2386 515 2415 et
552 2380 670 2413 defixe
704 2379 847 2412 vultum
874 2383 1111 2422 retorquens,
1147 2381 1329 2421 spectaret
1351 2383 1468 2411 rotam
1497 2390 1536 2413 se
1562 2381 1636 2413 cir-

179 2430 468 2464 cumvolventem
515 2433 552 2460 et
585 2427 863 2460 continuatione
896 2430 1017 2458 motus
1065 2423 1104 2456 in
1145 2434 1183 2456 se
1230 2424 1346 2470 ipsam
1382 2430 1635 2466 revertentem.

180 2477 273 2510 Cum
298 2475 338 2509 id
362 2474 557 2516 Sesostris,
585 2474 648 2520 qui
673 2472 895 2511 vehebatur,
934 2469 1275 2511 animadvertisset,
1309 2482 1392 2505 eum
1417 2472 1610 2517 increpans
1626 2499 1636 2515 ‚

178 2523 305 2569 „Quid
329 2533 448 2556 rerum
474 2522 548 2567 agis
560 2522 596 2555 ?’'
622 2520 755 2565 inquit.
801 2518 1086 2561 „Contemplor,
1124 2517 1314 2562 respondit
1343 2518 1429 2560 ille,
1463 2518 1634 2561 domine,

178 2562 273 2605 hanc
296 2575 437 2610 rotam,
461 2581 555 2614 quae
581 2578 618 2600 se
647 2566 797 2600 alternis
821 2564 1033 2611 frequenter
1057 2566 1097 2597 in
1121 2562 1246 2597 orbem
1270 2564 1501 2611 circumagit,
1540 2578 1635 2613 quae

179 2628 370 2663 nunquam
398 2616 526 2650 eodem
549 2616 630 2648 loco
654 2619 799 2653 manet,
827 2611 891 2644 scd
919 2611 1035 2645 fertur
1057 2610 1165 2645 modo
1192 2611 1379 2657 superius,
1403 2613 1512 2646 modo
1538 2613 1637 2647 infe-

179 2665 255 2698 rius
275 2690 284 2706 ,
302 2669 340 2698 et
363 2664 415 2696 ita
445 2673 569 2697 currus
595 2661 836 2706 agitationem
863 2658 953 2691 facit
977 2663 1015 2691 et
1038 2659 1243 2704 operatur.'’
1292 2658 1391 2691 Haec
1416 2670 1530 2704 quum
1565 2672 1636 2693 au-

179 2711 295 2746 disset
317 2721 380 2745 rex
404 2710 621 2754 Aegyptius,
647 2713 685 2743 et
713 2708 891 2746 sentiret,
918 2705 1023 2738 illum
1048 2705 1211 2739 iudicare
1235 2704 1405 2741 fortunae
1422 2706 1635 2741 inconstan—

179 2758 271 2794 tiam
297 2762 335 2792 et
360 2754 657 2799 volubilitatem,
694 2764 789 2801 quae
830 2762 972 2799 semper
1009 2752 1188 2795 volvitur,
1225 2762 1347 2798 neque
1386 2752 1516 2788 eodem
1550 2754 1632 2789 loco
