1924 3164
330 153 442 212 256
909 173 1186 216 ExGERP'rA

141 280 313 327 A.C.4·79
326 279 399 318 καί
436 271 600 328 ἄλλοις,
639 272 819 323 ὁπόσους
862 268 914 316 ὃν
950 274 1150 328 βασιλεὺς
1194 275 1461 334 ἀποστείλω·
1487 278 1587 329 τούς
1634 281 1680 323 ἒν
1714 277 1769 338 τῇ

151 329 474 411 ΖθὶῐὲῒέΘρᾴκῃ
516 344 557 385 Γ
555 340 708 388 ότθους
745 338 975 382 ἀναλώσειν
1014 337 1226 394 ἅπαντας,
1274 343 1344 399 ἐφ’
1383 337 1417 399 ᾧ
1456 360 1529 398 τε,
1569 348 1610 388 εἰ
1639 348 1764 388 τοῦτο

281 409 515 463 Βποιήσοι,
545 404 674 449 αύτόν
701 421 745 447 τε
774 405 868 447 οἶντι1
898 406 1156 462 Θευδερι’χου
1183 406 1410 463 στρατηγὸν
1437 412 1653 464 γενέσθαι,
1693 413 1768 453 καί

322 475 593 526 εἰσδεχθῆναι
621 473 678 521 εἷς
708 470 785 525 τήν
813 469 933 513 πόλιν
960 470 1031 514 τὸν
1067 471 1301 526 Ῥωμαϊκὸν
1339 472 1638 518 πολιτεύσονται
1665 475 1763 532 τρύ-

322 555 423 581 πον·
451 540 611 591 ἕτοιμος
639 538 713 590 δὲ,
741 539 780 578 εἰ
805 536 1050 592 προστάξειε
1078 537 1301 592 βασιλεύς,
1331 538 1405 580 καί
1431 541 1491 588 εἰς
1517 541 1794 594 Δαλματίανό

324 604 534 656 daea-9252),
564 600 620 651 ὥς
632 605 816 644 Νέπωτα
844 600 1041 654 κατάξων.
1093 601 1370 657 Ἀδαμάντιος
1401 606 1447 646 δὲ
1477 602 1552 646 οὗκ
1580 604 1662 662 ἔφη
1694 606 1768 650 κύ-

324 684 413 724 ριος
451 665 560 710 εἶναι
607 666 730 711 οῦδὲν
768 665 884 726 αύτῷ
911 670 1144 711 συνθέσθαι
1172 671 1339 723 μένοντι
1367 672 1411 712 ἐν
1439 672 1491 727 τῇ
1518 669 1660 729 χώρᾳ,
1692 669 1769 714 ἆλ-

321 733 376 776 ao}
406 736 493 776 δεῖν
535 737 713 788 βασιλέα
750 736 912 789 πρῶτον
956 733 1237 791 περὶτούτων
1273 736 1536 785 πείθεσθαι.Ι
1584 736 1767 780 ἄνοι’σειν

324 795 402 842 οὖν
432 801 598 858 ἐκείνῳ,
641 800 715 841 καί
752 798 880 849 αἰἶτὸς
922 800 1160 853 ἐπιμενεῖν,
1202 802 1279 849 ἕως
1306 799 1384 855 τήν
1411 803 1490 843 τοῦ
1517 804 1766 858 κρατοῦντος

322 866 584 920 διαπύθηται
620 864 801 921 γνώμην.
855 866 927 907 ἐπὶ
966 863 1133 914 τούτοις
1171 865 1426 922 διελύθησαν
1462 868 1530 909 ἀπ’
1559 863 1822 923 &majumae

321 933 368 974 ἐν
397 927 480 989 ὅσῳ
506 932 553 973 δὲ
582 929 859 984 ’.Αδαμὰντιος
880 930 996 987 ἆμφί
1015 933 1144 973 ταῦτα
1169 927 1232 986 ἦν,
1266 922 1538 994 συνεληλύθει
1556 935 1634 986 μὲν
1665 937 1767 975 πολ-

318 997 373 1040 λοὶ
394 1000 479 1040 τῶν
505 996 726 1052 ταγμάτων
754 998 814 1046 εἷς
842 995 921 1052 τήν
940 995 1166 1052 Λυχνηδὸν
1194 995 1302 1038 κατὰ
1330 995 1407 1052 τήν
1433 999 1509 1040 τοῦ
1534 1001 1768 1055 στρατηγοῦ

218 1078 308 1115 985
321 1063 535 1118 οἷ’γγελιάν,
567 1063 676 1117 λέγει
701 1064 748 1105 δέ
774 1078 835 1112 τις
863 1064 923 1120 τῷ
948 1063 1198 1120 Σαβινιανῷ,
1235 1062 1292 1112 ὥς
1320 1060 1358 1104 οἱ
1391 1061 1603 1119 βάρβαροι
1639 1081 1768 1106 κατα-

322 1128 606 1187 φρονήσαντες
631 1130 902 1184 σχολαίτερον
939 1130 1133 1170 κατιάσιν
1172 1125 1254 1170 ἀπὸ
1291 1129 1363 1184 τῆς
1391 1130 1664 1183 Κανδαβείας
1681 1160 1694 1184 ,
1721 1127 1772 1171 ὀἵ

319 1211 366 1237 τε
402 1193 655 1251 σκευοφόροι
683 1194 826 1236 αὐτῶν
853 1195 928 1236 καί
951 1196 1034 1236 τῶν
1063 1194 1232 1247 ἁμαξῶν
1261 1192 1306 1235 αἱ
1333 1195 1502 1243 πλείους
1530 1196 1603 1236 καί
1629 1195 1666 1236 οἱ
1695 1193 1818 1239 ἒπι“15

321 1262 397 1315 τῆς
425 1261 650 1315 ου’ραγιάς,
680 1261 725 1302 ἐν
755 1256 818 1308 οἷς
845 1258 918 1301 καί
938 1260 1252 1312 Θευδιζιιουνδος
1279 1255 1332 1315 ἧν
1359 1260 1381 1302 ὃ
1410 1260 1484 1301 τοῦ
1506 1260 1765 1314 Θευδερίχου

322 1323 530 1381 ἀδελφὸς,
570 1327 644 1366 καί
681 1322 708 1379 ἧ
750 1323 886 1380 μήτηρ
924 1324 950 1380 ἦ
979 1322 1166 1378 τούτων,
1207 1326 1281 1367 καί
1307 1321 1376 1367 ὅτι
1402 1324 1512 1367 ἔστιν
1539 1326 1655 1375 ἐλπίς
1680 1326 1766 1367 τῶν

321 1388 523 1432 πλειόνων
550 1388 782 1445 κρατήσειν,
839 1389 863 1431 ὅ
893 1390 939 1431 δὲ
966 1389 1074 1443 τό,τε
1110 1388 1279 1432 ἱππικὸν
1301 1394 1401 1444 μεθ’
1428 1388 1585 1432 ἑαυτοῦ
1612 1390 1768 1432 συντάε

323 1457 398 1506 ξας
443 1455 516 1498 καί
551 1454 703 1507 πεζούς
734 1452 809 1497 οὔκ
850 1454 1014 1509 ὀλίγους
1041 1454 1176 1513 κύκλῳ
1206 1455 1277 1497 διὰ
1309 1458 1394 1498 τῶν
1426 1455 1535 1511 δρῶν
1562 1457 1765 1511 περιπέμὴ-

323 1532 414 1575 ψας
453 1522 527 1563 καί
563 1519 776 1576 προειπών
804 1520 932 1562 ὁπότε
963 1522 1033 1562 δεῖ
1053 1523 1127 1563 καί
1153 1521 1285 1563 πόθεν
1313 1522 1560 1578 ἐκφανῆναι,
1595 1519 1821 1576 δειπνή-αῦ

324 1603 404 1636 σας
433 1586 507 1629 καί
534 1583 758 1641 ἀναλαβών
783 1583 831 1629 τὸ
872 1584 1110 1642 στράτευμα
1149 1587 1224 1643 ἀφ’
1253 1584 1434 1643 ἑσπέρας
1471 1584 1640 1643 ἐχώρει.
1692 1588 1768 1630 καὶ

287 1651 419 1707 Βᾶμα
456 1654 508 1710 τῇ
536 1653 671 1710 ἡμέρα
712 1653 858 1701 αὐτοῖς
895 1654 1127 1694 ἐπιτιθεῖ-αι
1165 1648 1244 1708 ἤδη
1273 1654 1584 1710 πορευομένοις.
1640 1655 1715 1694 καί
1740 1651 1766 1694 ὅ

321 1721 402 1773 μὲν
423 1719 732 1772 Θευδιζιιουνδος
761 1717 836 1759 καί
861 1715 889 1772 ἦ
915 1719 1050 1774 μήτηρ
1082 1714 1217 1760 αύτοῦ
1228 1752 1242 1772 ,
1273 1716 1330 1768 ὥς
1356 1715 1466 1761 εἶδον
1491 1717 1567 1774 τήν
1598 1716 1765 1775 ἔφοδον,

409 1815 444 1850 8.
466 1814 664 1847 πυθέσθαι
687 1812 781 1847 coni.
801 1812 878 1846 Val.
948 1812 999 1857 14.
1024 1811 1258 1858 Κανδαβείας
1279 1811 1381 1855 val„
1402 1811 1646 1859 Κανδαμείας
1669 1812 1764 1859 vulg.

323 1897 494 1927 naturum
531 1891 710 1937 polliceri.
759 1891 862 1937 Quae
887 1892 918 1925 si
948 1897 1146 1926 exsecutus
1171 1892 1302 1933 suerit,
1338 1898 1484 1938 petere,
1519 1896 1561 1926 ut
1584 1891 1658 1925 dux
1679 1891 1762 1926 loco

325 1938 572 1974 Theuderichi
598 1943 757 1979 creetur,
795 1944 831 1972 et
866 1938 1009 1973 civitate
1035 1939 1191 1973 donetur
1215 1943 1253 1972 et
1276 1939 1516 1973 Romanorum
1549 1949 1649 1972 more
1683 1944 1762 1972 reni

322 1986 509 2031 publicam
535 1984 606 2018 sibi
634 1985 884 2019 administrare
914 1985 1035 2019 liceat.
1082 1987 1156 2018 Imo
1182 1986 1212 2017 si
1237 1987 1436 2030 Imperator
1459 1985 1622 2025 iusserit,
1656 1993 1763 2028 para-

322 2038 401 2065 tum
427 2043 503 2066 esse
530 2037 566 2066 et
590 2033 628 2065 in
651 2032 868 2065 Dalmatiam
893 2031 967 2072 ire,
990 2036 1031 2065 ut
1054 2032 1139 2064 inde
1160 2032 1339 2077 Nepotem
1361 2033 1529 2078 expellat.
1575 2030 1762 2064 Adaman-

322 2080 396 2112 tius
417 2078 617 2123 respondit,
643 2089 719 2112 non
745 2078 817 2111 sibi
843 2078 1051 2112 mandatum
1072 2080 1267 2124 quicquam
1293 2089 1372 2112 cum
1390 2079 1456 2112 illo
1470 2077 1616 2122 pacisci,
1634 2088 1762 2122 quam*

325 2125 389 2158 (liu
414 2126 454 2158 in
479 2135 522 2158 ea
553 2125 698 2168 regione
723 2130 903 2167 maneret3
939 2125 1153 2170 Imperatori
1185 2125 1274 2158 haec
1308 2126 1430 2159 omnia
1457 2135 1533 2158 esse
1558 2122 1760 2168 probanda.

323 2171 446 2216 Quare
474 2182 511 2212 se
538 2171 595 2203 illi
618 2170 707 2204 haec
730 2171 928 2204 relaturum
954 2176 991 2204 et
1013 2176 1302 2216 exspectaturum
1326 2181 1421 2212 esse,
1446 2170 1531 2205 dum
1565 2170 1642 2203 eius
1675 2181 1763 2204 sen*

322 2219 475 2251 tentiam
488 2218 714 2262 compererit.
738 2217 822 2250 Post
844 2216 934 2251 haec
955 2217 1205 2251 discesserunt
1240 2219 1380 2252 Interea
1394 2218 1479 2252 dum
1502 2216 1591 2250 haec
1613 2216 1762 2262 gerebat

322 2263 581 2305 Adamantius,
596 2263 798 2308 complures
820 2264 953 2298 milites
969 2263 1194 2308 Lychnidum
1211 2264 1257 2297 ad
1279 2264 1433 2297 edictum
1455 2262 1555 2296 ducis
1581 2273 1761 2296 convene-

325 2315 423 2350 rant,
451 2315 486 2341 et
514 2310 559 2343 ad
586 2309 740 2343 officium
763 2309 957 2344 redierant.
1007 2311 1089 2356 Quo
1119 2317 1279 2355 tempore
1303 2311 1424 2344 nescio
1450 2311 1531 2355 quis
1558 2309 1759 2343 Sabini-ano

325 2356 530 2396 nuntiavit,
563 2356 734 2390 barbaros
767 2367 909 2390 securos
946 2357 1064 2391 soluto
1096 2359 1237 2402 agmine
1265 2367 1285 2389 a
1311 2356 1492 2390 Candavia
1517 2355 1760 2397 descendere,

324 2413 406 2435 cum
441 2401 496 2433 his
522 2402 782 2447 impedimenta
806 2408 843 2436 et
870 2404 1063 2449 plerosque
1095 2415 1238 2444 curruS,
1271 2409 1308 2436 et
1344 2409 1541 2437 extremum
1577 2402 1759 2436 exereitus

324 2458 465 2492 agmen,
496 2447 535 2480 in
561 2459 632 2493 quo
659 2448 983 2491 Theudemundus,
1019 2449 1264 2483 Theuderichi
1286 2450 1407 2490 frater,
1434 2455 1470 2482 et
1494 2454 1608 2482 mater
1632 2457 1759 2482 eorum

327 2499 542 2529 versaretur.
592 2495 698 2538 Spem
735 2506 811 2529 esse
844 2494 973 2529 horum
1003 2497 1158 2529 maxima
1188 2500 1289 2540 parte
1310 2495 1492 2540 potiundi.
1541 2494 1758 2529 Sabinianus

323 2540 488 2586 equites,
516 2551 604 2585 quos
630 2539 801 2582 habebat,
827 2548 922 2576 certo
955 2543 1035 2576 loco
1067 2542 1265 2586 disposuit,
1300 2547 1337 2575 et
1359 2541 1501 2587 pedites
1525 2552 1600 2576 non
1622 2541 1758 2586 paucos

322 2597 388 2632 per
415 2590 585 2625 montem,
613 2598 719 2631 quem
757 2588 1013 2622 circumeundo
1047 2593 1276 2634 superarent,
1301 2589 1469 2628 immisit,
1494 2593 1586 2628 tum,
1611 2586 1758 2634 quando

324 2639 363 2667 et
388 2631 452 2665 ubi
476 2643 648 2676 apparere
675 2639 878 2677 oporteret,
917 2635 1155 2679 praemonuit.
1205 2635 1252 2667 Ut
1277 2639 1510 2675 coenaverat,
1546 2643 1627 2667 cum
1653 2644 1759 2666 exer-

324 2680 399 2713 citu
424 2689 487 2711 suo
512 2678 578 2711 sub
600 2689 786 2722 vesperam
813 2686 945 2721 movet,
971 2687 1009 2714 et
1030 2682 1146 2725 prima
1171 2680 1251 2713 luce
1277 2680 1436 2714 hostium
1457 2691 1584 2726 agmen
1606 2679 1757 2714 invadit.-

325 2723 636 2760 Theudemundus
661 2730 783 2761 autem
817 2732 853 2760 et
878 2728 954 2761 eius
978 2733 1115 2768 mater,
1155 2731 1196 2760 ut
1220 2727 1260 2762 in
1283 2738 1321 2761 se
1346 2729 1522 2774 impetum
1549 2727 1629 2762 fieri
1653 2725 1758 2765 vide-
