1924 3164
597 187 669 228 DE
709 186 887 227 nmis
920 182 1217 227 scmlcffi.
1571 162 1642 219 25

193 291 271 334 oeae
311 289 583 344 ανεπίκλητον
626 286 763 344 ἐφάνη
801 287 872 330 διά
913 303 959 330 τε
999 285 1048 329 τό
1086 286 1311 335 δυσπειθὲς
1351 283 1398 327 τό
1435 283 1538 340 περὶ
1571 282 1697 342 τόνΑ.
1712 286 1750 321 C·
1765 287 1832 333 ²⁶7

193 355 514 411 προστάξαντα,
553 355 628 398 καί
669 350 738 397 ὅτι
764 354 845 396 σύν
869 354 927 412 τῷ
954 353 1179 411 ἀμφιβόλῳ
1205 353 1286 395 τοῦ
1322 334 1785 405 κινδυνεύματοςρω”1“
1801 334 1841 370 ¹⁵

195 419 466 478 ἐπεχειρήθη.

306 489 362 531 Εἰ
386 489 434 530 δέ
458 503 522 537 τις
547 488 810 543 προαστείων
854 503 898 529 τε
925 485 1000 528 καί
1025 483 1355 541 ἐνδιαιτημάτων
1376 486 1572 540 τέρψεως
1599 483 1772 532 alx-327

165 548 524 610 5ποστερούμενος
555 547 739 607 ἄχθεται
754 585 768 606 ,
818 550 894 594 καὶ
929 548 1010 594 ὅσα
1048 549 1230 594 πλούτου
1258 551 1649 605 έγκαλλωπισματα,

192 619 337 675 γνώτω
364 618 411 662 τὸ
440 620 519 672 μὲν
547 616 737 673 ἀλγεινὸν
763 619 824 667 εἷς
866 613 1005 672 ὄλίγον
1048 633 1094 660 τε
1121 619 1196 659 καί
1220 617 1266 658 ἐν
1304 615 1428 675 ὄλίγῳ
1461 613 1540 671 τῆν
1568 614 1650 657 ἀἴ-

192 687 352 740 σθησιν
380 680 518 737 οἶσον,
561 680 631 727 οἷα
658 682 709 739 δὴ
739 684 786 726 έν
813 683 1055 737 οἰκοδομαῖς
1080 683 1292 736 κείμενον,
1332 683 1408 724 καί
1446 680 1567 737 ἡμῶν
1595 677 1647 723 οὔ

194 749 267 793 διά
295 752 462 806 μακροῦ
488 751 835 806 ἐπιστησομένων,
877 748 936 799 ῶς
963 750 1156 792 κωλῦσαί
1176 764 1223 791 τε
1248 747 1324 791 τὸν
1351 750 1535 804 παντελῆ
1559 745 1650 790 τού-

191 833 276 860 των
305 815 550 873 ἀφανισμὸν
576 815 652 858 καί
676 816 904 870 ἀναλαβεῖν
932 814 1045 858 αὐτοὶ
1095 815 1323 869 δαψίλειαν
1359 816 1434 870 τῆς
1473 815 1521 861 ἐκ
1553 813 1651 857 τού-

140 890 267 926 Ιθτου
306 885 508 938 χορηγίοις
546 883 624 923 οιῖκ
659 882 903 936 ἀδυνάτων,
944 879 992 924 τὸ
1027 883 1075 924 δὲ
1104 884 1181 937 τῆς
1207 882 1415 937 σφετέρας
1438 881 1652 935 σωτηρίας

190 949 459 991 ἐπικίνδυνον
512 947 591 989 οὐκ
625 946 872 1002 ἷασόμενος.
928 944 1029 990 ὅθεν
1065 949 1119 1004 τῇ
1156 948 1400 1002 παραυτίκα
1441 942 1652 1000 ἀχθηδόνι

188 1012 238 1058 τό
267 1015 328 1063 εἷς
371 1009 487 1056 ἅπαν
506 1014 698 1071 ἀσφαλὲς
727 1010 957 1064 άντιτιθείς
985 1009 1092 1056 οὕτω
1115 1013 1346 1068 λογιζέσθω
1364 1044 1378 1066 ,
1407 1011 1519 1053 διότι
1539 1012 1650 1067 μηδὲ

190 1080 236 1129 ἐς
259 1076 430 1133 πάντας,
458 1080 548 1122 ἀλλ’
574 1076 667 1122 ὅσοι
688 1078 862 1122 δυνατοί
886 1079 934 1123 τὸ
963 1077 1156 1135 λυπηρὸν
1185 1077 1263 1134 τὴν
1290 1075 1515 1135 ἀναφοράν,
1542 1075 1647 1131 ἔχει,

188 1146 294 1201 παρ’
320 1140 382 1194 οἷς
408 1145 574 1204 πλούτῳ
600 1146 798 1200 ἰσχύουσι
824 1144 900 1188 καὶ
923 1140 1026 1188 ἄνευ
1054 1146 1130 1188 τοῦ
1156 1143 1362 1199 ἡμετέρου
1391 1148 1542 1197 ταχεῖα
1563 1144 1648 1184 τῶν

141 1207 516 1267 Ιόἀφαιρεθέντων
543 1210 571 1266 ἧ
601 1208 844 1266 διόρθωσις.
873 1212 1079 1253 παυστέον
1101 1208 1153 1264 δὴ
1185 1205 1263 1250 οὖν
1288 1207 1393 1262 ὑμῖν
1418 1209 1546 1263 τῆσδε
1571 1210 1648 1263 τῆς

189 1275 338 1332 όρμῆς,
365 1278 408 1319 εἶ
440 1274 544 1332 μήτε
583 1272 750 1326 ἑαυτοῖς
781 1274 1018 1332 ἐπιβούλως
1046 1277 1118 1318 καί
1149 1276 1194 1325 ἐς
1219 1273 1291 1317 τὸν
1318 1269 1505 1330 ἄρχοντα
1535 1274 1647 1316 ἐναν-

187 1345 289 1393 τίως
326 1340 558 1399 πράσσετε,
586 1344 662 1385 καί
685 1341 788 1386 εἴσω
813 1345 964 1398 τειχῶν
989 1343 1197 1397 μενετέον.
1252 1340 1366 1397 ἡμᾶς
1395 1341 1443 1383 δὲ
1471 1334 1570 1382 οὔτε
1595 1343 1649 1398 τῇ

186 1409 435 1465 παρασκευῇ
472 1403 569 1451 οὔτε
605 1413 701 1459 ταῖς
736 1408 924 1464 γνώμαις
961 1409 1035 1465 τῆς
1060 1409 1143 1451 τῶν
1180 1408 1330 1449 κοινῶν
1356 1406 1567 1462 σωτηρίας
1596 1406 1648 1446 α’-

187 1471 447 1531 φεστηκότας
474 1472 624 1529 ὄλίγων
657 1473 827 1531 ἡμερῶν
869 1474 1221 1531 ἐπιστησομένους
1261 1467 1353 1525 ἅμα
1380 1473 1435 1528 τῇ
1466 1470 1646 1524 δυνάμει

132 1541 398 1593 ποέλπίζετε,
426 1539 502 1582 καί
525 1539 624 1583 εἴσω
650 1542 804 1596 τειχῶν
829 1539 884 1583 τοὶ
913 1543 957 1590 ἒς
983 1541 1059 1596 τὴν
1083 1542 1164 1582 τοῦ
1189 1537 1348 1591 ἔξωθεν
1375 1533 1534 1592 ἀγῶνος
1567 1553 1646 1579 κα-

186 1608 397 1663 τόρθωσιν
423 1605 526 1661 ἡμῖν
548 1605 735 1663 μελήσει.
803 1608 1185 1665 προαποδείκνυται
1226 1607 1274 1648 δὲ
1312 1600 1363 1646 οὗ
1387 1602 1539 1660 πόρῥω
1565 1605 1646 1645 τοῦ

186 1671 375 1727 ἀληθοῦς
401 1668 510 1715 εἶναι
535 1670 583 1714 τὸ
630 1672 870 1728 ἐπάγγελμα
914 1674 960 1716 ἐκ
1002 1673 1086 1715 τῶν
1122 1669 1228 1728 πρὸς
1276 1667 1505 1715 Νικοπόλει
1532 1685 1645 1725 πρα-·

186 1739 392 1792 χθέντων,
429 1735 475 1779 εἴ
493 1753 541 1794 γε
568 1736 627 1794 μή
656 1742 1039 1795 μεγαληγορεῖσθαι
1068 1735 1233 1793 δεήσει.
1285 1734 1372 1793 χρὴ
1400 1737 1447 1778 δὲ
1473 1736 1520 1777 ἐν
1555 1739 1644 1784 τοῖς

286 1843 315 1866 ι.
341 1829 469 1911 διάΒτε
486 1831 524 1864 Β.
533 1855 545 1873 ,
568 1829 632 1864 διὰ
659 1830 701 1866 δὲ
725 1831 780 1866 ed.
902 1835 934 1868 8.
961 1831 1026 1880 ὥς]
1051 1833 1128 1870 τῶν
1151 1831 1245 1867 coni.
1270 1832 1309 1864 B.
1405 1833 1462 1866 23.
1486 1828 1544 1877 γε]
1576 1830 1643 1862 καὶ

283 1889 379 1912 conl·
431 1902 443 1913 ο

188 1960 263 1994 tuti
287 1960 420 2003 simus3
443 1963 532 1993 tune
556 1961 620 2006 qui
645 1959 788 2006 aliquid
813 1963 958 2006 praeter
981 1959 1084 1994 ducis
1103 1959 1284 1993 dictamen
1302 1958 1411 1999 facit,
1436 1956 1575 1990 etiamsi
1599 1956 1641 1989 id

188 2006 286 2041 forte
310 2006 406 2039 bene
430 2008 613 2048 evenerit,
639 2007 833 2052 culpabilis
855 2012 930 2048 est,
953 2011 1033 2039 tum
1055 2012 1206 2052 propter
1225 2003 1538 2045 inobedientiam,
1560 2008 1640 2037 tum

191 2055 279 2101 quia
302 2065 340 2087 se
365 2053 403 2087 in
429 2053 641 2099 ambiguum
665 2054 860 2088 discrimen
883 2054 1051 2088 coniecit.

285 2099 428 2146 Quodsi
451 2101 534 2145 quis
565 2101 787 2135 suburbanis
819 2101 893 2135 suis
917 2100 1181 2145 hortorumque
1207 2097 1491 2133 amoenitatibus
1526 2101 1639 2143 atque

188 2146 370 2181 eiusmodi
398 2146 608 2181 divitiarum
634 2149 854 2182 ornamentis
878 2147 1056 2192 spoliatus
1079 2152 1230 2188 moeret,
1255 2146 1286 2180 is
1309 2145 1420 2179 velim
1443 2143 1544 2185 sciat,
1558 2155 1639 2176 mo-

190 2193 335 2227 lestiam
360 2193 510 2239 quidem
533 2194 681 2228 brevem
708 2195 905 2241 exiguique
929 2205 1054 2227 sensus
1079 2194 1179 2227 fore:
1211 2197 1289 2226 tum
1322 2192 1409 2237 quia
1441 2192 1482 2225 in
1506 2190 1638 2225 aedifi-

187 2241 256 2275 ciis
282 2241 455 2283 vertitur‚
487 2246 566 2274 tum
605 2242 693 2287 quia
716 2242 820 2275 brevi
844 2253 910 2275 nos
935 2240 1114 2274 aderimus
1140 2239 1187 2272 ad
1210 2238 1477 2285 prohibendam
1504 2237 1637 2271 horum

187 2287 433 2322 omnimodam
454 2289 680 2330 vastitatem,
708 2289 922 2335 fructusque
942 2298 1065 2321 eorum
1091 2285 1282 2320 affluentes
1306 2285 1506 2331 aliquando
1532 2295 1638 2318 recu-

186 2344 316 2380 perare
339 2345 551 2380 possumus,
583 2346 706 2382 neque
730 2340 870 2369 vestrae
904 2334 1031 2368 salutis
1063 2333 1257 2368 discrimen
1291 2343 1434 2378 semper
1461 2331 1636 2365 manebit.

188 2381 314 2426 Quare
338 2381 592 2427 unusquisque
617 2393 698 2416 cum
722 2383 903 2428 praesenti
926 2381 1093 2416 molestia
1111 2380 1280 2425 perbrevi
1300 2384 1513 2425 perpetuam
1529 2389 1638 2412 secu-

189 2429 335 2461 ritatem
361 2428 607 2470 contendens,
631 2439 752 2463 secum
778 2434 940 2474 reputet,
963 2427 1231 2462 incommodum
1256 2427 1328 2460 hoc
1350 2437 1425 2459 non
1447 2425 1494 2458 ad
1511 2437 1635 2460 omnes

186 2475 385 2520 pertinere,
406 2474 470 2508 sed
495 2475 541 2509 ad
573 2486 647 2516 eos,
672 2478 736 2521 qui
762 2475 899 2508 divitiis
925 2475 1099 2516 affluunt,
1124 2479 1161 2508 et
1185 2475 1249 2520 qui
1271 2474 1351 2507 sine
1373 2478 1498 2507 nostra
1523 2472 1634 2506 etiam

191 2532 262 2565 ope
288 2520 503 2556 detrimenta
528 2533 592 2556 sua
616 2523 725 2557 facile
748 2522 1012 2556 instaurabunt.
1059 2523 1151 2567 Ergo
1175 2532 1196 2554 a
1218 2519 1411 2566 praecipiti
1442 2519 1512 2553 hoc
1542 2530 1636 2552 cou—

190 2567 276 2601 silio
302 2566 489 2610 desistite3
526 2569 599 2604 nisi
631 2570 726 2604 forte
758 2571 797 2603 in
828 2574 968 2603 vosmet
990 2569 1061 2614 ipsi
1084 2568 1302 2608 coniuratis,
1335 2572 1374 2601 et
1397 2567 1471 2600 nisi
1495 2578 1516 2599 a
1541 2565 1634 2598 duce

191 2617 317 2659 aperte
350 2612 524 2656 deficitis3
557 2621 669 2662 atque
701 2618 797 2651 intra
830 2617 974 2650 moenia
1003 2615 1203 2651 consistite.
1250 2613 1325 2648 Nos
1361 2619 1479 2647 autem
1513 2621 1632 2657 neque

189 2662 300 2694 armis
324 2671 444 2706 neque
468 2662 657 2696 voluntate
681 2663 866 2709 publicam
890 2663 1046 2698 salutem
1072 2662 1276 2696 deserturos
1291 2686 1301 2702 ,
1323 2669 1530 2705 paucosque
1551 2664 1634 2703 post

190 2706 269 2741 dies
294 2705 482 2742 adfuturos
506 2719 588 2742 cum
609 2712 770 2744 exercitu
789 2715 993 2754 speratote3
1015 2708 1194 2756 vobisque
1209 2710 1304 2742 intra
1320 2706 1464 2741 moenia
1478 2716 1632 2739 manen-

188 2753 310 2796 tibus,
342 2764 448 2790 curae
474 2754 580 2791 nobie
617 2756 694 2792 iore
721 2768 878 2805 pugnam
907 2757 1052 2793 fortiter
1074 2757 1114 2791 in
1143 2762 1271 2801 aperto
1298 2765 1425 2800 campo
1450 2752 1631 2788 cernendi.
