1924 3164
596 161 631 200 E
671 160 959 206 MENANnm
998 160 1274 208 ms’romA.
1538 143 1655 221 433

311 293 383 319 κε.
430 272 524 320 Ὅτι
552 275 577 318 ὅ
598 276 980 335 απῖτὸςἸσαοζιῑτης,
1001 279 1324 335 παραινούντων
1343 279 1476 323 αὕτὸν
1503 281 1660 323 {orav-

201 344 391 398 ρωμένον
419 337 521 386 ὄντα
532 344 576 393 ἐς
594 341 647 386 τὰ
670 343 831 401 πάτρια
859 348 1113 397 μεταθεῖναι
1139 343 1301 400 νόμιμα
1330 348 1405 389 καί
1429 345 1658 401 σώζεσθαι,

202 474 292 517 ἄλλ’
334 472 399 517 ὅτι
439 473 543 530 ἔγνω
585 472 679 529 ὀψέ.
734 477 866 518 ταῦτα
912 475 1027 530 ἔλεγε
1055 476 1301 532 γλιχόμενος
1328 476 1436 521 κατὰ
1465 477 1513 521 τὰ
1547 480 1661 521 ‹ina-

172 540 398 597 5ραίτητόν
425 557 471 582 τε
503 539 577 582 καί
610 539 812 596 καρτερὸν
842 543 925 584 τῶν
955 538 1166 598 οὖρανίων
1194 546 1241 586 ἐκ
1267 576 1278 589 .
1309 575 1323 586 ·
1352 543 1425 586 διὰ
1463 547 1659 587 παλαιῶν

200 606 418 664 στεφάνων
456 605 509 649 τὰ
551 603 738 663 ἇκήραια
778 608 1028 650 ἀνακεῖσθαι
1054 609 1283 665 ,νικητήρια
1293 645 1306 664 ,
1355 612 1430 653 καί
1463 608 1582 667 ἦξιόυ
1609 609 1656 654 τὰ

199 671 342 729 βραχύ
386 671 484 729 καὶά-
496 671 695 729 ἆνόνητον
735 675 811 716 τοῦ
846 675 945 729 βίον
995 675 1132 718 δοκεῖν
1168 677 1373 719 τίθεσθαι
1412 678 1486 719 ε’πί
1523 674 1578 733 <iq
1607 707 1620 720 .
1649 707 1663 719 .

200 741 274 781 δια
304 769 316 781 .
344 770 358 781 .
385 755 428 789 ες
457 739 540 787 ἀεί,

360 807 369 822 1

311 827 383 859 κς.
431 807 525 852 Ὅτι
551 809 578 864 ἦ
607 811 667 859 εἷς
686 808 738 851 τὰ
765 812 944 865 μέγιστα
971 814 1056 854 τῶν
1076 813 1394 868 ἐγχειρημάτων
1425 811 1535 869 ὄρμὴ
1560 812 1660 855 πλέ-

148 891 247 922 ιοον
284 877 446 933 πέφυκε
484 875 531 918 τὸ
568 876 842 931 ἄναχαιτίζον
879 879 956 919 τοῦ
992 880 1294 934 παρορμῶντος
1335 878 1475 933 ἔχειν,
1522 875 1659 929 ἄλλως

196 958 244 984 τε
284 944 358 985 καί
391 938 444 998 ἦν
487 938 618 992 αὖθις
655 938 762 986 ω’σιν
822 943 861 986 οἱ
900 945 944 994 ἐς
973 947 1190 1002 προῦπτον
1216 946 1410 988 κίνδυνον
1438 947 1657 996 ἐθέλοντες

198 1008 385 1064 ιῖφιέναι.

309 1074 381 1127 κζ’.
426 1072 520 1117 *Ὅτι
546 1073 648 1131 περὶ
685 1075 930 1131 Προκοπιόυ
967 1078 1045 1118 τοῦ
1086 1077 1302 1134 ἱστορικοῦ
1330 1076 1404 1120 καί
1431 1079 1655 1134 ὃικηγόρου

198 1142 328 1197 φησὶν
359 1140 382 1183 ὅ
411 1145 680 1201 Μένανδρος·
706 1142 788 1196 „025
824 1141 905 1197 γὰρ
945 1144 1048 1196 ἐμοί
1068 1160 1114 1199 γε
1146 1142 1346 1197 δυνατὸν,
1378 1143 1480 1186 οὖὸέ
1506 1159 1555 1198 γε
1583 1139 1658 1186 ἆλ-

148 1211 281 1257 ιόλως
307 1209 470 1264 πέφυκε
497 1210 700 1264 θυμῆρες,
729 1208 909 1267 τοσαύτῃ
928 1209 1061 1264 λόγων
1083 1211 1218 1252 (ἰκτῖνι
1244 1209 1322 1265 τὴν
1336 1211 1527 1262 ἐμαυτοῦ
1547 1212 1658 1264 θρυ-

200 1276 354 1315 αλλίδα
395 1275 691 1329 ἄντανασχεῖν.
759 1275 929 1331 ἀρκέσει
974 1277 1021 1318 δέ
1046 1291 1122 1328 μοι
1149 1278 1194 1318 ἐν
1220 1283 1388 1331 μικροῖς
1425 1274 1657 1332 [πάγκαλον

196 1341 382 1396 δεῖσθαι]
423 1346 510 1390 τοῖς
546 1340 756 1395 ἐμαυτοῦ,
795 1339 870 1383 καί
903 1343 962 1404 τῷ
1002 1340 1217 1400 Ἀσκραίῳ
1247 1343 1470 1400 [ἕπεσθαι]
1503 1342 1658 1403 ποιητῇ

193 1403 360 1461 ἠλίθιόν
408 1422 502 1448 τινα
542 1409 616 1449 καί
660 1406 916 1464 παράφρονα
956 1404 1066 1450 εἶναι
1107 1405 1315 1464 φάσκοντι
1357 1407 1432 1452 τὸν
1470 1406 1514 1456 ἐς
1553 1405 1654 1455 τούς

193 1475 432 1528 κρείττονας
461 1472 786 1528 ἁμιλλώμενον.”
1146 1464 1158 1486 ³

358 1536 367 1551 1

142 1556 197 1583 20
308 1555 384 1595 κη.
428 1535 522 1582 Ὅτι
562 1538 667 1602 μετὰ
707 1539 782 1595 τὴν
820 1542 906 1583 τῶν
944 1538 1140 1598 Ἀβάρων
1167 1557 1196 1596 η
1223 1571 1236 1584 .
1266 1570 1281 1584 .
1309 1573 1321 1584 .
1349 1571 1363 1584 .
1390 1540 1557 1596 λέγεται
1584 1538 1659 1582 καὶ

195 1603 274 1660 τήν
300 1634 314 1647 .
340 1633 354 1647 .
381 1634 394 1648 .
424 1637 435 1648 .
465 1604 489 1647 ὅ
515 1608 597 1648 τῶν
621 1605 819 1662 Ἀβάρων
847 1637 861 1649 .
892 1640 903 1651 ,

193 1701 208 1715 ι
237 1701 249 1713 .
275 1686 358 1725 μον
384 1672 614 1726 ἐπενεγκεῖν
642 1671 821 1728 ἑτόλμησ
851 1704 863 1715 .
895 1706 906 1717 .
933 1702 946 1715 .
974 1671 1206 1730 γράμματά
1234 1687 1281 1715 τε
1312 1670 1388 1715 καὶ
1413 1673 1490 1730 διφ
1520 1703 1533 1715 .
1560 1702 1574 1715 .
1600 1702 1613 1715 .
1641 1703 1656 1716 .

252 1786 255 1794 ’
293 1794 347 1828 15.
372 1794 438 1828 Pro
475 1793 641 1840 ἐμαυτοῦ
660 1793 874 1841 θρυαλλίδα
894 1794 1047 1829 membr.
1077 1794 1252 1830 exhibere
1271 1796 1370 1829 visae
1385 1799 1470 1828 sunt
1487 1792 1668 1827 ἑκάστου

286 1839 493 1887 θρύαμδα.,
515 1839 776 1887 μεσημβρινὴν
800 1841 894 1886 δᾷδα
919 1842 975 1876 ed.
1086 1844 1137 1876 16.
1168 1854 1217 1887 ¹7·
1246 1842 1348 1875 uncis
1371 1842 1512 1875 inclusa
1533 1840 1654 1875 Maius

286 1887 495 1968 {ganiedliqdiu
603 1899 658 1930 20-
685 1887 853 1942 Ἀβάρων
876 1881 991 1932 ἧτταν
1015 1889 1109 1922 coni.
1138 1887 1184 1923 N.
1290 1900 1348 1923 22.
1371 1890 1436 1922 καὶ
1461 1887 1654 1934 διφθέρας

293 2083 348 2118 25.
396 2082 499 2117 Idem
523 2084 696 2122 Isaozita‚
726 2095 837 2131 quum
873 2082 1020 2131 quidam
1056 2081 1290 2116 hortarentur
1327 2091 1411 2114 eum
1443 2082 1542 2115 cruci
1578 2082 1652 2116 iam

196 2129 370 2171 adfixum,
395 2135 438 2163 ut
473 2130 520 2163 ad
552 2132 670 2176 patria
699 2142 796 2165 sacra
826 2137 1010 2164 revertens
1044 2130 1159 2163 satum
1184 2139 1391 2173 supremum
1427 2128 1650 2171 declinaret,

195 2178 388 2222 poenitere
418 2188 456 2210 se
490 2178 566 2219 ait,
597 2188 672 2211 non
709 2178 810 2224 quod
836 2178 964 2211 salutis
994 2176 1226 2221 adoptandae
1251 2175 1443 2208 consilium
1468 2176 1649 2219 cepisset,

195 2224 262 2258 sed
290 2223 391 2270 quod
418 2235 497 2258 sero
527 2225 692 2269 cepisset.
741 2226 838 2259 Haec
866 2224 990 2258 aiebat
1027 2223 1176 2268 cupiens
1207 2224 1279 2267 per'
1303 2233 1405 2255 suam
1438 2222 1649 2256 firmitatem

195 2276 307 2316 atque
333 2271 572 2305 constantiam
597 2272 771 2305 coelestes
801 2282 954 2305 coronas
978 2270 1133 2314 adipisci
1174 2294 1182 2302 .
1228 2294 1235 2302 .
1272 2292 1281 2301 .
1311 2274 1350 2302 et
1378 2269 1526 2303 brevem
1554 2269 1649 2303 hanc

196 2323 235 2352 et
258 2319 431 2352 inutilem
459 2318 570 2352 vitam
594 2321 696 2363 parvi
726 2319 919 2352 aestimare
943 2318 1062 2352 videri
1086 2315 1246 2350 volebat.
1327 2357 1330 2359 ‚
1398 2315 1420 2319 “

289 2366 345 2399 26.
392 2364 524 2410 Magna
549 2377 634 2399 ausa
663 2366 824 2399 animum
857 2365 979 2411 potius
1018 2363 1229 2409 reprimere,
1257 2374 1363 2409 quam
1392 2363 1562 2404 excitare,
1587 2375 1647 2398 so-

195 2410 295 2452 lent;
320 2411 433 2457 idque
451 2414 647 2458 praecipue
666 2415 696 2446 si
718 2413 747 2445 ii
767 2417 977 2459 praesentes
992 2410 1080 2451 sint,
1103 2411 1167 2456 qui
1188 2409 1235 2443 ad
1258 2415 1424 2454 apertum
1447 2410 1643 2444 discrimen

195 2456 382 2491 hominem
410 2459 616 2504 impellunt.

290 2517 344 2550 27-
394 2506 449 2539 De
484 2506 658 2551 Procopio
698 2505 872 2539 historico
897 2509 934 2538 et
962 2504 1119 2538 iuridico
1157 2502 1210 2536 ait
1239 2501 1459 2538 Menander:
1489 2503 1646 2548 „Neque

196 2550 289 2583 mihi
328 2552 504 2595 possibile
537 2559 612 2594 est,
649 2563 770 2597 neque
806 2551 973 2599 alioquin
1008 2551 1130 2585 animo
1166 2550 1413 2591 destinatum,
1455 2555 1496 2583 ut
1520 2555 1646 2583 contra

195 2600 341 2631 tantum‘
375 2599 610 2645 eloquentiae
647 2598 877 2644 splendorem
907 2599 1070 2643 exiguam
1101 2608 1217 2632 meam
1247 2597 1437 2630 candelam
1467 2597 1646 2633 attollam,

196 2644 292 2677 Satis
328 2645 396 2678 erit
428 2647 518 2680 mihi
555 2647 713 2680 tenuitas
747 2656 845 2687 mea3
876 2648 1102 2691 Ascraeoque
1127 2650 1257 2690 poetae
1282 2644 1434 2678 audiens
1459 2654 1542 2682 ero,
1581 2643 1646 2688 qui

195 2702 276 2724 cum
298 2691 504 2735 potioribus
530 2699 727 2727 certantem
758 2692 939 2727 stultitiae
961 2692 1151 2727 insimulat
1176 2696 1288 2740 atque
1311 2690 1552 2727 dementiae.²'

241 2770 430 2817 Dexippus
441 2797 451 2813 ‚
475 2773 674 2819 Eunapius
699 2781 765 2807 etc,
1335 2773 1379 2804 28

164 440 173 443 >
199 407 284 465 ἔφη
309 413 642 463 μεταμελεῖσθαι
671 409 752 464 οὐχ
794 406 858 452 ὅτι
886 408 930 460 ἐς
963 412 1087 453 τοῦτο
1116 411 1219 467 ἔγνω
1250 414 1460 468 σωτηρώις
1486 415 1699 467 §metam
1723 419 1793 455 360
