1924 3164
589 213 623 252 E
660 210 946 254 MENANDRI
982 212 1256 254 111sromA.
1529 196 1600 252 32
1616 217 1636 251 1

195 315 268 362 λος
286 311 466 367 ξυνῆκαν
487 309 527 353 οἳ
548 313 746 368 πρέσβεις
770 315 873 369 περὶ
889 315 968 366 μὲν
995 316 1075 356 τοῦ
1104 312 1381 371 διαρραγῆναι
1413 314 1489 365 τὰς
1512 318 1739 359 anor-QG.
1753 319 1819 367 ⁵²7

255 441 265 456 ι
394 441 411 456 ε,
723 444 731 456 ,
919 443 928 456 ,
1650 366 1843 452 Ιῐέἓῖιιιίοιῧῆ

191 459 364 498 τροπον,
393 460 471 501 (my
506 445 851 499 ἑμπεδωθησεται
877 461 932 486 τα
975 446 1167 501 εἰρηναῖα
1206 449 1285 489 τοῦ
1311 448 1458 489 λοιποῦ
1495 448 1570 489 καί
1595 465 1640 490 αι
1653 461 1763 495 P.121

194 376 276 428 δας
301 380 365 427 τίς
393 377 530 426 αἴτιος
556 377 631 419 καί
656 375 708 419 οὒ
718 413 732 432 ,
761 377 807 420 τὸ
838 377 1001 422 τοιόνδε
1028 383 1574 438 σιγηθῆναι,.διερευνῆσαι
1595 384 1640 424 δὲ

191 507 451 565 α’μφήριστοι
467 513 668 551 πολιτεῖαι
688 507 935 553 κατάθοιντο
951 509 1003 554 τά
1026 509 1147 554 ὅπλα.
1176 511 1311 562 εὕθὺς
1331 509 1384 555 οὖ
1387 531 1408 556 ν
1422 508 1641 567 Μεβώδου

162 573 295 618 Suara?
316 575 389 624 τὰς
405 575 550 631 πρώην
562 574 784 630 ξυνθήκας,
807 576 856 617 αἳ
873 579 1124 632 ξυνέστησαν
1135 580 1207 621 ἐπὶ
1228 582 1309 620 τοῦ
1334 579 1643 637 αὐτοκράτορος

188 641 484 683 Ἰουστινιανοῦ
497 674 510 694 ,
537 639 616 690 τὰς
642 638 862 696 τριάκοντα
897 640 1096 696 χιλιάδας
1136 647 1218 687 τῶν
1262 645 1530 698 νομισμάτων
1556 646 1643 703 φή-

186 722 336 757 σαντος
358 709 517 762 χρῆναι
545 705 646 756 τούς
668 707 905 761 Ῥωμαίους
933 711 987 766 τῇ
1016 712 1204 769 πολιτείᾳ
1240 713 1425 767 Περσῶν
1467 729 1643 755 κατατι-

185 775 310 815 θέναι
348 773 416 822 ,α’ν’
463 770 579 826 ἔτος,
623 771 685 815 ἔτι
723 789 770 828 γε
795 773 882 829 μην
923 775 1202 831 ἀποχωρῆσαι
1228 777 1557 834 Περσαρμενίας
1593 794 1641 820 τε

185 837 261 880 καὶ
279 834 490 894 Ἰβηρίας,
526 837 634 894 πρὸς
661 840 710 881 δέ
735 855 782 894 γε
808 839 884 882 καί
909 839 1066 890 αὐτούς
1092 841 1191 891 τοὺς
1220 839 1314 884 ὅσοι
1338 858 1386 897 γε
1415 842 1540 886 αἴτιοι
1566 846 1642 898 τῆς

135 904 449 954 ῐοοῖποστασίας
498 905 763 960 ἀποδοθῆναι
815 909 990 960 βασιλεῖ’
1034 908 1118 950 τῶν
1165 910 1349 965 Περσῶν
1390 912 1639 968 χρησομένῳ

184 972 313 1026 σφισί
335 975 427 1020 ταῖς
454 968 762 1026 προσηκούσαις
783 979 959 1028 φωναῖς.
1011 977 1196 1016 τοσαῦτα
1218 977 1297 1016 τοῦ
1316 975 1533 1029 Μεβώδου
1564 993 1641 1018 κα-

181 1037 472 1089 τατείναντος,
503 1035 542 1079 οἷ
567 1038 652 1079 τῶν
674 1035 896 1091 Ῥωμαίων
927 1041 1148 1095 πρέσβεις,
1186 1038 1233 1082 τὸ
1274 1038 1438 1083 τοιόνδε
1477 1043 1525 1084 ἐκ
1561 1045 1639 1084 τοῦ

180 1101 406 1158 Καίσαρος
450 1106 740 1158 παρεγγυηθὲν
782 1105 930 1154 αὐτοῖς
946 1138 959 1157 ,
1001 1107 1156 1147 αὐτίκα
1200 1107 1246 1148 οἵ
1277 1123 1322 1161 ys
1356 1109 1476 1150 τοῦτο
1526 1107 1668 1150 mittin

181 1167 284 1210 οῦδὲ
327 1162 514 1221 τοῦνομα
560 1170 812 1224 προσίεσθαι
858 1167 1024 1226 ἔφασαν
1064 1174 1140 1226 τῆς
1179 1171 1372 1228 εἰρήνης,
1411 1173 1528 1228 εἴπερ
1566 1174 1640 1215 ἐπὶ

132 1233 397 1292 ιόσυντελείᾳ
424 1235 509 1275 τινί
535 1237 609 1276 καί
636 1230 708 1276 ἅτε
735 1236 778 1283 ἐς
807 1235 943 1291 φόρου
973 1231 1200 1292 ἀπαγωγὴν
1228 1240 1402 1294 Πέρσαι
1429 1238 1637 1291 ἐλπίζοιεν

175 1299 421 1353 Ῥωμαίους
441 1301 547 1350 ἕξειν
569 1303 644 1342 τοῦ
668 1301 838 1342 λοιποῦ·
865 1302 974 1356 μηδὲ
1001 1299 1082 1357 γάρ
1113 1302 1335 1352 α’νέξεσθαι
1363 1306 1441 1345 τοῦ
1471 1307 1635 1347 τοιοῦδε

177 1361 473 1421 τὸνΚαίσαροὶ
501 1381 543 1407 τι
570 1367 886 1421 παρασχέσθαι,
916 1365 1020 1421 μ’ήτε
1047 1365 1131 1422 μὴν
1160 1364 1299 1424 ὥσπερ
1331 1369 1478 1422 α’μέλει
1505 1364 1634 1412 α’ἱνιόν

176 1445 220 1472 τι
235 1432 383 1486 χρῆμα
409 1432 621 1486 πριάσθαι
649 1429 728 1486 τήν
755 1431 936 1487 εἰρήνην.
991 1428 1102 1475 οὕτω
1131 1431 1182 1488 δὴ
1211 1432 1291 1489 γὰρ
1322 1434 1362 1476 εἰ
1387 1433 1547 1488 ἔσοιτο,
1578 1431 1632 1478 οὗ

175 1511 218 1538 τι
257 1491 366 1538 εἶναι
402 1493 582 1550 μόνιμον
622 1496 720 1538 οὐδὲ
772 1500 965 1552 βεβαίαν.
1018 1501 1193 1554 χρῆναι,
1219 1499 1360 1541 τοίνυν
1397 1500 1630 1554 “Ρωμαίων

123 1559 316 1616 αοέλεγον
354 1559 394 1604 οἱ
419 1563 616 1618 πρέσβεις
652 1560 858 1619 πρότερον
892 1565 969 1606 τοῦ
993 1565 1161 1605 τοιοῦδε
1191 1566 1408 1619 α’πειπεῖν,
1443 1564 1553 1608 οὕτω
1581 1582 1629 1608 τε

173 1628 246 1683 ἐφ’
269 1623 334 1678 οἷς
363 1629 450 1670 δέοι
474 1627 527 1670 τὰ
551 1629 624 1684 τῆς
648 1627 814 1685 εἰρήνης
840 1630 1031 1684 προϊέναι
1060 1632 1392 1684 διασκέψασθαι.
1448 1634 1523 1674 καί
1549 1629 1632 1674 αὖ-

174 1696 247 1742 θις
282 1694 398 1736 ἕκατι
437 1698 516 1736 τοῦ
556 1696 721 1737 τοιοῦδε
756 1696 977 1751 τερθρείας
1005 1696 1139 1750 λόγων
1171 1692 1490 1753 ἇπερῥιμμένης
1516 1702 1654 1739 πολ-Ο

176 1759 252 1815 λῆς
280 1761 324 1809 ἐξ
351 1761 513 1815 α’μφοΐν
540 1766 629 1802 τοῖν
653 1766 827 1815 μεροῖν,
872 1760 948 1802 καί
990 1761 1072 1816 οὐχ
1102 1759 1415 1815 ὗποχαλώντων
1443 1765 1489 1805 ἐν
1516 1764 1630 1820 ἀρχῇ

270 1828 302 1861 3.
330 1824 419 1859 ὅτου
441 1827 535 1872 vulg.
609 1828 641 1861 8.
667 1830 963 1874 Περσαρμενίας
987 1828 1042 1871 B.,
1066 1830 1157 1874 περὶ
1176 1829 1376 1875 Ἀρμενίας
1398 1830 1494 1875 vulg.
1576 1843 1630 1869 11.

267 1873 430 1920 φωναῖς]
458 1877 613 1910 ποιναῖς
638 1875 732 1907 coni.
756 1875 795 1908 Β.

173 1936 269 1965 runt.
319 1931 484 1965 Tandem
508 1931 603 1965 illud
624 1931 828 1977 disquirere
855 1931 1161 1977 supersederunt,
1197 1932 1272 1965 utri
1296 1933 1435 1977 populo
1463 1933 1625 1968 foederis

171 1978 326 2014 violatio
353 1978 586 2012 attribuenda
612 1984 729 2018 esset,
756 1983 794 2011 et
813 1980 991 2012 rationem
1016 1979 1234 2023 investigare
1251 1980 1372 2012 conati
1398 1985 1508 2019 sunt,
1533 1991 1628 2026 quo-

171 2025 283 2059 modo
308 2025 348 2058 in
372 2030 556 2070 posterum
590 2037 659 2070 pax
683 2025 794 2060 firmis
824 2025 1126 2058 conventionibus
1151 2024 1394 2064 stabiliretur,
1433 2032 1470 2059 et
1494 2027 1624 2060 inimi-

173 2083 236 2107 cae
262 2077 386 2117 gentes
410 2071 456 2105 ab
482 2073 590 2105 armis
616 2071 855 2105 discederent.
889 2071 1018 2105 Statim
1043 2071 1218 2105 Mebodes
1243 2073 1438 2116 suggessit,
1464 2083 1624 2118 aequum

173 2130 268 2158 esse,
293 2120 469 2153 Romanos
494 2118 655 2164 pendere
667 2119 851 2152 Persarum
877 2117 1103 2163 reipublicae
1131 2118 1326 2164 quotannis
1355 2118 1508 2162 triginta
1534 2121 1623 2154 mil-

172 2166 226 2198 lia
250 2176 452 2199 aureorum.
503 2166 562 2199 Sic
589 2166 686 2199 enim
713 2165 1015 2199 conventionibus
1041 2170 1188 2198 cautum
1213 2174 1312 2204 esse,
1337 2175 1431 2210 quae
1455 2169 1620 2211 tempore

170 2212 368 2247 Iustiniani
392 2212 625 2259 Imperatoris
652 2213 768 2245 factae
796 2217 909 2245 erant.
958 2212 1146 2245 Praeterea
1171 2211 1414 2244 Persarmenia
1440 2217 1477 2245 et
1498 2213 1620 2248 Iberia.

172 2259 369 2301 cederent,
409 2264 447 2292 et
480 2270 602 2293 omnes
640 2258 856 2293 defectionis
889 2264 1053 2292 auctores
1086 2258 1162 2304 regi
1186 2258 1371 2292 Persarum
1403 2259 1620 2301 redderent,

171 2317 265 2351 quos
290 2305 418 2340 merita
441 2312 557 2340 morte
581 2306 746 2340 afficeret.
794 2304 892 2338 Haec
917 2311 954 2339 et
978 2305 1050 2338 alia
1076 2303 1287 2338 huiusmodi
1304 2303 1462 2339 Mebode
1485 2318 1619 2351 propo..

171 2357 302 2394 nente,
338 2353 579 2388 Romanorum
606 2353 715 2398 legati
739 2351 936 2386 secundum
965 2351 1128 2385 Caesaris
1152 2351 1320 2385 mandata
1350 2357 1473 2386 contra
1501 2352 1618 2387 disse-

171 2405 347 2440 ruerunt,
378 2405 416 2433 et
440 2400 631 2434 confestim
659 2398 942 2444 responderunt,
976 2409 1015 2432 se
1038 2397 1108 2431 hoc
1134 2409 1181 2431 ne
1198 2408 1264 2442 pro
1290 2399 1439 2432 nomine
1464 2399 1618 2445 quidem

170 2446 270 2491 pacis
294 2446 506 2488 admittere,
532 2448 562 2480 si
589 2457 669 2479 cum
694 2445 826 2479 tributi
853 2445 1097 2490 pensitatione
1121 2445 1245 2478 Persae
1266 2451 1456 2490 sperarent
1483 2447 1523 2480 in
1544 2458 1618 2491 po-

171 2498 308 2527 sterum
344 2493 520 2527 Romanos
565 2493 637 2526 sibi
673 2491 851 2526 obnoxios
893 2493 1125 2525 constituere.
1173 2491 1248 2525 Nec
1287 2493 1385 2524 enim
1420 2492 1616 2527 Caesarem

172 2539 367 2586 quicquam
398 2540 579 2586 pendere,
614 2550 734 2585 neque
765 2549 915 2583 pacem,
956 2543 1133 2583 tanquam
1164 2548 1238 2571 rem
1270 2539 1458 2579 venalem,
1494 2550 1614 2574 emere

170 2586 285 2627 velle,
318 2597 432 2631 quae,
465 2587 495 2619 si
526 2587 576 2620 ita
612 2586 858 2629 contingeret,
895 2595 970 2617 non
994 2584 1058 2617 diu
1083 2590 1330 2629 permaneret,
1367 2596 1487 2631 neque
1511 2586 1615 2619 firma

170 2631 278 2666 foret.
328 2633 504 2676 Oportere
540 2634 652 2678 igitur
685 2632 862 2677 imprimis
902 2637 1020 2665 totum
1052 2630 1149 2665 hunc
1188 2642 1387 2665 sermonem
1421 2632 1613 2673 omittere,

171 2685 251 2714 tum
275 2678 432 2720 demum,
456 2679 589 2726 quibus
615 2679 888 2713 conditionibus
912 2689 984 2723 pax
1000 2677 1192 2711 vincienda
1216 2677 1275 2718 sit,
1297 2678 1493 2712 advertere.
1521 2680 1613 2712 Rur-

173 2736 232 2759 sus
257 2737 364 2770 super
388 2726 444 2759 his
468 2737 547 2760 cum
565 2732 741 2772 utraeque
759 2730 879 2770 partes
898 2726 938 2757 in
955 2725 1086 2758 multas
1107 2725 1361 2758 altercationes
1386 2725 1613 2770 erupissent,

171 2777 211 2806 ct
233 2773 360 2807 Persae
384 2773 543 2806 minime·
560 2773 754 2815 cederent,
786 2771 851 2807 sed
875 2772 1010 2807 obnixe
1035 2771 1318 2813 contenderent,
1352 2771 1489 2805 iustum
1514 2782 1612 2815 esse,

215 2843 424 2891 DexippuS,
447 2843 643 2890 Eunapius
671 2850 736 2876 etc.
1299 2849 1341 2876 ’21
