1924 3164
579 194 615 233 E
652 189 862 233 MALcffl
901 187 1176 233 fflsTomA.
1498 167 1611 225 235

163 291 309 344 ἄστεος
346 296 580 350 ἐνέπρησαν
623 295 776 347 μόνον,
819 292 943 335 ου’δὲν
971 293 1020 335 δὲ
1050 286 1152 334 ἄλλο
1182 290 1320 334 δεινὸν
1346 287 1616 346 εἰργάσαντο.
1632 291 1800 337 Δ·(1-473

166 360 243 404 καί
265 361 426 403 τούτων
455 356 566 402 οὕτω
595 359 916 412 λυμαινομένων
940 356 1019 413 τὴν
1039 356 1219 415 Θρᾴκην,
1249 351 1365 410 ὅμως
1391 354 1467 397 καὶ
1494 337 1795 434 “dwiixssxilq

162 426 203 469 οἱ
227 425 442 482 βάρβαροι
468 425 552 468 ὑπὸ
581 427 658 469 τοῦ
689 425 815 478 λιμοῦ
850 421 1123 478 συνεχόμενοι
1149 424 1377 480 πρεσβείαν
1402 422 1619 474 πέμπουσι

162 492 264 548 περὶ
290 491 456 549 εἰρήνης
474 490 581 549 πρὸς
606 489 681 533 τὸν
699 492 907 544 βασιλέα.
962 491 1036 532 καί
1061 492 1220 545 γίνεται
1246 489 1275 545 ἧ
1302 487 1517 543 σύμβασις
1533 490 1618 530 τῶν

135 555 299 614 5ὅρκων
325 561 399 601 ἐπὶ
422 556 611 612 τούτοις,
637 561 727 607 τοῖς
751 557 830 610 μὲν
849 558 891 599 Γ
888 554 1028 606 influa,-
1056 556 1255 599 δίδοσθαι
1281 557 1368 597 κατ’
1395 552 1484 603 ἔτος
1509 570 1619 610 χρυ-

159 623 258 667 σίου
286 626 430 681 λίτρας
458 624 685 678 δισχιλίας,
711 622 788 666 τὸν
816 624 864 665 δὲ
881 623 1141 679 Θευδέριχον
1168 623 1460 665 καθίστασθαι
1486 629 1653 676 στρα-(Ξ

160 688 286 745 τηγὸν
313 691 392 732 δύο
420 691 681 746 στρατηγιῶν
706 689 793 731 τῶν
821 691 939 745 ἀμφί
957 690 1150 742 βασιλέα,
1171 687 1294 744 αἴπερ
1324 687 1410 729 εἰσί
1421 688 1619 741 μέγισται

101 791 103 795 ⁴
160 758 223 805 εἷς
260 754 337 812 τὴν
370 752 519 812 ἑτέραν
558 757 655 811 γῆν·
712 756 855 797 αὐτῶν
892 756 941 798 δὲ
978 756 1064 797 τῶν
1102 756 1143 798 Γ
1141 754 1279 797 ὀτθων
1323 750 1617 808 αὖτοκροίτορα

161 817 295 876 εἶναι,
322 823 396 864 καί
418 822 603 877 μηδένας
642 823 686 872 ἐξ
715 821 856 863 αὐτῶν
884 818 1121 877 ἀποστῆναι
1160 821 1365 868 θέλοντας
1389 817 1464 861 τὸν
1490 821 1619 873 βασι-

109 890 239 930 Ιολέα
284 890 515 942 δέχεσθαι.
582 893 825 943 συμμαχεῖν
861 889 911 930 δὲ
945 890 1004 946 τῷ
1028 890 1203 942 βασιλεῖ
1224 888 1286 935 εἰς
1311 888 1407 941 πᾶν,
1436 881 1519 939 ὅ,τι
1547 901 1618 930 κε-

159 951 301 1007 λεύει,
329 952 439 1008 πλὴν
466 952 540 996 ἐπὶ
561 953 700 1007 μόνων
726 955 808 996 τῶν
836 953 1086 1009 Βανδήλων.

269 1018 318 1074 γ’.
363 1017 458 1063 ’Ότι
485 1019 508 1063 ὅ
534 1016 784 1075 Αὔγουστος
812 1020 836 1061 ὄ
864 1023 942 1062 τοῦ
965 1021 1162 1076 Ὀρέστου
1190 1017 1281 1070 υἱὸς
1309 1017 1498 1069 α’κούσας
1524 1015 1612 1074 Ζῆ-
1630 1020 1799 1066 A.C.476

159 1102 271 1141 νωνα
306 1086 432 1128 πάλιν
469 1084 545 1141 τὴν
572 1085 792 1140 βασιλείαν
833 1089 1142 1142 α’νακεκτῆσθαι
1168 1089 1244 1140 τῆς
1271 1084 1352 1139 ἕω,
1380 1083 1453 1127 τὸν
1477 1067 1783 1150 Βασι-Ξὲἓὸὲθὸ

162 1154 302 1195 λίσκον
329 1151 540 1196 ἐλάσαντα
559 1184 571 1206 ,
599 1149 806 1207 ἠνάγκασε
824 1151 901 1207 τήν
926 1151 1085 1207 βουλήν
1113 1153 1362 1194 α’ποοτεῖλαι
1389 1151 1616 1206 πρεσβείαν

108 1218 326 1278 ι5Ζηίνωνι
353 1221 654 1278 σημαίνουσαν,
684 1221 742 1270 (ὃς
769 1221 882 1269 ἰδίας
907 1222 986 1273 μὲν
1015 1217 1158 1268 αὐτοῖς
1183 1219 1404 1273 βασιλείας
1430 1218 1484 1257 ου’
1510 1218 1615 1269 δέοι,

159 1287 296 1337 κοινὸς
336 1289 384 1331 δὲ
427 1286 663 1343 ἀποχρήσει
700 1286 828 1341 μόνος
870 1281 930 1328 ὢν
960 1282 1231 1341 αὔτοκράτωρ
1259 1286 1323 1327 ἐπ’
1352 1283 1614 1339 ἀμφοτέροις

157 1359 247 1403 τοῖς
273 1355 451 1408 πέρασι.
514 1351 589 1395 τὸν
614 1354 757 1407 μέντοι
787 1349 994 1406 Ὀδόαχον
1020 1348 1089 1394 ὑπ’
1128 1351 1270 1393 αὐτῶν
1297 1350 1614 1406 προβεβλῆσθαι

156 1417 303 1462 ἱκανὸν
329 1414 428 1461 ὄντα
462 1417 613 1470 σώζειν
641 1416 694 1461 τά
723 1422 823 1475 παρ’
862 1418 1010 1468 αὐτοῖς
1036 1415 1288 1473 πράγματα,
1317 1412 1536 1470 πολιτικὴν
1564 1412 1607 1456 ἔ-
1620 1429 1656 1462 1)

158 1500 288 1539 χοντα
315 1484 483 1527 σύνεσιν
509 1482 619 1537 ὅμοῦ
646 1483 721 1527 καὶ
743 1483 956 1539 μάχιμον·
1012 1481 1088 1526 καὶ
1117 1485 1287 1526 δεῖσθαι
1314 1483 1391 1525 τοῦ
1417 1478 1614 1536 Ζήνωνος

102 1553 382 1608 αοπατρικίου
429 1566 477 1592 τε
516 1550 632 1608 αὐτῷ
670 1550 917 1599 ἀποστεῖλαι
946 1550 1091 1604 α’ξίαν,
1132 1548 1206 1592 καὶ
1230 1547 1310 1604 τήν
1336 1539 1420 1591 τ’ὤν
1441 1547 1615 1590 Ἰταλῶν

249 1638 427 1683 8,εῖςτῆν
449 1638 583 1696 ἑτέραν
604 1639 691 1687 γῆν]
721 1641 774 1678 εἰς
795 1632 867 1682 τὴν
889 1641 1080 1687 σφετέραν
1103 1640 1180 1685 γῆν
1194 1639 1287 1680 Va1.‚
1309 1637 1423 1684 idque
1446 1641 1532 1682 post
1545 1638 1616 1670 θέ-

250 1689 396 1726 λοντας.
489 1686 608 1722 αιῖτον
634 1689 730 1733 vulg.
884 1699 936 1722 ια.
963 1687 986 1721 o‘
1009 1686 1111 1732 Affy.
1137 1686 1159 1720 ό
1181 1698 1212 1720 τ.
1224 1685 1276 1720 Ὀ.
1298 1685 1346 1719 υἱ.
1367 1684 1484 1726 male,
1507 1684 1617 1729 eulpa

250 1735 544 1827 sssslssffassg’vffig,
560 1733 739 1770 Odoacro.
765 1734 809 1769 N.
888 1747 938 1781 ¹9·
963 1733 1157 1781 μάχιμον]
1185 1733 1278 1769 ὄντα
1303 1732 1386 1766 add.
1419 1731 1463 1766 N.
1560 1742 1615 1766 20·

161 1850 260 1884 ducti
288 1849 516 1884 deditionem
540 1849 715 1884 fecerunt.
765 1850 841 1895 Qui
863 1861 948 1884 vero
974 1850 1075 1884 missi
1091 1854 1196 1884 erant
1207 1849 1398 1894 Philippos
1422 1848 1541 1881 solum
1562 1858 1618 1887 ea,

159 1908 257 1943 quae
281 1897 374 1930 circa
409 1896 539 1930 urbem
573 1902 696 1938 erant,
730 1896 1025 1937 combusserunt,
1063 1907 1185 1942 neque
1210 1896 1404 1942 quicquam
1428 1898 1619 1938 praeterea

158 1949 266 1977 atrox
290 1948 354 1976 aut
379 1953 484 1988 grave
511 1944 778 1977 commiserunt.
838 1944 903 1977 His
927 1944 980 1976 ita
1005 1944 1045 1976 in
1071 1942 1229 1976 Thracia
1253 1939 1522 1987 grassantibus,
1556 1941 1620 1973 ni·-

158 1991 240 2025 hilo
269 1991 387 2024 secius
414 1990 486 2036 ipsi
511 1989 658 2024 barbari
687 1991 783 2023 fame
817 1991 933 2024 coacti
960 1990 1098 2034 legatos
1142 1988 1189 2022 ad
1223 1990 1483 2034 Imperatorem
1506 1987 1617 2020 mise-

158 2042 266 2078 runt,
291 2037 356 2084 qui
378 2037 424 2071 de
447 2047 537 2082 pace
562 2042 730 2083 agerent,
758 2048 851 2083 quae
875 2036 932 2070 his
959 2036 1234 2070 conditionibus
1260 2041 1316 2069 est
1338 2035 1452 2069 facta:
1477 2039 1519 2067 ut
1543 2033 1617 2067 duo

156 2084 276 2118 millia
300 2084 479 2119 librarum
504 2084 582 2117 auri
611 2083 742 2118 Gothis
780 2084 933 2128 singulis
967 2083 1072 2116 annis
1097 2081 1368 2128 penderentur:
1406 2080 1619 2115 Theuderi—

158 2130 249 2165 chus
280 2131 452 2176 magister
489 2132 658 2176 equitum
697 2136 735 2164 et
757 2130 924 2175 peditum
953 2130 1156 2175 praesentis
1181 2129 1340 2163 militiae
1371 2129 1616 2162 constituere-

158 2182 221 2210 tur
239 2203 250 2220 ,
276 2189 371 2225 quae
396 2177 555 2223 dignitas
591 2179 748 2211 maxima
773 2176 953 2218 habetur,
987 2176 1223 2222 ipsorumque
1247 2187 1313 2210 rex
1328 2174 1532 2219 Gothorum
1555 2186 1615 2208 es-

160 2229 235 2266 set,
268 2235 389 2271 neque
422 2225 617 2271 quisquam
651 2235 796 2265 eorum,
844 2224 909 2269 qui
942 2222 988 2256 ab
1024 2234 1067 2256 eo
1112 2223 1268 2258 deficere
1308 2221 1522 2263 voluerint,
1562 2220 1611 2254 ab

156 2272 381 2316 ImPfflatore
396 2271 436 2304 in
461 2272 647 2318 regionem
671 2282 773 2305 suam
797 2270 1069 2312 admitteretur3
1083 2269 1244 2316 denique
1267 2274 1310 2303 ut
1334 2273 1460 2302 contra
1484 2279 1616 2315 quem-

159 2328 318 2364 cumque
340 2319 498 2354 voluerit
520 2321 740 2364 Imperator,
777 2317 937 2364 exceptis
961 2316 1159 2358 Vandalis,
1200 2328 1222 2350 a
1252 2321 1357 2363 parte
1381 2316 1616 2362 Imperatoris

160 2370 351 2410 pugnaret.
1030 2384 1031 2389 =

256 2413 288 2446 3.
334 2412 530 2458 Augustus,
559 2412 699 2446 Orestis
723 2412 845 2453 filius,
872 2416 915 2445 ut
935 2410 1096 2452 audivit,
1127 2412 1305 2446 Zenonem
1331 2411 1466 2445 iterum
1481 2410 1617 2444 Orien-

161 2458 210 2491 tis
235 2458 450 2503 imperium,
481 2461 634 2505 expulso
665 2459 858 2499 Basilisco,
895 2469 1146 2504 recuperasse,
1180 2463 1349 2492 senatum
1382 2459 1517 2492 veteris
1541 2457 1616 2491 Ro-

161 2515 243 2540 mae
279 2506 499 2550 legationem
538 2506 586 2540 ad
609 2508 789 2540 Zenonem
812 2506 958 2540 mittere
983 2505 1118 2551 coegit,
1153 2515 1248 2551 quae
1279 2505 1337 2538 illi
1371 2505 1612 2550 significaret,

162 2553 314 2596 proprio
341 2553 563 2598 Imperatore
598 2565 635 2587 se
668 2564 743 2587 non
780 2552 954 2598 indigere.
1003 2553 1123 2587 Unum
1149 2553 1407 2598 Imperatorem
1431 2551 1613 2592 sufficere,

164 2599 230 2644 qui
255 2599 444 2645 utriusque
458 2601 607 2645 Imperii
633 2600 722 2634 fines
744 2605 928 2634 tueretur:
954 2599 1160 2634 Odoacrum
1177 2610 1215 2632 se
1234 2599 1386 2644 elegisse
1402 2624 1413 2639 ,
1435 2599 1500 2644 qui
1523 2597 1617 2631 hanc

161 2650 303 2688 partem
326 2651 440 2680 tutam
462 2653 674 2693 praestaret.
723 2648 829 2681 Hune
855 2648 953 2683 enim
983 2651 1023 2679 et
1050 2647 1204 2681 scientia
1239 2645 1465 2692 reipublicae
1498 2644 1640 2684 admi<

162 2692 397 2734 nistrandae,
422 2700 461 2728 et
483 2695 537 2728 rei
560 2695 728 2728 militaris
755 2694 887 2739 peritia
910 2699 1104 2739 praestare.
1152 2695 1280 2739 Itaque
1305 2703 1420 2733 orare,
1445 2696 1487 2725 ut
1511 2691 1615 2724 illum

164 2739 259 2778 Zeno
281 2740 495 2788 patriciatus
521 2741 699 2787 dignitate
724 2746 848 2784 ornet,
876 2746 913 2780 et
934 2741 1079 2778 Italiam
1106 2740 1301 2786 regendam
1345 2741 1381 2773 ei
1406 2739 1616 2773 committat.
