1924 3164
320 165 340 200 ι
353 146 427 202 86
602 208 606 213 ,
775 125 778 128 ’
900 159 1176 202 EXCERPTA

128 264 665 319 Α.ῦ.448ἕκμειλιττόμενοι
695 262 781 305 ’τὸν
809 262 1030 317 Ἀττὴλαν,
1073 262 1302 317 ἐκδοθῆναι
1345 261 1459 319 αὑτῷ
1499 262 1754 317 βουλόμενον

119 320 263 402 Thgffll·
285 330 538 385 ΙΣιλβανὸν,
575 326 754 385 Ἀρμιόυ
796 329 1005 384 τραπέζης
1043 327 1146 371 κατὰ
1179 326 1256 383 τὴν
1286 325 1459 382 ‘Pedum‘
1486 331 1758 384 προεστῶτα,

251 381 364 448 Βιῶς
392 395 548 453 φιάλας
571 396 740 450 χρυσᾶς
767 392 882 449 παρὰ
911 393 1209 436 Κωνσταντίου
1240 390 1490 447 δεξάμενον,
1520 391 1563 443 ὃς
1590 396 1635 437 ἐκ
1663 396 1703 436 Γ
1701 411 1750 435 α-

309 465 445 505 λατῶν
470 463 548 515 μὲν
575 462 659 501 τῶν
689 461 734 502 ἐν
760 462 814 517 τῇ
839 455 995 517 ἑσπέρᾳ
1014 459 1208 515 (ὁρμᾶτο,
1240 459 1472 501 ἀπέσταλτο
1501 460 1548 500 δὲ
1575 458 1648 500 καὶ
1673 455 1750 500 αὖ-

206 531 247 567 V.
259 526 377 579 39τὸς
404 525 518 581 παρὰ
546 523 750 580 Ἀττήλαν
766 541 809 567 τε
835 525 910 567 καί
935 522 1120 580 Βλήδαν,
1154 522 1292 581 ὥσπερ
1318 522 1339 566 ὃ
1358 527 1444 578 μετ’
1474 521 1604 567 αὐτὸν
1625 526 1784 566 Kane-5

309 590 513 645 στάντιος,
541 588 821 646 ὖπογραφέως
847 590 1001 646 χάριν..
1029 589 1137 632 κατὰ
1167 592 1215 632 δὲ
1240 589 1310 633 τὸν
1334 589 1488 646 χρόνον
1517 592 1561 632 ἐν
1601 582 1637 646 ᾧ
1664 586 1745 630 ὑπὸ

305 659 482 702 Σκυθῶν
507 658 553 699 ἐν
601 659 653 713 τῇ
681 654 885 699 Παιόνων
920 658 1201 712 ἐπολιορκεῖτο
1239 654 1287 699 τὸ
1318 658 1516 711 Σίρμιον,
1543 653 1621 704 τὰς
1649 651 1756 709 ‹ped-1

307 728 386 774 λας
429 722 546 779 παρὰ
587 725 662 766 τοῦ
700 725 773 778 τῆς
813 721 973 773 πόλεως
1008 722 1235 765 ἐπισκόπου
1264 724 1431 773 ἐδέξατο
1460 724 1525 778 ἐφ’
1554 715 1590 780 (ᾗ
1619 716 1761 770 αὐτὸν,

307 788 547 841 λύσασθαι,
574 786 619 831 εἴ
629 804 677 844 γε
703 788 910 845 περιόντος
938 785 1070 831 αὐτοῦ
1098 789 1257 831 ἁλῶναι
1281 787 1357 844 την
1393 787 1512 830 πόλιν
1538 786 1748 840 συμβαίη,

303 850 332 911 ἢ
369 851 661 910 ἀναιρεθέντος
701 851 950 909 ὠνήσασθαι
985 855 1084 906 τούς
1115 854 1410 909 αἰχμαλώτους
1457 853 1746 908 ἀπαγομένους
1756 864 1805 901 10.

302 922 388 963 τῶν
419 921 577 966 α’στῶν.
604 918 627 962 ὅ
656 923 705 964 δὲ
734 919 1030 972 Κωνστάντιος
1067 920 1175 975 μετὰ
1200 920 1273 964 τὸν
1299 923 1372 978 τῆς
1398 921 1558 970 πόλεως
1587 916 1756 972 ἇνδρα-·.

262 984 509 1039 (ἶποδισμόν
557 984 816 1043 ὀλιγωρήσας
851 988 937 1029 τῶν
983 989 1202 1043 συνθηκῶν
1240 988 1283 1038 ἐς
1320 986 1394 1043 τὴν
1424 984 1597 1042 ζΡιόμην
1638 986 1746 1029 κατὰ

301 1054 453 1109 πρᾶξίν
465 1068 561 1111 ’τινα
589 1052 885 1110 παραγίνεται,
928 1054 1001 1102 καί
1034 1055 1252 1107 κομίζεται
1292 1050 1406 1107 παρὰ
1434 1053 1510 1096 τοῦ
1537 1048 1747 1105 Σιλβανοῦ

298 1117 477 1173 χρυσίον
504 1117 582 1167 τὰς
619 1117 779 1175 φιάλας
804 1117 926 1168 δοὺς,
966 1115 1075 1160 ὥστε
1104 1117 1234 1174 ῥητοῦ
1257 1115 1415 1174 χρόνου
1443 1115 1561 1166 ἐντὸς
1589 1112 1613 1173 ἢ
1642 1117 1748 1158 cino-

304 1184 432 1226 δόντα
459 1183 507 1225 τὸ
535 1186 805 1227 έκδανεισθὲν
830 1186 1011 1239 χρυσίον
1051 1185 1275 1239 ἀναλαβεῖν
1301 1183 1353 1226 τὰ
1381 1185 1586 1240 ἐνέχυρα,
1614 1177 1640 1238 ἢ
1666 1176 1806 1229 ati-¹5,-

299 1255 388 1299 τοῖς
427 1248 499 1293 τὸν
536 1248 740 1304 Σιλβανὸν
777 1251 822 1300 ἐς
865 1246 944 1303 ὅ,τι
974 1249 1166 1303 βούλοιτο
1192 1247 1467 1306 χρήσασθαι.
1520 1251 1663 1291 τοῦτον
1690 1248 1742 1305 δὴ

303 1313 379 1358 τὸν
392 1313 692 1357 Κωνστάντιον
717 1317 763 1358 ἐν
791 1314 957 1373 ὑποψίᾳ
985 1317 1213 1372 προδοσίας
1241 1314 1514 1371 ποιησάμενοι
1537 1311 1744 1369 Ἀττήλας

300 1397 347 1423 τε
374 1379 448 1423 καί
471 1377 646 1435 Βλήδας
671 1377 1002 1437 ἀνεσταύρωσαν
1022 1398 1035 1410 ·
1089 1380 1197 1435 μετὰ
1237 1383 1284 1422 δὲ
1308 1379 1461 1437 χρόνον
1487 1381 1545 1438 τῷ
1566 1377 1757 1438 Ἀττήλᾳ4

298 1445 359 1497 ὥς
383 1444 435 1488 τὰ
464 1447 563 1502 περὶ
586 1448 668 1489 τῶν
692 1447 858 1503 φιαλῶν
895 1447 1111 1502 ἐμηνύθη,
1149 1448 1372 1503 ἐκδοθῆναι
1400 1447 1512 1504 αὑτῷ
1539 1444 1613 1489 τὸν
1639 1450 1739 1489 Σιλ-

297 1510 443 1566 βανὸν,
473 1508 542 1556 οἶα
571 1509 623 1568 δὴ
664 1513 792 1569 φῶρα
828 1514 910 1557 τῶν
938 1509 1072 1554 αὐτοῦ
1098 1509 1330 1566 γενόμενον,
1360 1510 1582 1566 ἐβούλετο.
1635 1513 1810 1567 πρέ-αα,

264 1580 420 1632 Βσβεις
446 1579 586 1622 τοίνυν
604 1578 720 1634 παρὰ
744 1578 909 1623 ’.Αετίου
940 1578 1014 1621 καί
1037 1580 1114 1621 τοῦ
1132 1577 1424 1633 βασιλεύοντος
1449 1579 1531 1620 τῶν
1543 1575 1746 1634 ἐσπερίων

1831 813 1847 837 ἑ

394 1701 423 1725 ι.
449 1688 677 1736 βουλόμενοι
699 1691 795 1736 vulg.
872 1689 1199 1737 ἑκμειλιττόμενοι
1229 1691 1272 1724 Η.
1286 1715 1295 1731 ,
1320 1689 1626 1736 ἐκμελιττόμενοι
1649 1689 1742 1732 vulg.

391 1748 423 1770 2.
445 1735 615 1784 Ἅρμίου]
643 1737 834 1785 ἀργυρίου
846 1737 926 1776 val.
978 1749 1009 1782 7.
1034 1738 1077 1782 τῇ
1097 1738 1159 1778 Ν.,
1182 1738 1354 1781 trgi-vulg.
1404 1749 1436 1781 9.
1461 1735 1663 1782 περιόντος
1685 1737 1742 1776 Η.,

390 1783 574 1820 πενόντος
597 1783 690 1828 vulg.
791 1796 840 1819 12.
862 1784 1062 1825 συνθηκῶν
1089 1783 1155 1824 Ν,,
1176 1784 1385 1818 Σκυθικῶν
1405 1783 1499 1828 vulg.
1548 1794 1602 1818 20.
1627 1788 1740 1829 φῶρα

390 1829 458 1870 11„
482 1830 592 1876 φῶτα
613 1831 707 1876 vulg.
824 1828 1037 1876 γενόμενον
1058 1831 1124 1872 Η.,
1151 1829 1357 1877 γενόμενοι
1378 1830 1471 1875 vulg.

300 1930 565 1972 Constantius,
604 1940 649 1964 ex
674 1929 804 1964 Galliis
842 1930 1140 1965 occidentalibus
1165 1936 1286 1972 ortus,
1320 1929 1366 1963 ad
1389 1929 1537 1964 Attilam
1584 1936 1622 1965 et
1654 1931 1740 1965 Ble-

302 1978 396 2018 dam,
422 1982 463 2011 ut
488 1978 562 2011 illis
585 1978 625 2011 in
650 1977 922 2011 conscribendis
948 1978 1113 2023 epistolis
1137 1988 1284 2023 operam
1310 1976 1423 2018 daret,
1435 1977 1739 2023 quemadmodum

302 2030 343 2058 et
364 2029 448 2070 post
471 2024 576 2058 illum
601 2024 692 2058 alter
717 2024 970 2065 Constantius,
993 2024 1122 2058 missus
1146 2025 1276 2058 fuerat.
1325 2024 1393 2057 Ille
1415 2033 1521 2064 vero,
1549 2034 1621 2068 quo
1646 2028 1740 2057 tem-

301 2082 392 2116 pore
418 2071 589 2104 Sirmium
613 2070 810 2115 oppidum,
837 2071 876 2104 in
901 2071 1056 2105 Paeonia
1080 2072 1210 2112 situm,
1237 2069 1390 2114 Scythae
1407 2069 1623 2104 obsidebant
1638 2094 1647 2110 ,
1672 2081 1740 2102 au-

302 2128 367 2151 rea
401 2129 483 2151 vasa
525 2127 546 2149 a
584 2116 740 2151 civitatis
775 2116 944 2162 episcopo
978 2123 1183 2162 acceperat,
1229 2122 1269 2150 ut
1306 2128 1350 2150 ex
1384 2126 1507 2149 eorum
1538 2116 1677 2159 pretio,
1708 2117 1740 2150 si

303 2175 343 2197 se
368 2164 560 2207 superstite
598 2163 725 2197 urbem
758 2163 838 2208 capi
863 2163 1093 2207 contigisset,
1117 2163 1239 2210 quoad
1263 2164 1350 2196 satis
1375 2168 1490 2203 esset,
1514 2173 1579 2206 pro
1602 2173 1666 2195 sua
1691 2163 1740 2195 li-

304 2209 447 2244 bertate
471 2211 672 2245 solveretur
687 2223 703 2243 :-
729 2210 786 2243 sin
809 2210 999 2254 periisset,
1030 2211 1123 2243 cives
1148 2211 1187 2244 in
1211 2210 1422 2243 servitutem
1452 2207 1602 2241 abducti
1637 2208 1742 2242 redi-

305 2262 500 2290 merentur.
551 2256 623 2290 Sed
657 2255 890 2290 Constantius
934 2260 1017 2301 post
1058 2256 1158 2291 urbis
1207 2255 1389 2290 excidium
1443 2253 1488 2288 de
1529 2260 1636 2299 pacto
1673 2255 1740 2289 illo

303 2314 433 2349 parum
459 2303 635 2336 sollicitus
650 2327 660 2343 ,
685 2304 832 2336 Romam
858 2302 1043 2336 cuiusdam
1066 2302 1203 2348 negotii
1227 2313 1333 2335 causa
1357 2301 1559 2346 profectus,
1586 2311 1667 2334 vasa
1692 2301 1740 2335 ad

305 2348 501 2392 Sylvanum
525 2348 682 2390 detulit,
708 2355 745 2383 et
768 2360 894 2384 aurum
914 2348 960 2382 ab
982 2360 1024 2383 eo
1048 2349 1198 2393 accepit,
1223 2350 1485 2393 convenitque,
1509 2353 1561 2388 ut,
1588 2347 1619 2380 si
1642 2348 1740 2382 intra

306 2399 450 2439 tempus
473 2396 706 2440 praefinitum
729 2407 854 2429 aurum
878 2401 1004 2430 mutuo
1028 2401 1183 2429 sumtum
1210 2394 1396 2435 redderet,
1427 2404 1510 2427 vasa
1540 2394 1738 2438 reciperet:

308 2442 351 2476 ni
374 2441 538 2482 fecisset,
562 2441 735 2485 sylvanus
760 2453 844 2475 vasa
869 2442 941 2476 sibi
962 2442 1115 2476 haberet
1146 2448 1183 2476 et
1207 2441 1265 2474 his
1292 2449 1355 2484 pro
1384 2440 1535 2473 arbitrio
1563 2445 1736 2475 uteretur.

309 2487 418 2521 Hunc
445 2487 696 2521 Constantium
739 2489 869 2523 Attilas
906 2493 943 2522 et
976 2489 1104 2531 Bleda,
1134 2491 1218 2522 *cum
1242 2487 1316 2520 inis
1339 2486 1558 2531 proditionis
1589 2486 1737 2520 nomine

310 2539 500 2578 suspectus
525 2538 639 2573 esset,
663 2534 702 2566 in
729 2546 870 2568 crucem
894 2540 1053 2580 egerunt.
1102 2535 1154 2568 Ex
1181 2545 1275 2578 quo,
1300 2538 1342 2566 ut
1378 2532 1423 2566 de
1454 2532 1593 2578 poculis
1616 2534 1737 2566 aureis

309 2579 487 2614 indicium
510 2581 556 2613 ad
577 2579 726 2612 Attilam
751 2586 805 2614 est
827 2581 1007 2623 delatum,
1033 2580 1105 2615 sibi
1129 2580 1223 2613 tradi
1240 2580 1430 2623 Sylvanum
1447 2604 1456 2620 ,
1481 2584 1543 2614 tan
1571 2590 1654 2611 uam
1677 2579 1753 2612 fn->

309 2637 555 2667 remveorum,
581 2636 672 2672 quae
699 2637 763 2659 sua
787 2633 927 2667 essent,
962 2627 1144 2672 flagitavit.
1191 2626 1315 2670 Legati
1339 2626 1449 2670 igitur
1471 2626 1517 2659 ab
1581 2626 1656 2660 etio
1698 2629 1738 2660 et

308 2672 550 2707 Romanorum
586 2671 864 2706 occidentalium
889 2675 1109 2719 Imperatore
1144 2674 1339 2713 venerant,
1363 2672 1425 2716 qui
1451 2671 1613 2706 dicerent
1629 2697 1639 2713 ‚
1655 2670 1736 2714 Syl-

308 2730 441 2757 vanum
469 2717 676 2760 Constantii
708 2717 922 2755 creditorem
959 2731 1044 2757 vasa
1078 2730 1185 2754 aurea
1221 2730 1286 2766 pro
1321 2717 1458 2754 credito
1484 2719 1736 2766 oppignerata,
