1924 3164
310 176 417 246 542
697 196 917 239 HENmCI
955 197 1161 239 VALEsn
1196 198 1378 241 NOTAE

308 312 333 337 a
366 311 447 352 quo
470 299 592 338 tantis
622 297 824 337 beneficiis
851 305 991 338 auctus
1009 298 1154 350 fuerat,
1173 313 1297 338 manu
1334 314 1406 340 sua
1437 301 1600 354 occidit,
1627 276 1674 342 ut
1702 315 1748 343 ex

308 354 471 392 Malcho
495 354 618 392 uadit
643 353 821 391 Suidas
811 368 854 392 in
882 368 923 394 v.
934 331 1187 405 ς-Ᾰιίρμοὶτιοᾳ
1241 355 1341 394 Erat
1366 363 1499 395 autem
1530 357 1670 411 Onulp
1671 358 1748 397 hus

308 415 399 461 pati
402 423 437 446 ia
463 409 711 460 Thuiingus‚
738 415 784 446 ut
815 408 931 447 docet
963 409 1230 473 fragmentum
1253 409 1402 450 Malchi
1430 412 1536 464 apud
1554 413 1747 452 Suidam·

310 463 332 505 ὁ
369 463 414 502 δὲ
432 439 663 515 Ὀνοῦλφος
689 461 770 527 ἔφυ
806 462 851 511 ἐξ
882 463 1018 503 ἑθιῶν
1055 460 1160 503 κατὰ
1191 463 1353 518 πατέρα
1377 465 1457 516 μὲν
1491 466 1749 520 Θουρίγγων,

308 517 452 559 τῶνδὲ
479 518 645 570 Σκίρων
670 514 772 557 κατὰ
796 514 871 571 τὴν
897 517 1075 585 μητέρα.

413 574 514 636 Pag.
533 572 600 612 82.
626 573 672 611 C.
695 572 812 627 [251‚
828 571 910 626 22]
962 572 1147 624 λέγοντες
1185 567 1261 614 ουν
1305 571 1452 615 αΰτὸν.
1483 575 1748 616 scribendum

311 636 369 670 est
409 622 592 679 ἄγοντες.
650 628 772 679 Quod
799 629 919 667 etiam
940 628 1200 668 Cantoclarus
1231 630 1402 669 monuit.

415 684 518 736 Pag.
534 683 601 722 82.
618 684 672 722 D
704 683 822 738 [252,
841 683 929 737 10.]
959 688 1196 736 περιμεῖναι
1232 699 1278 723 εν
1304 683 1498 739 Καμπίᾳ.
1541 685 1679 725 Scribe
1705 684 1751 726 ἔν

312 739 523 793 Σκαμπία.
577 739 689 777 Urbs
728 746 787 778 est
828 739 944 791 Epiri
986 753 1068 778 non
1105 739 1222 792 longe
1243 754 1266 778 a
1295 725 1520 794 Lychnido.
1575 740 1754 794 Scampis

313 795 461 833 dicitur
498 796 541 833 in
575 795 783 833 Itinerario
811 793 1023 842 Antonini,
1060 795 1168 847 apud
1175 769 1505 834 ”Constantinum
1524 796 1753 849 Porphyro-

313 857 525 903 gennetam
552 850 594 887 in
605 847 688 888 lib.
712 863 751 888 2.
773 848 823 887 de
855 849 1116 888 Thematibus
1132 851 1317 903 Scampa.
1370 851 1583 904 Scampina
1612 852 1754 890 civitas

313 904 538 957 appellatui
567 905 607 943 in
644 902 859 957 exemplari
894 906 1157 957 suggestionis
1183 905 1374 943 Germani
1402 912 1442 943 et
1465 906 1627 945 Ioannis
1657 905 1756 968 Epi-

313 974 529 1012 scoporum
566 959 617 998 ad
650 959 906 998 Hormisdam
944 960 1111 1012 Papam.
1167 961 1214 998 In
1233 961 1444 999 Itinerario
1477 959 1754 1013 Burdigalensi

315 1016 473 1053 Mansio
502 1015 682 1067 Scampis
702 1015 864 1066 dicitur,
893 1021 932 1054 et
955 1014 1022 1054 52.
1047 1014 1225 1054 millibus
1254 1029 1443 1068 passuum
1473 1015 1620 1054 distare
1656 1015 1757 1053 dici-

314 1076 383 1108 tur
410 1083 434 1108 a
464 1071 625 1108 civitate
640 1069 863 1122 Lychnido.
918 1069 983 1108 Sic
1010 1071 1116 1108 enim
1139 1070 1395 1109 scribendum
1425 1077 1496 1119 est,
1526 1085 1609 1109 non
1635 1077 1681 1108 ut
1697 1075 1758 1108 est

316 1125 359 1163 in
377 1124 549 1178 vulgatis
576 1124 817 1163 editionibus
837 1125 972 1164 Cledo.
1027 1124 1124 1163 Pari
1151 1125 1272 1165 modo
1297 1133 1533 1178 corruptum
1555 1132 1614 1164 est
1634 1124 1755 1164 huius

315 1179 489 1218 civitatis
519 1179 763 1218 vocabulum
796 1179 902 1232 apud
932 1179 1279 1219 Constantinum
1268 1195 1310 1219 m
1343 1180 1431 1219 loco
1467 1194 1588 1234 supxa
1616 1181 1752 1228 citato,

315 1231 537 1287 ’Λλῆνιὸος
569 1237 677 1273 enim
711 1248 920 1287 perperam
955 1234 1144 1274 scribitur
1169 1249 1241 1288 pro
1261 1230 1511 1298 Λυχνιδος.

409 1259 527 1341 ‘Pag.
539 1289 607 1329 83.
638 1290 685 1328 C.
714 1289 826 1343 [253,
850 1287 931 1343 21.]
983 1287 1203 1331 Κλαύδιον
1227 1285 1297 1329 τὸν
1330 1288 1409 1328 τοῦ
1442 1287 1654 1329 Γοτθικοῦ
1681 1302 1759 1328 τα·

316 1343 433 1395 μι’.αν
486 1345 611 1384 Verte
662 1353 957 1399 procuratorem
988 1345 1175 1399 stipendii
1209 1344 1379 1384 Gotlzicz'.
1433 1344 1535 1385 Erat
1570 1343 1670 1383 haec
1701 1344 1758 1384 di-

318 1401 448 1453 gnitas
481 1399 557 1438 sub
581 1400 737 1438 Comite
763 1398 1044 1462 lmgstionum,
1069 1407 1114 1438 ut
1149 1399 1322 1438 videtur.

414 1454 535 1521 Pag.
547 1453 614 1493 83.
624 1454 669 1492 C.
697 1452 808 1508 [254.
828 1452 883 1506 3.]
928 1449 1008 1492 σύν
1032 1450 1211 1492 ἱππεῦσί
1238 1466 1283 1493 τε
1308 1449 1453 1496 ἰαίνων.
1497 1452 1762 1493 Scribendum

321 1515 381 1547 est
410 1503 510 1557 ἶών,
553 1516 592 1547 et
633 1515 740 1547 totus
765 1508 875 1547 locus
906 1507 963 1546 ita
999 1507 1240 1547 ve1·:tendus
1303 1507 1385 1547 Ubi
1401 1522 1488 1547 cum
1509 1509 1682 1561 equitata
1721 1517 1761 1547 et

318 1564 507 1613 carr-ibus,
534 1572 572 1602 ec
593 1563 743 1618 relzqao
775 1572 972 1618 apparatu
1002 1564 1060 1614 (ut
1068 1577 1153 1601 mos
1168 1567 1240 1613 est)
1269 1565 1344 1602 lter·
1362 1565 1538 1615 faciens,
1575 1564 1762 1602 irruenti-

321 1617 424 1657 hus
406 1633 448 1657 ιη
467 1633 528 1657 me
539 1619 704 1656 hostibus
708 1632 874 1672 ‚parum
884 1618 1021 1669 abjicit,
1039 1633 1146 1672 qum
1153 1633 1239 1656 cum
1250 1619 1536 1684 mezsfunditus
1547 1619 1761 1656 interit-em.

431 1672 534 1736 Pag.
550 1672 616 1712 85.
625 1673 677 1710 D.
698 1672 811 1723 [254,
837 1671 914 1725 12.]
946 1673 1072 1725 Lege.
1101 1671 1306 1724 μηδέποτε
1341 1670 1443 1725 πρὸς
1473 1668 1599 1712 αυτὸν
1626 1666 1763 1719 αλλως

322 1740 410 1773 *τως
430 1720 459 1778 ἢ
482 1723 589 1780 ποὸς
614 1726 790 1794 πατέρα.
845 1726 957 1765 Nihil
976 1728 1135 1766 certius.
1190 1728 1245 1765 Et
1279 1727 1397 1780 paulo
1418 1735 1507 1781 post
1538 1726 1693 1766 scribe:
1715 1726 1762 1766 ἐν

321 1781 545 1836 πρεσβείας
572 1777 711 1820 ἑλπίδι
746 1777 994 1832 καταλαβών
1020 1777 1069 1820 τοὶ
1087 1780 1329 1843 ιΡωμαίιιυν.

433 1836 535 1889 Pag.
551 1835 618 1887 84.
632 1837 686 1875 D.
719 1834 831 1890 [256,
843 1834 899 1888 8.]
921 1849 1017 1887 περι
1045 1832 1207 1875 τούτων
1231 1837 1484 1900 πείθεσθαι,
1508 1835 1765 1876 sc1ibendum

323 1898 423 1945 puto
470 1890 701 1930 πυθέσθαι.
756 1890 810 1928 Et
854 1905 944 1929 mox
972 1890 1058 1943 lege
1093 1890 1167 1929 καί
1203 1886 1333 1936 αὐτὸς
1367 1889 1589 1941 ἐπιμενεῖν.

434 1945 537 1999 Pag-
566 1945 634 1985 85.
659 1945 713 1984 A.
743 1944 861 1998 [256,
898 1944 980 1998 14.]
1011 1959 1221 1984 κατιασειν
1249 1941 1330 1984 ἀπὸ
1366 1945 1439 1997 τῆς
1473 1944 1758 1996 Κανδαμείας.

324 2003 430 2054 Lege
457 1961 720 2050 Κανὸαβίας.
775 2001 893 2039 Mons
925 2008 982 2039 est
1013 2001 1056 2038 in
1084 2000 1259 2054 Illyfico,
1291 2001 1334 2038 in
1359 2001 1425 2040 via
1440 2001 1624 2053 Egnatia,
1660 2015 1763 2053 quae

323 2056 378 2095 ab
404 2056 629 2109 Epidamno
650 2055 806 2107 incipit,
834 2055 941 2094 unde
971 2055 1095 2093 Gothi
1124 2055 1353 2094 veniebant.
1409 2056 1513 2094 Vide
1526 2055 1764 2095 Strabonem

258 2139 267 2143 -
325 2111 397 2150 lib.
423 2126 462 2165 7.
498 2112 656 2149 Montes
689 2110 916 2148 Candaviae
954 2117 1072 2148 vocat
1107 2110 1263 2148 Plinius
1286 2110 1357 2149 lib.
1382 2110 1422 2149 3.
1453 2110 1504 2148 ab
1535 2109 1764 2162 Epidamno

178 2173 215 2207 P.
242 2183 311 2207 212
326 2181 392 2220 79
416 2164 597 2204 millibus
633 2179 822 2218 passuum
864 2165 1071 2215 distantes,
1107 2171 1147 2203 et
1179 2164 1431 2203 Ptolemaeus
1462 2163 1764 2204 Haliacmonem

320 2221 489 2260 fluvium
522 2216 604 2259 απὸ
635 2234 718 2259 των
747 2216 1030 2259 Κανδαουίων
1059 2217 1191 2273 ὅοέων
1225 2222 1320 2259 oriri
1346 2219 1498 2259 scribit.
1550 2218 1615 2257 Sic
1654 2220 1762 2260 enim

325 2275 429 2329 lego,
471 2290 553 2314 non
579 2273 852 2313 καναλουιᾞων

184 2327 227 2363 V.
254 2329 318 2374 ¹39
438 2330 542 2382 Pag.
567 2329 636 2369 86.
666 2329 709 2369 C
753 2329 876 2383 [259,
909 2327 986 2381 12.]
1042 2328 1244 2379 ἐκπέμπει
1284 2324 1512 2379 Πελάγων.
1582 2327 1660 2368 Hic
1701 2335 1762 2369 est

326 2383 511 2437 Pelagius
539 2385 736 2423 Patricius
750 2414 761 2435 ,
788 2398 907 2436 quem
929 2385 1037 2422 Zeno
1060 2384 1227 2422 inteifici
1245 2385 1374 2435 iussit,
1396 2397 1442 2422 eo
1473 2383 1581 2436 quod
1611 2382 1762 2423 scelera

319 2440 445 2492 ipsius
469 2453 623 2477 summa
651 2453 745 2477 cum
778 2438 962 2477 libertate
995 2438 1320 2492 leprehcnderet.
1379 2439 1441 2476 De
1470 2438 1655 2477 laudibus
1675 2440 1760 2478 eius

319 2493 447 2533 multa
461 2494 563 2532 lefei
565 2501 690 2531 untur
708 2508 731 2532 a
741 2494 922 2532 Cedreno
940 2500 978 2532 et
987 2495 1120 2532 Zona1
1122 2508 1144 2531 a
1157 2501 1196 2531 et
1210 2495 1252 2531 in
1264 2494 1462 2532 Chronico
1474 2493 1762 2533 Alexandrino.

321 2549 490 2589 Occisus
523 2556 580 2586 est
600 2548 794 2587 Faustino
830 2556 870 2586 et
908 2550 1092 2614 Longino
1112 2549 1238 2598 Coss„
1262 2556 1308 2586 ut
1340 2547 1461 2586 refert
1486 2547 1760 2587 Marcellinus.

430 2602 531 2654 Pag.
546 2601 613 2641 86.
633 2603 686 2639 D.
706 2602 814 2655 [260‚
838 2602 898 2656 4.]
937 2600 957 2641 ὃ
976 2603 1054 2652 μὲν
1076 2601 1328 2654 Θευδέριχος
1348 2597 1480 2648 ου’τως
1501 2615 1761 2655 απεχωρησε.

322 2658 500 2710 Contigit
526 2657 568 2695 id
595 2656 759 2694 Placido
794 2657 878 2695 solo
901 2658 1088 2708 Consule,
1108 2657 1444 2710 quemadmodum
1461 2663 1628 2695 testatur
1653 2658 1757 2695 Mar·

321 2712 486 2751 cellinus
516 2712 559 2749 in
594 2710 808 2749 Chronico:
871 2713 1146 2759 Tlaeodoriczw,
1187 2713 1341 2750 Triarii
1359 2712 1495 2766 filim,
1515 2725 1590 2750 rex
1618 2711 1758 2751 Gotho.-

322 2781 423 2817 rum,
450 2767 605 2806 αιίςοίιιῖς
637 2768 714 2805 suis
740 2780 855 2819 usque
887 2767 1160 2820 ad'Anaplum
1183 2775 1319 2820 quarto
1344 2767 1448 2805 urbis
1473 2766 1663 2806 milliario
1681 2765 1756 2805 ad,-

1903 877 1923 1775 1.«waramum—..2-½z.-÷ffl.*fflssand;›‹ss·ssss*
1911 827 1923 853 τῳ-
1899 790 1922 803 'J
