1924 3164
315 155 426 231 370
901 172 1182 221 EXCERPTA

128 282 298 320 A.C.562
313 276 386 318 καί
411 276 512 331 ἡμῖν
539 278 610 319 ἐπί
631 275 786 330 χρόνον
816 271 965 330 ἥκιστα
995 276 1145 330 ὀλίγον.
1172 272 1441 326 ἐξεπίσταται
1469 278 1516 320 δὲ
1543 276 1590 318 τὸ
1618 280 1756 332 κρεῖτ-

122 332 240 415 Ῑυξῖἰῒ
255 345 391 416 ἐὲτον,
429 340 493 385 ὅτι
524 344 625 396 ου’χί
664 343 771 396 δῆτα
809 338 1031 397 ἐρ’ῥωμένα
1061 342 1228 398 φρονῶν
1257 343 1301 391 ἐς
1329 342 1503 398 Πέρσας
1533 341 1585 384 τὰ
1611 340 1754 385 τοιάδε

314 407 522 466 ἔπρασσεν
544 404 901 462 Ἀλαμούνδαρος.
929 408 1152 462 τοιγαροῦν
1181 408 1479 461 διεβεβαιοῦτο,
1508 407 1589 461 αἷς,
1618 409 1658 450 εἰ
1682 406 1757 459 καὶ

306 474 426 528 ὑμεῖς
446 471 633 530 πόλεμον
654 471 861 526 κινήσοιτε
892 475 992 513 καθ’
1020 472 1155 526 ἡμῶν,
1178 471 1513 531 Ἀλαμουνδάρῳ
1540 489 1587 528 γε
1615 467 1755 528 &noa-

306 538 400 589 κτός
420 554 463 580 τε
489 537 562 579 καί
580 533 847 592 ἆνενέργητος
875 535 994 579 ἔσται
1021 537 1046 593 ἦ
1073 537 1270 594 μάχαιρα
1307 540 1381 593 τῆς
1402 538 1630 592 εΡωμαίων
1657 540 1780 584 ἔπεα-5

304 622 348 647 τι
374 606 596 653 πολιτείας.
653 604 786 645 ταῦτα
813 606 891 656 μὲν
920 599 994 645 οὖν
1026 603 1102 645 ἐπί
1122 620 1215 646 τινα
1245 605 1426 657 διέμεινε
1451 604 1621 660 χρόνον.
1674 605 1752 646 νῦν

305 673 352 713 δὲ
381 669 403 711 ὅ
434 667 507 719 σὸς
533 671 610 722 μὲν
628 667 827 725 οἷδελφὸς,
856 667 1056 724 δεσπότης
1084 671 1130 711 δὲ
1158 667 1273 723 ἐμὸς,
1298 668 1416 712 ἔθετο
1445 671 1489 712 ἐν
1517 671 1574 728 νῷ
1591 670 1753 726 ἔμφρο-

303 739 481 779 νέστατα
523 731 639 788 οἶμαι
649 769 662 788 ,
699 729 733 776 ὦ
760 735 960 788 βασιλεῦ,
999 733 1080 791 ἔφη
1110 750 1168 787 τε,
1200 732 1278 788 ὥς,
1303 736 1343 776 εἶ
1368 736 1548 789 βεβαίως
1584 734 1674 790 ἔχει
1699 734 1752 779 τοὶ

301 799 588 854 πολιτεύματα
626 798 704 856 την
742 801 931 856 εἰρήνην,
978 802 1024 842 τί
1061 797 1213 854 δήποτε
1254 795 1340 856 ἄρα
1379 794 1639 855 λυσιτελήσει
1677 816 1753 854 μοι

302 870 380 910 τοῦ
411 869 558 909 λοιποῦ
602 864 799 922 ὑπηκόοις
843 882 889 908 τε
933 868 1007 908 καί
1045 867 1209 915 δούλοις
1236 868 1605 923 προσφθέγγεσθαι
1632 871 1809 924 Περ-ιο

304 935 413 987 σῶν,
453 930 510 983 ὦς
552 928 605 974 ἂν
647 930 948 988 καταπρόοιντο
984 933 1068 973 τῶν
1108 934 1367 987 κεκτημένων
1406 931 1461 975 τοὶ
1498 930 1750 989 πράγματα,

177 1011 213 1045 Ρ.
230 1010 294 1056 146
306 995 432 1056 ἤγουν
454 1000 638 1055 πορίζειν
658 1015 698 1040 τι
724 998 868 1047 αὐτοῖς
893 994 920 1053 ἢ
945 999 1196 1054 πορίζεσθαι
1225 996 1340 1054 παρὰ
1369 1001 1489 1059 σφῶν
1501 1002 1545 1051 ,·”
1569 1001 1639 1052 „si
1666 999 1747 1056 πρό

300 1067 376 1121 τῆς
404 1066 607 1120 εἷρήνης,”
634 1063 768 1114 ἔλεξεν
787 1062 810 1105 ὅ
838 1062 1050 1118 βασιλεὺς,
1080 1061 1371 1119 »ἑκατέρωθεν
1397 1066 1629 1107 ἐστέλλοντο
1649 1080 1751 1121 πρε-

299 1135 441 1185 σβεῖαι
467 1131 539 1172 καί
566 1129 807 1183 οἷμοιβαίοις
834 1131 1185 1186 ἐφιλοφρονεΐσθε
1203 1128 1356 1185 δώροις
1379 1130 1584 1186 α’λλήλους
1601 1163 1614 1186 ,
1639 1132 1750 1186 χρῆ-

298 1214 371 1240 ναι
398 1193 518 1249 οἶμαι
546 1193 713 1251 ἄτρωτοι
746 1193 856 1238 εἶναι
879 1194 930 1237 τὰ
962 1192 1041 1237 ὅσα
1070 1196 1277 1252 ἐστέρχθη
1304 1193 1384 1252 πρὸ
1412 1198 1523 1239 τοῦ.”
1576 1196 1804 1247 ‘tatinus-15

298 1263 378 1316 μὲν
417 1257 494 1303 οὖν
534 1261 687 1309 αὐταῖς
715 1262 790 1302 καί
815 1263 915 1316 περὶ
944 1255 1143 1317 ’Ἀμβρου
1173 1267 1267 1310 ταῖς
1296 1263 1594 1317 δικαιολογίαις
1619 1263 1750 1318 ἐχρη-

299 1324 480 1381 σάσθην,
507 1327 580 1368 καί
606 1320 734 1374 αὖθις
763 1326 1069 1380 ἀντελογίζοντο
1099 1325 1198 1382 περὶ
1221 1330 1440 1376 Σουανίας.
1497 1324 1519 1367 ὅ
1554 1327 1600 1368 δὲ
1626 1330 1750 1381 βασι-

299 1390 398 1440 λεὺς
434 1387 570 1433 εἶπεν·
607 1389 813 1446 ,,ὄπηνίκα
857 1390 985 1446 ἔγωγε
1023 1392 1346 1447 παρεστησάμην
1374 1394 1563 1443 Σκένδεις
1596 1407 1641 1434 τε
1677 1391 1752 1434 καί

299 1457 478 1512 Σάραπα
504 1455 578 1498 καί
594 1454 801 1511 Λαζικὴν,
831 1456 953 1509 ὑμεῖς
981 1450 1033 1497 οὔ
1065 1472 1174 1512 φατε
1202 1453 1270 1499 ὅτι
1295 1460 1522 1513 τηνικαῦτα
1541 1459 1749 1500 Σουανίαν

259 1522 344 1568 Βέν
386 1521 581 1576 ὖπηκόων
620 1519 752 1575 εἴχετε
798 1524 940 1580 μοίρᾳ.
995 1516 1170 1577 εὔδηλον
1216 1517 1292 1564 οὖν
1329 1524 1543 1575 ἐντεῦθεν,
1574 1523 1631 1572 ὥς
1671 1521 1802 1566 οὖκαο

298 1585 526 1641 ἐτύγχανον
554 1580 669 1635 ὄντες
706 1585 790 1628 ὖπό
821 1586 1010 1638 Λαζούς.
1066 1583 1096 1642 ἦ
1123 1586 1204 1644 γὰρ
1233 1584 1284 1645 ἂν
1312 1590 1386 1630 καί
1413 1585 1536 1631 αὐτοὶ
1561 1587 1635 1639 ξύν
1659 1593 1747 1638 τοῖς

298 1654 525 1710 κρατοῦσιν
561 1651 664 1708 ἡμῖν
701 1651 1039 1708 προεχώρησαν.”
1097 1651 1120 1695 ὅ
1165 1657 1336 1707 Πέτρος
1383 1652 1464 1710 ἔφη
1499 1651 1748 1708 οἷμοιβαδόν·

389 1755 422 1789 6.
448 1746 535 1788 τινα
552 1754 627 1794 -Η.,
652 1765 731 1789 τινι
757 1755 852 1798 vulg.
1011 1766 1060 1789 ιι.
1087 1752 1366 1798 καταπρόοιντο
1383 1754 1466 1808 xH.,
1507 1746 1601 1788 κατὰ
1647 1753 1738 1801 πρό-

390 1812 438 1842 ην
469 1802 518 1845 τῷ
544 1801 640 1846 vulg.
739 1813 791 1845 ¹9·
819 1800 878 1835 ὅτι
905 1800 1006 1835 deest
1030 1800 1121 1845 vulg.
1216 1812 1270 1837 αι.
1298 1797 1317 1843 ἦ
1344 1812 1422 1848 γαρ
1449 1798 1497 1836 ἂν
1519 1801 1588 1843 Ν.,
1618 1801 1640 1844 ἦ
1665 1799 1745 1849 γάρ

392 1844 438 1890 ἦν
454 1847 548 1892 vulg.
562 1873 572 1889 ‚
594 1849 804 1893 τοιγαροῦν
827 1848 870 1881 Η.
1611 1875 1616 1877 .

296 1928 369 1968 vit,
392 1925 675 1961 Alamundarum
699 1925 770 1961 hoc
793 1927 941 1968 fecisse,
975 1936 1055 1960 cum
1087 1926 1195 1960 rebus
1219 1925 1369 1960 Persicis
1394 1926 1543 1962 minime
1567 1925 1742 1963 studeret.

298 1973 528 2007 Conventum
552 1974 651 2007 enim
674 1974 767 2014 fuit,
791 1975 821 2007 si
847 1974 986 2007 bellum
1011 1978 1134 2007 contra
1166 1984 1232 2006 nos
1257 1974 1464 2014 moveritis,
1501 1979 1543 2007 ut
1564 1974 1741 2007 Alamun-

298 2019 378 2053 dari
406 2021 501 2053 ensis
526 2020 696 2054 adversus
724 2031 798 2054 rem
825 2021 1008 2064 publicam
1032 2020 1228 2053 Romanam
1253 2021 1457 2065 quiesceret
1487 2025 1524 2053 et
1558 2020 1603 2053 ab
1640 2021 1743 2059 omni

294 2066 431 2099 bellico
455 2077 566 2111 opere
592 2067 761 2100 immunis
789 2073 892 2101 esset.
950 2067 1049 2099 Haec
1082 2067 1192 2110 igitur
1216 2066 1341 2110 aliquo
1365 2071 1527 2111 tempore
1552 2065 1740 2104 durarunt.

298 2112 406 2145 Nunc
429 2123 514 2146 vero
549 2113 661 2147 frater
689 2118 791 2154 tuus,
829 2124 931 2148 meus
968 2112 1161 2152 dominus,
1195 2124 1216 2146 o
1241 2122 1328 2152 rex,
1353 2112 1563 2158 prudenter,
1597 2113 1741 2157 opinor,

244 2194 248 2197 ,
298 2158 339 2192 in
364 2159 524 2192 animum
546 2160 693 2194 induxit
726 2171 853 2201 suum,
899 2164 936 2193 et
961 2161 1030 2193 ait:
1064 2159 1101 2192 Si
1127 2169 1252 2203 pacem
1276 2158 1345 2193 ista
1380 2159 1452 2193 duo
1476 2169 1583 2204 regna
1610 2158 1740 2194 obser-2

296 2210 404 2244 vent,
447 2206 539 2251 quid
569 2206 662 2241 mihi
694 2218 802 2251 porro
835 2205 1018 2251 proderit,
1057 2204 1224 2238 subditos
1250 2210 1287 2238 et
1311 2216 1430 2238 servos
1458 2206 1642 2238 Persarum
1666 2207 1742 2240 sol·

296 2250 464 2292 licitare,
491 2257 531 2285 ut
556 2252 723 2286 dominos
747 2264 830 2286 suos
854 2252 1036 2297 prodant,
1064 2257 1102 2285 et
1124 2252 1315 2296 quicquam
1338 2251 1412 2285 illis
1437 2251 1581 2296 largiri,
1604 2258 1668 2286 aut
1690 2252 1739 2286 ab

297 2296 374 2329 illis
400 2299 563 2342 accipere
575 2300 610 2333 ?“
658 2299 719 2337 „Si
742 2305 826 2333 ante
849 2310 996 2343 pacem,
1029 2298 1218 2343 respondit
1240 2309 1325 2338 rex,
1347 2303 1473 2344 mutuo
1498 2299 1628 2332 missae
1653 2303 1740 2333 sunt

296 2342 499 2387 legationes
516 2370 526 2386 ,
553 2350 590 2378 et
611 2357 674 2379 vos
702 2347 855 2379 invicem
882 2346 987 2379 donis
1011 2346 1124 2378 amice
1152 2344 1335 2384 coluistis,
1372 2344 1539 2378 existimo
1564 2345 1738 2379 inviolata

298 2394 337 2422 et
360 2389 486 2423 illaesa
510 2402 722 2435 permanere
749 2391 905 2433 debere,
938 2403 1031 2437 quae
1059 2392 1156 2424 inter
1188 2402 1251 2424 vos
1275 2395 1358 2423 sunt
1381 2391 1481 2434 prius
1506 2393 1737 2430 constituta‚«

296 2434 363 2468 His
391 2436 502 2479 igitur
525 2449 597 2482 quo
631 2449 731 2470 suam
757 2439 913 2483 quisque
938 2449 1079 2471 causam
1104 2438 1149 2471 de
1177 2437 1309 2470 Ambro
1338 2441 1522 2478 tueretur,
1546 2449 1738 2482 argumen-

296 2481 347 2515 tis
371 2483 428 2514 usi
453 2488 560 2517 sunt:
602 2484 735 2517 deinde
767 2497 888 2518 rursus
924 2485 1020 2518 inter
1054 2495 1092 2517 se
1125 2484 1169 2517 de
1208 2483 1341 2516 Suania
1373 2484 1662 2526 contenderunt,
1698 2490 1737 2520 et

298 2538 363 2561 rex
389 2529 500 2562 dixit:
549 2530 661 2567 „Cum
689 2533 860 2575 occupavi
887 2531 1067 2571 Scendes‚
1093 2530 1225 2573 Serapa
1262 2533 1299 2561 et
1333 2529 1523 2571 Lazicam‚
1560 2537 1638 2564 tum
1664 2532 1736 2576 ipsi

297 2576 438 2619 negatis
464 2586 530 2610 nos
567 2576 738 2609 Suaniam
764 2588 911 2622 quoque
945 2577 1012 2611 suh
1037 2582 1160 2611 nostra
1185 2575 1325 2608 ditione
1351 2575 1535 2610 habuisse.
1583 2579 1635 2611 Ex
1661 2590 1734 2624 quo

297 2627 468 2665 apparet,
506 2633 584 2656 eam
609 2634 794 2668 nunquam
828 2624 1026 2656 subiectam
1051 2623 1163 2656 fuisse
1192 2622 1302 2654 Lazis.
1353 2621 1389 2655 Si
1417 2624 1510 2656 enim
1536 2623 1586 2656 ita
1612 2634 1648 2656 se
1677 2635 1733 2658 res

296 2666 509 2709 habuisset,
544 2679 616 2701 una
642 2680 720 2701 cum
747 2670 862 2710 Lazis,
900 2672 1037 2715 quippe
1061 2670 1124 2714 qui
1150 2669 1341 2711 imperium
1367 2669 1443 2702 cius
1469 2676 1657 2711 tenerent,
1692 2669 1733 2704 in

297 2719 456 2747 nost-ram
479 2719 696 2761 potestatem
724 2716 914 2752 venisset.“
972 2716 1097 2750 Petrus
1125 2719 1247 2748 contra
1282 2715 1490 2759 respondit:
1539 2716 1639 2756 „Hoc
1674 2715 1731 2750 fa—
