1924 3164
630 549 742 590 ΕΚ
801 550 1480 592 ΤΗΣΙΣΤΟΡΙΑΣ

382 653 992 712 MENANAPOY
1064 652 1755 710 ΠΡΟΤΙΚΤΟΡΟΣ

571 771 912 814 ΕΚΛΟΓΑΙ
975 771 1158 814 ΠΕΡι
1215 770 1550 842 ΓΝΩΜΩΝ.

763 972 866 1013 Ex
921 971 1376 1014 HISTORIA

334 1053 925 1138 MENANDRI
1004 1042 1788 1143 PROTECTORIS

570 1193 939 1236 EXCERPTA
979 1193 1068 1233 DE
1112 1193 1539 1234 SENTENTIIS.
1751 1211 1753 1214 ⁴

888 1412 1233 1448 ARGUMENTUM.

425 1521 685 1566 Fragmentum
707 1516 891 1566 prooemii
919 1519 983 1566 (ι).
1031 1517 1233 1566 Silzibulus
1269 1516 1449 1554 adversus
1480 1519 1720 1566 Epltthalitas
1751 1529 1790 1556 et

334 1571 479 1605 Avares
513 1568 645 1602 bellum
670 1575 782 1614 parat
816 1566 863 1612 (α.
897 1567 944 1612 3).
993 1563 1197 1599 Prudentia
1236 1566 1411 1612 Catulphi
1446 1568 1689 1613 Ephthalitae
1722 1567 1786 1613 (4).

335 1617 389 1650 De
418 1616 600 1650 victoriae
625 1614 905 1654 inconstantia,
931 1611 975 1647 de
998 1611 1170 1646 libertate
1198 1610 1371 1653 dicendi,
1399 1612 1442 1648 de
1468 1616 1588 1649 animi
1611 1623 1788 1649 constan-

336 1663 392 1697 tia
416 1661 452 1706 (5
467 1680 509 1687 —
530 1673 568 1695 10
588 1686 595 1693 .
643 1661 747 1695 Petri
769 1660 931 1695 Patricii
954 1658 1107 1694 uberior
1129 1658 1290 1693 historia
1313 1658 1357 1693 de
1384 1660 1571 1706 legatione
1595 1662 1711 1705 ipsius
1737 1659 1792 1694 ad

337 1709 533 1743 Chosroe'm
582 1706 748 1740 audatur
781 1706 867 1752 (ιι).
917 1708 1054 1741 Breves
1090 1706 1295 1740 sententiae
1321 1704 1365 1742 de
1391 1707 1647 1741 inconstantia
1659 1708 1789 1755 sortu-

335 1767 434 1795 nae,
460 1753 504 1789 de
527 1755 706 1801 periculis
730 1752 819 1787 belli
842 1753 993 1792 civilis,
1019 1751 1062 1786 de
1085 1750 1349 1799 providentiae
1377 1753 1571 1788 commodis
1586 1754 1645 1799 (ια
1660 1772 1696 1779 -
1713 1753 1785 1799 20).

334 1802 478 1835 Baiani
512 1799 741 1846 impudentia
780 1798 962 1834 adversus
993 1799 1178 1833 Romanos
1202 1797 1276 1843 (αι.
1303 1799 1374 1845 22).
1421 1802 1476 1835 De
1501 1799 1789 1835 maledicentiae

332 1846 566 1894 turpitudine
590 1847 676 1891 (23).
725 1845 931 1881 Menandri
951 1845 1177 1891 epigramma
1201 1847 1243 1880 in
1271 1846 1471 1881 Isaozitam
1508 1849 1686 1893 Magum,
1720 1847 1789 1891 qui
1844 1865 1846 1867 ·

332 1894 517 1943 adfidem
555 1894 804 1928 Christianam
835 1905 873 1927 se
907 1893 1096 1927 convertit
1119 1891 1208 1937 (24).
1255 1893 1440 1929 Isaozitae
1476 1893 1689 1928 constantia
1721 1894 1787 1926 in-

333 1951 393 1977 ter
425 1941 553 1976 mortis
586 1942 775 1975 cruciatus
809 1940 900 1987 (25).
946 1940 1138 1973 Sententia
1174 1938 1261 1986 (26).
1321 1941 1497 1987 Procopii
1529 1939 1658 1975 laudes
1697 1937 1786 1984 (27).

337 1990 473 2023 Variae
497 1988 704 2022 sententiae
726 1988 791 2032 (28
816 2008 864 2014 —
888 1985 957 2030 34).
1005 1986 1164 2020 Romani
1194 1998 1336 2031 poenas
1371 1988 1479 2021 luunt
1500 2000 1569 2034 pro
1594 1985 1785 2020 iniustitia

331 2034 514 2070 adversus
531 2034 687 2080 populos
712 2034 913 2080 vectigales
925 2032 1014 2078 (35).
1059 2033 1271 2068 Mauricius
1296 2034 1338 2068 in
1353 2034 1477 2068 Iberia
1502 2044 1575 2069 rem
1600 2033 1695 2067 male
1717 2043 1784 2077 ge-

331 2082 383 2116 rit
407 2083 480 2127 (36.
505 2082 575 2126 37).
628 2081 765 2115 Variae
795 2081 1000 2116 sententiae
1036 2080 1100 2120 (38
1125 2097 1167 2106 —
1197 2080 1268 2126 41).
1319 2080 1531 2115 Tachosdro
1554 2080 1668 2116 Persa
1690 2089 1783 2126 gra-

331 2130 432 2164 viter
456 2129 684 2165 vulneratur
705 2126 794 2174 (42).
841 2126 1053 2163 Mauricius
1080 2138 1104 2160 a
1127 2127 1250 2162 Persis
1271 2127 1442 2163 vincitur
1463 2126 1550 2174 (43).

204 2350 324 2388 n.353
448 2343 501 2389 α’.
556 2376 570 2389 .
598 2382 609 2395 .
641 2377 653 2390 .
680 2377 694 2390 .
723 2349 870 2399 λέξεως
897 2345 1065 2401 εὐγενεῖ
1091 2340 1193 2388 ὅσον
1220 2346 1272 2401 τῇ
1296 2345 1378 2386 τῶν
1393 2341 1652 2399 πραγμάτων
1670 2340 1784 2397 α’φη-

156 2397 242 2436 ῦοά·
259 2400 454 2469 3ίμγῆσει
482 2416 754 2468 καρποῦσθαι
781 2409 1031 2468 θαρῥήσας·
1068 2413 1156 2460 πῶς
1182 2408 1263 2466 γάρ
1302 2405 1432 2452 οἷόντε
1461 2401 1512 2462 ἦν
1543 2407 1617 2459 ἐμὲ
1645 2407 1688 2454 ἐς
1714 2420 1782 2447 το-

336 2480 487 2522 σοῦτον
529 2480 716 2535 ἀφῖχθαι
754 2478 971 2531 παιδείας,
1012 2474 1070 2526 ὦς
1106 2475 1180 2518 καὶ
1216 2476 1260 2526 ἐς
1286 2473 1333 2516 τὸ
1361 2470 1620 2529 συγγράφειν
1649 2472 1779 2523 ἰέναι,-

429 2580 457 2603 ι.
483 2568 624 2614 λέξεως]
658 2566 706 2601 015
734 2568 918 2603 τοσοῦτον
951 2565 1002 2612 τῷ
1034 2565 1097 2609 τῆς
1130 2566 1259 2605 λέξεως
1283 2563 1326 2601 Ν.

446 2692 473 2713 1.
523 2650 795 2726 Nquaquam
819 2688 962 2714 tantum
982 2675 1198 2713 elocutionis
1224 2674 1420 2709 nobilitate
1437 2700 1445 2714 ‚
1474 2678 1649 2720 quantum
1670 2672 1777 2706 rebus

328 2726 518 2762 narrandis
544 2737 600 2761 me
628 2731 905 2762 consecuturum
931 2736 1007 2760 csse
1036 2725 1186 2771 speravi.
1235 2722 1326 2757 Nam
1363 2721 1428 2768 qui
1453 2721 1531 2757 fieri
1559 2724 1704 2766 potest,
1737 2722 1779 2751 ut
