1924 3164
598 171 632 209 E
669 168 841 210 Pmsm
881 164 1152 208 fflsmmA.
1489 145 1599 207 203

152 273 226 314 καί
250 273 323 314 ε’πί
346 270 392 313 τὸ
423 273 586 313 δεῖπνον
613 273 838 325 κληθέντες
865 268 1187 324 παρεγενόμεθα
1215 265 1336 321 ἥμεῖς
1372 281 1417 309 τε
1445 267 1522 308 καί
1560 264 1601 307 οἶ
1610 273 1651 308 A.
1666 272 1788 318 0448

152 335 234 380 dud
262 341 347 380 τῶν
372 335 578 392 ἑσπερίων
598 337 828 390 εΡωμαίων
855 338 1074 392 πρέσβεις,
1119 332 1293 389 ἔστημεν
1319 331 1393 375 ἐπὶ
1417 334 1498 374 τοῦ
1525 332 1598 374 οὔ-
1609 321 1740 402 ,¹11¹ssng
1753 366 1794 412 4¹

1566 396 1575 410 ,
1741 391 1750 400 .

151 404 231 445 δοῦ
259 405 383 447 ἀντία
414 402 609 458 Ἇττήλα.
672 401 747 444 καὶ
773 401 924 453 κύλικα
953 400 992 443 οἱ
1017 401 1200 454 οἰνοχόοι
1226 397 1330 442 κατὰ
1361 397 1410 441 τό
1440 400 1633 452 &mxcv-B

152 486 246 525 ριον
272 471 479 512 ἐπέδοσαν
502 469 615 523 ἔθος,
635 466 693 518 ὥς
714 468 790 509 καὶ
814 468 931 523 ἡμᾶς
957 465 1039 523 πρὸ
1068 468 1143 522 τῆς
1169 467 1300 522 ἕδρας
1325 463 1602 517 ἐπεύξασθαι,

125 531 208 578 5οὖ
236 535 287 592 δὴ
316 538 569 591 γενομένου,
609 537 683 591 τῆς
710 532 878 584 κύλικος
907 532 1240 588 ἀπογευσάμενοι
1267 531 1340 575 ἐπὶ
1365 529 1468 581 τούς
1495 533 1605 587 θρό-

149 619 249 652 νους
275 597 462 658 ἤλθομεν
471 635 485 655 ,
525 595 575 644 οὗ
601 599 691 643 ἔδει
734 601 1022 649 καθεσθέντας
1061 600 1254 641 δειπνεῖν.
1308 595 1416 654 πρός
1444 599 1491 640 δὲ
1517 603 1605 647 τοῖς

148 669 306 722 τοίχοις
333 669 410 710 τοῦ
439 664 662 722 οἰκήματος
689 666 839 715 πάντες
866 663 1059 720 ὗπῆρχον
1087 663 1126 706 οῖ
1155 665 1304 720 δίφροι
1331 666 1377 716 ἐξ
1402 661 1604 719 ἑκατέρας

149 734 360 790 πλευρᾶς.
401 733 447 775 ἐν
471 733 694 791 μεσωτάτῳ
725 734 772 774 δὲ
796 726 900 787 ἧστο
928 729 1000 773 ἐπὶ
1024 731 1165 785 κλίνης
1193 729 1216 771 ὅ
1247 728 1453 785 Ἀττήλας
1470 764 1483 783 ,
1511 728 1605 772 ἑτέ-

149 816 228 855 ρας
255 799 477 849 ἐξόπισθεν
504 801 644 854 κλίνης
671 797 950 854 ὑπαρχούσης
977 793 1117 854 αὐτῷ,
1143 799 1240 849 μεθ’
1268 793 1321 851 ἢν
1348 797 1520 850 βαθμοί
1539 810 1604 837 τι·

98 876 217 914 Ιονες
243 866 316 907 ἐπὶ
341 863 417 921 τήν
443 862 575 907 αὐτοῦ
609 866 758 920 α’νῆγον
785 862 932 919 εὔνήν,
970 864 1283 917 καλυπτομένην
1322 860 1494 911 ὀθόναις
1531 863 1606 904 καὶ

146 932 350 980 ποικίλοις
385 929 742 987 παραπετάσμασι
780 929 936 983 κόσμου
974 928 1133 985 χάριν,
1177 927 1371 984 καθάπερ
1412 927 1485 971 ἐπὶ
1518 930 1602 970 τῶν

145 995 394 1051 γαμούντων
424 996 618 1052 Ἕλληνές
655 1013 702 1039 τε
735 996 810 1038 καὶ
841 996 1053 1049 ιΡωμαῖοι
1095 993 1471 1046 κατασκευάζουσι.
1527 992 1604 1036 καὶ

145 1062 316 1118 πρώτην
353 1066 432 1115 μὲν
470 1061 659 1116 ἐνόμιζον
697 1065 782 1104 τῶν
823 1060 1106 1104 δειπνούντων
1147 1060 1264 1110 τάξιν
1304 1058 1382 1114 τὴν
1410 1061 1455 1102 ἐν
1485 1060 1640 1117 δεξιᾷῦ

145 1129 223 1170 τοῦ
246 1129 423 1184 'Arnim
437 1163 451 1182 ,
480 1130 679 1185 δευτέραν
706 1131 754 1171 δὲ
783 1127 860 1183 τήν
888 1124 1108 1180 εὖώνυμον
1125 1160 1138 1179 ,
1179 1128 1225 1168 ἐν
1259 1120 1288 1182 ᾗ
1315 1122 1705 1183 ἒτυγχάνομενν.45

94 1187 286 1248 Ιόὅντες,
314 1196 676 1251 προκαθεσθέντος
703 1195 824 1249 ἡμῶν
851 1193 1055 1250 Βερίχου,
1084 1190 1202 1248 παρὰ
1229 1190 1417 1240 Σκύθαις
1455 1185 1506 1231 εὖ
1533 1206 1602 1244 γε..

144 1257 310 1314 γονότος
341 1257 520 1316 άνδρός·
555 1259 577 1302 ὅ
605 1260 687 1317 γάρ
713 1260 956 1315 Ὀνηγήσιος
983 1261 1055 1300 ἐπὶ
1082 1259 1239 1314 δίφρου
1274 1251 1376 1311 ἧστο
1415 1258 1461 1299 ἐν
1488 1258 1602 1314 δεξιᾷ

144 1326 219 1380 τῆς
245 1328 322 1368 τοῦ
348 1326 556 1380 βασιλέως
582 1328 736 1381 κλίνης.
792 1322 963 1380 ἆντικρύ
988 1326 1036 1367 δὲ
1062 1326 1138 1366 τοῦ
1160 1322 1406 1377 Ὀνηγησίου
1436 1323 1510 1364 ἐπὶ
1536 1323 1601 1364 δι’-

145 1407 258 1448 φρου
286 1393 531 1443 ἐκαθέζοντο
556 1391 631 1434 δύο
658 1395 743 1434 τῶν
767 1392 946 1448 Ἀιτήλα
973 1391 1163 1433 παίδων*
1207 1388 1228 1431 ὃ
1259 1387 1341 1445 γάρ
1371 1388 1602 1444 πρεσβύτε-

144 1473 218 1511 ρος
245 1457 317 1500 ἐπὶ
342 1460 416 1514 τῆς
444 1460 605 1501 ἐκείνου
634 1454 738 1513 ἧστο
766 1460 924 1514 κλίνης,
958 1459 1034 1499 ov'x
1063 1453 1202 1511 ἐγγύς,
1232 1451 1322 1496 ἄλλ’
1349 1455 1413 1497 ἐπ’
1445 1449 1595 1510 ἄκρου,
1638 1450 1645 1457 ’

88 1525 265 1566 2οαἰδοῖ
283 1527 360 1566 τοῦ
381 1521 542 1581 πατρὸς
568 1524 734 1579 βλέπων
761 1527 806 1574 ἐς
843 1526 932 1580 γῆν.
990 1523 1157 1566 πάντων
1197 1522 1244 1564 δὲ
1271 1523 1318 1564 ἐν
1346 1519 1489 1579 κόσμῳ
1515 1537 1593 1562 κα-

142 1589 387 1645 θεστώτων,
426 1590 652 1647 παρελθών
685 1589 873 1646 οἰνοχόος
909 1592 968 1649 τῷ
1006 1587 1183 1647 Ἀττήλᾳ
1223 1586 1337 1630 οἴνου
1375 1586 1595 1641 κισσύβιον

1577 1650 1595 1665 ξ

141 1656 380 1698 ἐπιδίδωσι.
437 1654 658 1711 δεξάμενος
686 1658 734 1699 δὲ
759 1656 832 1699 τὸν
857 1659 907 1715 τῇ
933 1655 1050 1708 τάξει
1087 1657 1256 1713 πρῶτον
1292 1651 1514 1710 ἠσπάζετο.
1570 1669 1592 1694 ο

247 1758 281 1791 3.
303 1755 439 1790 κύλικα
462 1757 506 1793 Η.
521 1784 531 1799 ,
554 1757 719 1792 ἐπῦλικα
742 1759 838 1805 vulg.

142 1846 219 1881 culi
243 1858 362 1881 coram
372 1847 494 1881 Attila.
542 1848 612 1881 Hic
623 1849 839 1892 pincernae,
865 1853 907 1882 ut
930 1860 1007 1883 mos
1033 1854 1089 1884 est
1111 1850 1151 1883 in
1174 1849 1252 1882 illis
1275 1846 1509 1893 regionibus,
1533 1857 1594 1879 ca-

141 1894 250 1927 licem
274 1893 525 1934 tradiderunt‚
563 1899 606 1927 ut
628 1900 713 1927 ante
739 1895 946 1929 accubitum
986 1901 1069 1930 vota
1095 1896 1306 1929 faceremus.
1367 1894 1451 1938 Quo
1477 1892 1594 1933 facto,

142 1945 181 1974 et
204 1941 316 1973 calice
341 1940 552 1986 degustato,
577 1942 654 1985 ipsa
679 1942 785 1980 solia,
810 1942 850 1974 in
876 1942 1011 1987 quibus
1036 1952 1103 1974 nos
1127 1940 1296 1975 sedentes
1309 1951 1463 1973 coenare
1487 1951 1598 1984 opor-

141 1987 255 2028 tebat,
281 1987 518 2021 ascendimus.
561 1988 693 2021 Omnia
717 1987 847 2021 sedilia
867 1990 962 2022 circa
984 1989 1143 2034 parietes
1168 1986 1330 2020 cubiculi
1357 1986 1403 2019 ab
1439 1991 1593 2031 utraque

139 2040 244 2078 parte
270 2034 447 2079 disposita
470 2040 592 2069 erant:
619 2034 761 2068 medius
787 2035 826 2067 in
851 2036 947 2068 lecto
974 2035 1127 2069 sedebat
1137 2034 1290 2074 Attilas,
1316 2034 1431 2067 altero
1455 2033 1550 2067 lecto
1569 2044 1591 2065 a

139 2085 242 2126 tergo
267 2086 399 2122 strato,
434 2093 530 2126 pone
557 2093 665 2127 quem
691 2086 795 2115 erant
818 2081 967 2126 quidam
992 2082 1146 2127 gradus,
1179 2081 1244 2126 qui
1278 2079 1326 2115 ad
1357 2081 1436 2114 eius
1467 2080 1592 2114 cubile

141 2127 328 2169 ferebant,
352 2129 478 2162 linteis
503 2128 669 2162 candidis
703 2135 741 2162 et
763 2129 873 2162 variis
904 2129 1092 2174 tapetibus
1134 2133 1283 2162 ornatus
1315 2127 1429 2173 gratia
1461 2132 1592 2161 conteq
1627 2142 1632 2148 ·

141 2179 253 2216 ctum,
277 2175 396 2208 simile
420 2174 620 2217 cubilibus,
646 2186 740 2220 quae
755 2175 907 2210 Romani
931 2182 969 2210 et
986 2175 1115 2209 Graeci
1151 2168 1381 2208 nubentibus'
1409 2173 1590 2208 adornare

139 2231 206 2264 pro
231 2231 332 2254 more
354 2221 504 2255 habent.
554 2222 598 2255 Et
621 2223 780 2266 primum
804 2222 954 2268 quidem
978 2223 1208 2256 convivarum
1231 2221 1351 2255 locum
1374 2221 1452 2254 eius
1476 2220 1593 2255 habe-

139 2266 243 2308 bant,
269 2270 334 2314 qui
361 2268 406 2302 ad
416 2269 553 2303 Attilae
575 2269 738 2303 dextram
762 2268 1136 2310 sedebat,secundum
1156 2269 1249 2309 eius,
1273 2269 1337 2315 qui
1361 2267 1409 2301 ad
1432 2268 1590 2302 laevam:

139 2313 181 2346 in
203 2325 276 2359 quo
297 2326 364 2349 nos
382 2321 419 2349 et
431 2316 603 2349 Berichus
616 2342 625 2357 ‚
647 2317 703 2349 vir
728 2315 826 2361 apud
845 2316 994 2360 Scythas
1020 2316 1176 2357 nobilis,
1200 2314 1265 2349 sed
1284 2314 1456 2350 Berichus
1479 2326 1592 2359 supe-

140 2361 236 2393 riore
260 2361 351 2395 loco.
399 2362 491 2395 Nam
508 2363 709 2408 Onegesius
733 2365 774 2397 in
797 2363 887 2396 sella
912 2362 958 2396 ad
981 2363 1142 2398 dextram
1165 2363 1257 2407 regii
1279 2362 1398 2402 thori,
1423 2367 1461 2396 et
1484 2372 1504 2394 e
1529 2373 1590 2396 re-

141 2408 249 2452 gione
262 2407 430 2454 Onegesii
445 2409 518 2442 duo
536 2421 581 2444 ex
593 2411 729 2444 Attilae
753 2410 838 2444 filiis
867 2409 1054 2444 sedebant.
1104 2410 1234 2444 Senior
1257 2409 1354 2444 enim
1378 2410 1419 2443 in
1446 2409 1589 2448 eodem,

141 2464 215 2499 quo
242 2459 358 2498 pater,
383 2456 527 2496 throno,
552 2468 626 2490 non
649 2468 782 2502 prope,
806 2457 871 2491 sed
893 2457 1048 2491 multum
1071 2457 1166 2491 infra
1191 2456 1447 2496 accumbebat,
1471 2456 1588 2489 oculis

137 2510 224 2545 prae
262 2500 399 2544 pudore
431 2509 580 2548 propter
604 2507 717 2548 patris
741 2505 982 2548 praesentiam
1011 2514 1154 2549 semper
1179 2504 1219 2538 in
1242 2508 1375 2538 terram
1399 2503 1588 2537 coniectis.

139 2547 321 2580 Omnibus
345 2549 473 2582 ordine
500 2550 732 2591 sedentibus,
770 2552 835 2597 qui
854 2551 991 2585 Attilae
1019 2556 1099 2585 erat
1133 2562 1155 2584 a
1189 2551 1333 2596 poculis
1376 2549 1586 2594 ingrediens

138 2597 301 2637 pateram
323 2595 400 2628 vini
425 2596 548 2631 tradit.
596 2597 699 2631 Hanc
722 2597 788 2630 ubi
812 2598 994 2642 suscepit,
1019 2598 1226 2643 proximum
1249 2597 1378 2631 ordine
1403 2596 1586 2636 salutavit,

140 2640 205 2684 qui
231 2640 449 2676 salutatione
472 2643 672 2678 honoratus
698 2646 873 2686 surrexit,
896 2655 1018 2691 neque
1040 2646 1142 2690 prius
1166 2656 1250 2678 eum
1275 2644 1402 2678 sedere
1428 2645 1481 2677 sas
1498 2647 1586 2682 erat,

139 2696 250 2730 quam
273 2697 411 2720 merum
437 2689 640 2734 degustans,
663 2697 727 2724 aut
750 2693 858 2725 ctiam
883 2691 1048 2733 ebibens,
1074 2691 1246 2737 poculum
1269 2690 1476 2737 pocillatori
1498 2689 1586 2722 red-

139 2731 252 2768 deret.
301 2734 452 2770 Sedenti
475 2743 595 2772 autem
609 2738 744 2773 Attilae
771 2738 900 2773 eodem
923 2738 1056 2782 modo,
1080 2749 1147 2785 qm
1171 2738 1337 2775 convivio
1363 2738 1581 2777 intererant,
1673 2724 1689 2744 ⁹
