1924 3164
634 154 703 194 Ex
741 151 960 196 EUNAPn
996 154 1267 197 fflsromA.
1597 137 1672 210 69

314 254 405 309 -ιη’.
449 249 540 297 ’Ότι
580 251 687 296 ἔοικε
722 253 770 295 τὸ
816 254 1081 311 α’νθροόπινον
1121 254 1194 297 καί
1219 250 1356 304 ἄλλως
1381 256 1586 312 ἐπίφορον
1613 252 1769 302 εἶ-Εοὰ
1791 277 1847 311 ¹7¹

229 336 302 363 vm
344 318 418 362 καί
454 317 648 368 κάταντες
686 317 793 375 πρὸς
835 320 886 362 τό
930 321 1166 375 βάσκανον.
1236 318 1311 362 καί
1348 318 1389 362 οἱ
1417 323 1672 377 στρατιῶται

230 385 306 427 οῦκ
347 382 512 440 ἔχοντες
549 381 662 434 ὅπως
698 384 926 428 ἐπαινῶσιν
955 386 1080 437 ἄξι’ως
1117 383 1169 427 τὰ
1195 385 1462 443 πραττόμενα
1478 419 1490 440 ,
1540 386 1674 442 „toric

230 450 454 505 ·Αχαιούς”
498 466 630 507 φασιν
665 482 693 503 ,,
732 448 894 506 ἔκρινον
922 450 1005 493 «ind
1046 453 1122 493 τοῦ
1147 450 1310 508 πύργου
1323 454 1366 504 ,”
1403 451 1674 507 στρατηγικός

205 528 293 570 5τις
329 516 404 558 καί
459 513 650 572 περιττός
696 517 756 565 εἷς
803 517 1008 572 φρόνησιν
1052 518 1221 567 ἕκαστος
1268 513 1376 560 εἶναι
1415 515 1676 571 βουλόμενοι.

230 580 306 623 καί
336 587 422 631 τοῖς
459 583 537 635 μὲν
563 579 644 636 ὕλη
672 597 736 630 τις
775 582 886 637 ὑπῆν
915 585 1150 639 φλυαρίας·
1207 582 1306 625 ὧδὲ
1331 584 1413 625 τῶν
1454 584 1499 633 ἔξ
1539 579 1676 640 ἆρχῆς

231 645 424 701 ἐχόμενος
451 649 658 700 λογισμῶν
686 648 756 689 ἐπὶ
781 646 859 702 τήν
886 647 1042 690 οἰκείαν
1070 648 1338 705 ἀνέστρεφεν.

341 711 412 754 ιθ’.
467 708 627 768 ’Ὠσπερ
664 715 711 755 δὲ
747 715 794 756 ἒν
840 714 1008 772 πολέμῳ
1047 715 1122 756 καί
1156 713 1368 757 τοσούτων
1407 716 1677 769 ἐπικειμένων

231 773 430 834 ἄρχοντος
478 776 675 832 δεόμενον
715 776 763 821 τὸ
791 777 1075 835 στρατόπεδον
1113 778 1188 835 τῆν
1217 781 1379 836 αἵρεσιν
1405 779 1677 837 περιεσκόπει.

182 847 309 892 ιοκαί
335 842 525 900 καθάπερ
554 845 736 901 ιάτρικοί
760 861 870 901 φασι
911 842 1159 888 καταδότων
1200 847 1434 900 γενομένων
1463 847 1578 888 δυεῖν
1605 846 1681 887 ἆλ-

232 911 431 966 γημάτων
471 908 518 952 τὸ
549 908 719 953 ἔλαττον
746 909 828 952 ὑπὸ
866 913 948 952 τοῦ
989 912 1276 968 σφοδροτέρου
1319 909 1525 964 λόεσθαι,
1569 907 1679 953 οὕτω

231 978 306 1018 καί
329 974 422 1018 τότε
450 979 629 1032 θεωρεῖν
658 978 766 1031 ἐξῆν,
799 976 858 1025 ὥς
883 975 963 1031 τήν
991 975 1208 1032 ὑπεροχὴν
1234 977 1311 1019 τοῦ
1337 976 1444 1019 κατὰ
1469 975 1537 1019 τὸν
1554 979 1680 1030 βασι-

230 1041 307 1083 aba
334 1039 500 1090 πάθους
528 1040 553 1082 ὅ
581 1043 653 1084 τοῦ
679 1042 861 1096 πολέμου
891 1039 1023 1098 φόβος
1050 1040 1167 1098 παρὰ
1205 1041 1338 1092 πόδας
1376 1041 1505 1091 ἑστώς
1548 1050 1678 1083 κάτα-

231 1109 450 1162 μαραίνων
477 1105 760 1162 ἀπήμβλυνεν.
787 1107 832 1149 τὸ
852 1109 932 1161 μὲν
948 1106 1028 1162 γὰρ
1052 1109 1319 1162 γεγενημένον
1335 1104 1389 1162 ἦν
1410 1106 1604 1163 φανερόν,
1629 1106 1675 1149 τό

182 1173 281 1221 ιόδὲ
309 1167 420 1222 ὅπως
447 1170 607 1224 εἴκαζεν
635 1168 760 1221 ἄλλος
790 1167 939 1225 ἄλλως,
967 1173 1170 1228 ἠπίστατο
1199 1173 1246 1214 δὲ
1274 1169 1374 1214 οῦδὲ
1402 1169 1475 1221 εἷς.
1502 1170 1608 1227 πλὴν
1635 1174 1680 1214 ἓν

231 1237 356 1280 τοῦτό
385 1253 430 1293 γε
455 1232 625 1294 ᾔδεσαν,
657 1238 716 1287 ὥς
744 1236 960 1294 αἱρεῖσθαι
987 1238 1171 1292 προσῆκέ
1198 1252 1344 1292 σφισιν
1371 1232 1596 1292 ἄρχοντας.
1627 1239 1682 1286 ,εἰ

232 1305 280 1345 δὲ
303 1301 376 1345 καὶ
418 1303 578 1358 πλῆθος
602 1297 712 1358 ἦσαν
722 1336 736 1356 ,
762 1305 888 1345 τοῦτο
930 1304 1033 1357 γοῦν
1060 1298 1285 1357 ἠπίσταντο
1316 1303 1478 1357 σαφῶς,
1508 1297 1574 1343 ὅτι
1602 1296 1682 1356 ἆρ-

227 1384 376 1423 χοντος
410 1370 488 1423 μὲν
515 1364 820 1432 εὖπορήσουσιδ
848 1370 1035 1411 τοιοῦτον
1062 1369 1110 1409 δὲ
1138 1363 1239 1409 οὐδὲ
1267 1368 1308 1409 εἰ
1332 1365 1548 1416 *πλαστὸς
1575 1364 1678 1416 θεὸς

229 1431 497 1490 εὑρήσουσιν.
525 1430 572 1484 ὃς
598 1450 644 1490 γε
666 1434 738 1477 διὰ
765 1432 934 1491 φῧσεως
964 1433 1156 1485 ἐξουσίαν
1183 1435 1257 1475 καί
1277 1430 1325 1474 τό
1356 1429 1811 1489 ἰσομέγεθεςτῷἰῖιαδπ

178 1519 204 1546 b,

206 1499 335 1557 οθείῳ
365 1496 528 1555 ἇγωγῆς
555 1516 600 1543 τε
629 1502 810 1556 α’νάγκην
837 1498 1054 1543 ε’παόσατο
1098 1497 1204 1556 πρὸς
1229 1496 1277 1541 τό
1301 1503 1447 1554 χεῖρον
1469 1500 1685 1550 ἕλκουσαν,

232 1568 307 1625 καί
344 1567 392 1608 ἐκ
428 1567 638 1610 τοσούτων
675 1562 902 1622 ἇνενεγκών
940 1565 1132 1621 κυμάτων
1181 1561 1360 1621 οὗρανόν
1399 1580 1445 1606 τε
1488 1560 1572 1606 εἶδε
1612 1562 1689 1606 καὶ

328 1690 356 1714 ι.
385 1678 573 1725 ἔπιφέρον
607 1679 663 1713 ed.
833 1679 865 1724 4.
888 1680 1029 1726 -φασὶν
1052 1679 1118 1720 Ν.,
1142 1678 1239 1724 φησὶ
1263 1678 1320 1712 ed.
1436 1685 1489 1710 ro.
1517 1659 1685 1709 καταδύ-

325 1726 413 1773 των]
441 1725 659 1768 καταδήλων
692 1725 737 1763 N.
831 1738 885 1761 ao.
914 1726 1055 1760 ἔπαυσε
1078 1737 1106 1760 s.
1131 1724 1307 1770 ἐβιάσατο
1333 1723 1427 1757 coni.
1454 1723 1492 1755 Β.

330 1817 383 1851 18.
433 1814 657 1860 Ceteroquin
680 1813 828 1849 videtur
857 1815 1012 1848 humana
1044 1820 1173 1848 natura
1210 1813 1258 1846 ad
1292 1812 1467 1847 invidiam
1497 1821 1679 1855 propensa

233 1865 343 1907 atque
366 1861 547 1906 proclivis.
571 1881 620 1887 —-
646 1860 786 1895 Milites
811 1872 923 1907 quum
947 1872 1012 1905 pro
1035 1861 1174 1893 meritis
1203 1871 1258 1892 res
1283 1863 1398 1903 gestas
1422 1857 1573 1891 laudare
1603 1867 1679 1890 non

231 1913 405 1953 possent:
431 1906 636 1947 ,‚Achae0s,
661 1906 811 1947 dicunt,
837 1905 882 1940 de
911 1907 1002 1939 turri
1028 1905 1275 1946 iudicabant;“
1309 1915 1422 1950 quum
1455 1915 1496 1936 se
1523 1903 1679 1948 quisque

231 1955 467 1999 imperatoria
495 1953 647 1987 scientia
671 1953 875 1998 praeditum
897 1952 1164 1997 prudentiaque
1187 1955 1429 1996 praestantem
1451 1949 1578 1983 haberi
1603 1949 1680 1982 vel-

231 2000 482 2045 let—Atque
500 1999 558 2033 his
590 1999 735 2045 quidem
761 1999 910 2032 materia
935 1997 1094 2042 nugandi
1128 1997 1295 2041 suberat3
1324 1997 1387 2028 ille
1415 2002 1534 2029 autem
1553 2006 1677 2028 susce-

232 2052 380 2093 ptorum
405 2047 513 2081 initio
538 2046 773 2080 consiliorum
790 2050 899 2078 tenax
915 2045 954 2078 in
977 2046 1162 2088 regionem
1182 2043 1368 2089 propriam
1383 2041 1642 2075 revertebatur.

330 2106 380 2139 ¹9·
427 2093 567 2127 Bellum
601 2093 738 2138 quippe
773 2102 897 2137 gerens
929 2089 1319 2137 tantisque‘periculis
1354 2090 1605 2122 circumsessus
1630 2087 1678 2120 de

231 2140 420 2187 eligendo,
445 2151 518 2186 quo
544 2138 711 2179 carebat,
738 2137 828 2172 duce
852 2137 1028 2171 exercitus
1053 2136 1244 2182 cogitabat.
1291 2135 1342 2169 Ac
1373 2133 1677 2180 quemadmodum

232 2187 366 2221 medici
391 2187 508 2228 aiunt,
539 2186 570 2219 si
591 2185 737 2231 quando
761 2184 895 2230 gemini
921 2183 1063 2217 dolores
1087 2183 1275 2228 ingruant,
1302 2181 1348 2214 ab
1384 2182 1523 2214 acriore
1557 2181 1678 2214 mino-

234 2245 310 2268 rem
334 2233 444 2274 solvi,
471 2234 522 2266 sic
544 2243 588 2266 eo
611 2238 774 2276 tempore
798 2241 945 2264 cernere
969 2234 1046 2263 erat
1076 2240 1251 2264 summum
1287 2227 1409 2260 amissi
1449 2228 1542 2272 regis
1574 2238 1678 2260 moe-

233 2291 351 2315 rorem
376 2278 421 2312 ab
446 2279 682 2324 impendente
705 2278 797 2312 belli
821 2283 956 2310 terrore
980 2275 1172 2310 infractum
1187 2281 1298 2321 atque
1314 2273 1556 2307 debilitatum.
1582 2272 1675 2306 Nam

286 2326 334 2360 od
358 2327 504 2373 quidem
528 2325 726 2365 acciderat,
752 2324 890 2358 nemini
913 2334 989 2356 non
1012 2328 1088 2356 erat
1111 2322 1282 2366 planum3
1324 2331 1480 2366 quanam
1504 2330 1597 2354 vero>
1614 2331 1675 2352 ra-

232 2378 336 2407 tione
372 2372 413 2406 id
445 2377 540 2406 esset
569 2376 770 2417 patratum,
802 2370 866 2404 alii
898 2370 1004 2402 aliter
1039 2367 1315 2409 coniectabant,
1350 2366 1416 2399 sed
1441 2378 1548 2400 nemo
1575 2371 1673 2399 certo

233 2419 394 2462 sciebat3
430 2429 550 2465 neque
583 2418 684 2451 aliud
716 2417 884 2462 cuiquam
926 2415 1148 2461 exploratum
1172 2420 1250 2449 erat
1268 2439 1278 2455 ,
1309 2413 1381 2446 nisi
1419 2413 1519 2457 quod
1546 2411 1675 2445 ducem

234 2466 367 2511 eligere
397 2476 540 2510 prorsus
565 2464 767 2509 oportebat.
814 2465 889 2496 Iam
914 2462 982 2496 etsi
1005 2461 1160 2507 vulgaris
1184 2461 1292 2494 turba
1327 2464 1450 2500 erant,
1487 2458 1526 2492 id
1550 2463 1674 2491 tamen

234 2522 343 2545 nemo
367 2523 442 2545 non
468 2510 642 2552 videbat,
667 2511 767 2545 ducis
787 2508 935 2554 quidem
963 2509 1103 2552 copiam
1127 2519 1203 2541 non
1227 2506 1431 2541 defuturam
1446 2529 1458 2546 ‚
1493 2504 1557 2539 sed
1581 2504 1675 2537 Iuli-

235 2568 306 2591 ano
332 2568 477 2603 parem,
500 2569 548 2592 ne
571 2557 602 2590 si
629 2557 718 2592 deus
742 2555 890 2601 quidem
913 2555 1045 2600 aliquis
1074 2558 1349 2599 procrearetur,
1379 2552 1566 2585 inventum
1598 2561 1674 2583 non

235 2605 304 2638 iri:
329 2605 392 2649 qui
411 2609 562 2638 naturae
586 2615 670 2637 suae
692 2602 911 2649 praestantia
935 2612 977 2634 ae
1002 2600 1126 2635 divina
1152 2598 1402 2646 magnitudine
1434 2598 1531 2632 vitae
1565 2596 1675 2629 huius

235 2651 508 2691 necessitatem,
536 2661 629 2696 quae
655 2651 694 2683 in
715 2649 874 2683 deterius
899 2659 1002 2681 ruere
1026 2648 1139 2688 solet,
1166 2646 1343 2692 pervicit3
1373 2654 1483 2690 seque
1518 2646 1573 2677 tot
1604 2642 1675 2675 flu-

239 2697 356 2731 ctibu·
385 2697 504 2743 ipsum
537 2707 742 2743 emergens,
775 2695 915 2728 coelum
950 2693 1190 2739 introspexit,
1229 2693 1397 2738 bonaque
1433 2689 1487 2723 ibi
1522 2689 1674 2723 latentia
