1924 3164
589 165 659 207 Ex
695 163 913 208 EUNAPn
951 163 1224 208 ms'romA.
1547 145 1621 202 8⁴5

183 269 428 322 συλλέγουσι
444 297 454 308 .
511 266 586 310 καὶ.
614 267 961 321 συλλογισάμενοι
995 265 1042 310 τὸ
1069 267 1223 311 δεινὸν
1251 263 1293 309 οἱ
1325 265 1534 322 βάρβαροι
1557 263 1630 308 ἒπὶ
1638 272 1678 307 A..
1692 272 1728 305 C.
1740 273 1809 308 388

181 331 228 376 τὸ
261 332 440 388 σύνηθες
487 329 724 389 ἆνέδραμον
766 333 986 390 σόφισμα,
1045 335 1119 375 καί
1160 333 1392 375 κατέδυσαν
1437 330 1510 373 ἐπὶ
1550 318 1818 403 τὰςὲἶΐὼΛο

175 397 479 448 Μακεδονικὰς
507 402 669 452 λίμνας.
724 400 799 441 καί
840 400 1060 455 συμφανές
1090 415 1138 455 γε
1179 396 1315 441 ἅπασι
1348 398 1538 453 κατέστη,
1569 414 1627 447 ως

178 463 209 527 ’ἦ
240 465 462 517 Ῥωμαίων
496 465 690 518 βασιλεία
707 497 722 517 ,
761 462 926 521 τρυφήν
958 466 1037 519 μὲν
1080 465 1316 521 ἀρνουμένη
1365 461 1549 516 πόλεμον
1579 464 1627 504 δὲ

152 527 434 585 ὄαῖρουμένη,
477 529 601 572 οῦδὲν
629 529 784 587 οἷφιήσι
825 530 898 585 τῆς
930 533 1005 586 γῆς
1046 529 1220 586 α’νήκοον
1253 528 1327 573 καὶ
1361 526 1628 572 ἆδούλωτον.

179 591 287 638 ἀλλὰ
316 593 450 638 δεινόν
473 597 521 650 γέ
546 611 588 637 τι
611 597 761 650 χρῆμα
787 602 878 645 ταῖς
905 598 989 638 τῶν
1016 593 1250 652 ἀνθρώπων
1287 595 1468 653 φύσεσιν
1494 594 1518 636 ὅ
1543 598 1618 636 θε-
1628 605 1667 638 R.
1683 605 1747 640 281

173 660 228 711 ’ὃς
254 664 538 716 ἐγκατέμιξεν,
586 658 727 717 ὥσπερ
773 666 860 711 τοῖς
887 661 1078 712 ὄστακοΐς
1103 661 1178 718 τὴν
1206 663 1468 705 ἐπικινδυνον
1491 659 1628 717 χολήν

178 726 253 769 καί
288 733 376 776 τοῖς
419 724 558 785 ῥόδοις
595 725 800 782 ἀκάνθας,
829 725 939 771 οὕτω
965 733 1058 778 ταῖς
1085 730 1295 780 ἐξουσίαις
1321 728 1628 782 συγκατασπεί-

170 799 256 848 ’ρας
292 790 370 847 τὴν
411 791 565 849 ἧδονὴν
591 794 666 834 καί
689 793 929 852 ῥαθυμίαν,
959 795 1014 835 δι’
1039 791 1090 849 ἢν
1106 827 1120 847 ,
1147 793 1285 836 πάντα
1315 792 1409 846 ἐξόν
1436 794 1496 842 εἷς
1524 790 1628 846 μίαν

119 860 437 913 ἰὀμεταστῆσαι
458 859 670 901 πολιτείαν
697 858 770 900 καὶ
796 858 1061 914 συναρμόσαι
1080 858 1126 902 τὸ
1154 856 1419 914 ἀνθρώπινον
1434 893 1448 913 ,
1476 857 1522 900 αῖ
1546 861 1628 912 βα-

174 927 332 965 σιλεῖάι
379 921 426 966 τὸ
458 922 616 979 θνητόν
651 927 884 967 σκοποῦσαι
923 923 1031 980 πρὸς
1073 924 1119 968 τό
1163 923 1246 980 ἡδύ
1292 925 1628 982 καταφέρονται,

169 987 222 1030 ’τὸ
248 990 322 1044 τῆς
351 986 472 1044 δόξης
500 988 714 1032 ἀθάνατον
743 990 820 1031 οὔκ
847 989 1116 1042 ἐξετάζουσαι
1142 991 1218 1032 καί
1242 991 1587 1046 παρεκλέγουσαι.

283 1052 332 1097 ν’.
376 1049 471 1096 ’Ότι
499 1054 743 1110 ὀλισθηρὸν,
772 1055 828 1104 ὥς
856 1054 982 1110 ἔοικε,
1012 1054 1087 1098 καί
1109 1053 1432 1113 σφαλερώτερον
1463 1050 1672 1111 ἅνθρω·Α.
1689 1067 1807 1113 0392

172 1134 251 1169 πος
286 1118 393 1176 πρός
431 1118 556 1175 τιμὴν
593 1117 623 1175 ἢ
650 1121 899 1177 συμφοράν.
956 1121 1295 1177 θεραπεύσαντες
1321 1120 1403 1177 γὰρ
1429 1118 1501 1163 τὸν
1536 1114 1771 1195 Ta-{ffl‘l-{L

127 1185 319 1233 15uav6v
346 1186 386 1227 οἱ
411 1187 511 1241 περὶ
555 1184 629 1228 τὸν
659 1188 838 1240 βασιλέα
873 1186 1121 1240 Θεοδόσιον,
1165 1185 1292 1241 τιμάς
1318 1203 1364 1229 τε
1392 1184 1625 1243 ὑπερφυεῖς
1693 1172 1735 1195 ⁸⁰
1782 1160 1822 1205 ¹4

174 1252 221 1294 ἐκ
247 1253 326 1293 τοῦ
358 1253 565 1305 βασιλέως
602 1251 678 1293 καὶ
700 1249 985 1307 μεταγνώσεις
1022 1250 1096 1294 έπί
1119 1258 1208 1301 τοῖς
1248 1256 1531 1307 γεγενημένοις
1558 1253 1625 1294 ἐν-

173 1315 382 1365 σπόνδους
407 1313 681 1371 ποιησάμενοι
698 1350 712 1370 ,
740 1318 815 1358 καί
838 1315 939 1373 περὶ
962 1319 1047 1359 τῶν
1063 1315 1298 1371 μελλόντων
1325 1313 1626 1373 οὐρανομήκεις

171 1379 344 1430 ἐλπίδας
366 1380 665 1436 ὗποτείναντες,
688 1384 839 1425 τοῦτον
862 1384 1123 1438 παρέπεισαν
1145 1383 1313 1438 ἀγαγεῖν
1338 1381 1406 1424 τὸν
1430 1381 1525 1426 υἱόν
1545 1385 1625 1425 αὖ-

169 1447 244 1488 τοῧ
269 1443 468 1502 Πρόκλον
505 1442 716 1501 τοῦνομα·
777 1446 826 1491 ὃν
853 1449 913 1498 εἷς
940 1446 987 1491 τὸ
1019 1448 1304 1504 δεσμωτήριον
1331 1450 1622 1503 συνέκλεισαν,

117 1511 246 1562 ,οκαί
271 1510 342 1554 τὸν
373 1511 580 1556 Τατιανὸν
606 1513 680 1557 ἐπὶ
702 1513 875 1564 Λυκίας
913 1513 1169 1568 ἀπέπεμψαν
1194 1515 1272 1556 τοῦ
1297 1512 1450 1563 παιδὸς
1475 1512 1621 1570 χηραὶ-

168 1592 333 1627 σαντεςς
685 1620 689 1624 .
1062 1598 1065 1601 ·

246 1682 249 1686 .
279 1640 372 1686 να’.·
410 1645 654 1698 Συμποσίου
696 1647 744 1688 δὲ
785 1647 1059 1702 προτεθέντος
1096 1644 1241 1697 αὐτοῖς
1277 1646 1395 1703 παρὰ
1440 1648 1516 1688 τοῦ
1540 1650 1622 1700 βα-

169 1709 317 1758 σιλέως
360 1706 590 1767 ἇδροτὲρου
629 1709 706 1753 καί
741 1711 1118 1769 πολυτελεστέρου,
1156 1710 1232 1768 τήν
1255 1710 1489 1768 παροιμίαν
1517 1712 1621 1754 α’τῐὲ-

267 1799 310 1833 ¹8
350 1795 622 1843 ὕποσείραντες
655 1798 711 1832 ed.
821 1810 875 1835 aa.
901 1800 982 1835 Hoc
1017 1800 1260 1847 fragmentum
1294 1800 1444 1836 uberius
1486 1800 1620 1846 legitur

263 1844 304 1878 in
326 1844 410 1878 Exc.
437 1843 482 1877 dc
505 1844 626 1889 legatt.
652 1854 681 1880 c.
709 1857 742 1890 7.

169 1933 374 1980 periculum
405 1938 614 1979 reputantes
649 1933 795 1967 barbari
825 1934 871 1967 ad
904 1939 1116 1969 consuetum
1142 1934 1215 1968 sibi
1243 1939 1459 1982 strategema
1490 1936 1620 1970 confu-

171 1985 324 2026 gerunt,
349 1981 387 2013 in
418 1981 775 2026 paludibus'nempe
805 1980 1053 2014 Macedonicis
1088 1985 1202 2015 semet
1230 1981 1461 2017 abdiderunt.
1511 1983 1621 2017 Pror-

172 2037 232 2060 sus
261 2032 380 2061 autem
407 2028 546 2060 cunctis
579 2027 761 2067 innotuit,
792 2026 991 2060 Romanum
1024 2027 1240 2073 imperium,
1266 2028 1309 2069 si,
1334 2028 1477 2063 deliciis
1506 2041 1619 2075 repu-

171 2073 294 2115 diatis,
318 2073 457 2107 bellum
473 2073 688 2114 meditetur,
720 2073 860 2106 nullam
889 2079 1062 2107 terrarum
1088 2079 1230 2118 partem
1259 2074 1475 2109 indomitam
1504 2087 1547 2110 ac
1567 2077 1617 2109 li·-

170 2119 296 2154 heram
315 2121 542 2156 relicturum.
592 2119 664 2153 Sed
686 2120 783 2154 enim
807 2131 912 2165 grave
942 2119 1122 2166 quoddam
1147 2120 1331 2155 humanae
1354 2127 1506 2156 naturae
1525 2121 1617 2157 deun

171 2168 399 2200 commiscuit
437 2166 698 2208 infortunium3
746 2176 828 2199 nam
862 2166 979 2201 veluti
1019 2168 1155 2201 cancris
1193 2167 1436 2213 periculosam
1479 2168 1615 2211 bilem,

171 2214 262 2247 rosis
288 2215 428 2258 spinas,
464 2213 516 2246 ita
542 2212 582 2246 in
610 2213 852 2257 potestatibus
881 2213 1104 2258 voluptatem
1142 2213 1392 2260 desidiamque
1422 2216 1616 2260 ingenera-

170 2260 235 2294 vit.
284 2260 407 2306 Quare
443 2271 554 2306 quum
592 2260 671 2293 fieri
703 2264 837 2304 posset,
869 2263 911 2292 ut
942 2260 1147 2293 universum
1188 2260 1377 2294 hominum
1413 2272 1524 2307 genus
1566 2261 1614 2294 ad

170 2317 285 2340 unum
304 2317 432 2352 corpus
457 2307 511 2340 rei
533 2306 700 2351 publicae
734 2310 979 2348 revocaretur;
1012 2307 1163 2351 imperia
1192 2306 1340 2341 interim
1373 2309 1526 2342 caducae
1557 2309 1612 2341 rei

170 2352 333 2386 studiosa
377 2353 603 2398 voluptatem
650 2357 924 2394 consectantur,
946 2363 1067 2398 neque
1098 2353 1138 2387 id
1165 2354 1386 2401 exquirunt,
1413 2355 1513 2402 quod
1543 2356 1613 2389 im-

171 2400 325 2434 mortale
347 2406 425 2441 est,
456 2410 576 2446 neque
599 2404 825 2444 praeoptant.

267 2447 321 2480 50.
368 2446 524 2481 Videtur
547 2445 656 2480 homo
687 2446 828 2479 facilius
852 2443 991 2479 honore
1015 2445 1175 2480 subverti
1198 2457 1239 2480 ac
1264 2446 1397 2491 decipi,
1422 2457 1530 2492 quam
1554 2457 1614 2480 ca·-

170 2491 345 2526 lamitate.
392 2494 484 2527 Ecce
507 2493 604 2526 enim
631 2491 830 2526 Theodosii
863 2491 1096 2536 imperatoris*
1114 2493 1318 2527 administri
1343 2492 1430 2526 dum
1455 2494 1613 2527 Tatiano

170 2538 309 2571 aulicos
341 2539 419 2572 siue
451 2539 559 2573 modo
591 2538 748 2573 honores
772 2543 808 2571 et
831 2538 1018 2582 praeteriti
1041 2541 1214 2585 temporis
1244 2539 1467 2573 oblivionem
1498 2550 1612 2583 spon-

172 2583 284 2624 dent,
326 2590 435 2630 atque
456 2585 625 2619 -infinitas
654 2587 694 2619 iu
724 2586 884 2619 futurum
919 2595 998 2629 spes
1021 2585 1238 2627 ostendunt,
1262 2591 1519 2631 persuaserunt
1540 2586 1613 2626 illi,

172 2636 215 2663 ut
244 2631 358 2664 filium
381 2631 568 2665 Proculum
601 2632 798 2666 adduceret
827 2642 926 2676 ;quo
967 2632 1131 2677 protinus
1158 2633 1197 2666 in
1221 2643 1399 2668 carcerem
1422 2633 1610 2674 coniecto,

173 2676 367 2711 Tatianum
391 2677 431 2710 in
454 2678 598 2721 Lyciam
623 2680 699 2712 filio
728 2677 895 2712 orbatum
927 2679 1185 2724 relegaverunt-

265 2724 320 2758 51.
369 2723 563 2770 Quumque
600 2725 674 2759 inis
711 2723 907 2771 aliquando
943 2725 987 2758 ab
1025 2726 1243 2771 imperatore
1280 2726 1414 2770 largius
1438 2737 1479 2760 ac
1509 2736 1612 2761 sum-
