1924 3164
315 183 433 258 496
907 199 1164 242 PRocoPn

315 302 565 360 μελλόντων,
595 300 694 345 οὐδὲ
722 299 877 357 κρίνειν
910 297 997 342 οἶδε
1023 302 1187 355 καλῶς,
1217 301 1307 344 ἀλλ’
1337 303 1428 360 εἰκῇ
1456 308 1762 363 φιλοτιμεῖται,

315 372 390 415 καὶ
415 372 588 413 δίδωσιν
614 364 774 421 ἑαυτὴν
804 365 884 419 οὔχ
913 362 1026 416 ὅσοις
1056 362 1183 420 ἄξιον,
1204 367 1306 414 Υἀλλ’
1319 365 1435 418 ὅσοις
1452 369 1525 412 καί
1540 373 1761 424 βούλεται·

313 440 355 481 εἰ
379 439 426 480 δὲ
456 434 530 477 καὶ
555 428 667 483 ἄξιοι
694 438 865 493 φανεῖεν
890 434 966 474 τοῦ
992 431 1258 489 πράγματος,
1288 433 1383 477 ἀλλ’
1412 430 1487 476 οὖν
1514 437 1684 479 δοκοῦσι
1708 440 1762 496 τῇ

311 506 385 559 τῆς
421 502 546 554 τιμῆς
586 497 815 551 α’νατάσει,
853 496 930 539 καὶ
963 499 1023 555 τῷ
1059 497 1118 554 μὴ
1148 497 1320 542 κατόπιν
1360 499 1550 557 ὀφθῆναι
1584 504 1761 560 ταύτης,

311 563 574 622 ἐπιτηδεύειν
601 562 679 612 τὰς
707 562 874 619 α’ρετάς.
915 562 987 606 ἐπὶ
1013 565 1060 606 δὲ
1089 567 1167 606 σοῦ
1196 566 1444 620 παραδόξως
1475 567 1612 625 κρίσιν
1640 567 1789 624 ἔσχεν5

309 635 338 690 ἦ
367 633 498 687 τύχη,
528 631 602 672 καί
627 632 772 686 ψῆφον
797 628 902 684 ἔγνω
932 631 1115 672 δικαίαν.
1170 629 1393 685 ἠκολούθει
1429 631 1509 689 γὰρ
1539 639 1634 683 ταῖς
1660 628 1761 691 ἆρέ.

308 704 430 753 ταῖς,
461 694 646 750 ἀμοιβὴν
663 696 738 737 καί
751 693 882 751 χάριν
899 694 974 750 την
991 698 1210 750 βασιλείαν
1240 699 1526 753 οἷποδιδοῦσα,
1555 699 1631 742 καί
1656 697 1762 743 ταύ-

306 762 382 821 την
420 761 705 815 α’ναιζιιακτον,
736 763 812 803 καί
837 760 975 817 πάσης
1002 759 1325 818 ἀπηλλαγμένην
1363 763 1556 820 α’πάτης·
1600 767 1652 808 οὔ
1676 765 1759 823 γὰρ

307 829 450 886 ὥσπερ
480 826 639 884 ἑτέροις
667 823 776 869 ὅπλα
804 829 877 870 καί
901 827 1042 882 μάχαι
1068 828 1142 870 καί
1166 827 1453 884 προσηκόντων
1479 831 1658 887 σφάγαί,
1689 834 1764 876 καὶ

307 897 429 946 δόλος
449 895 590 951 α’πάτῃ
613 895 750 946 νικῶν,
781 891 988 949 τοσαύτην
1014 909 1080 936 σοι
1103 896 1359 951 περιτέθεικε
1381 894 1458 950 τήν
1486 896 1628 952 τιμήν.
1657 899 1815 942 δυσ-10

305 965 464 1017 τυχοῦς
511 962 651 1002 ταῦτα
688 960 905 1014 βασιλείας
960 962 1152 1016 δυστυχῆ
1190 959 1242 1003 τά
1283 961 1515 1018 προοᾴιια,
1570 962 1643 1006 καί
1677 967 1761 1008 τοῖν

307 1026 401 1071 ὅσοι
438 1027 675 1076 πλεονεξίας
711 1024 913 1082 α’φορμὴν
954 1025 1032 1081 την
1070 1024 1301 1080 ἁλουργίδα
1329 1030 1596 1083 περίκεινται.
1649 1026 1758 1074 dud

282 1091 603 1151 -προσήκουσαν
641 1092 803 1147 ταύτην
841 1090 1134 1148 προσηκόντως
1163 1091 1406 1147 δεξάμενος,
1450 1091 1526 1135 οὒκ
1564 1089 1736 1151 ἤλεγξας
1746 1129 1761 1151 ,

305 1161 369 1218 μά
396 1162 508 1214 Δία,
536 1159 621 1200 τῶν
647 1173 695 1200 σε
724 1158 1004 1214 ψηφισμένων
1032 1156 1110 1212 τὴν
1139 1160 1382 1217 μαρτυρίαν
1399 1192 1413 1213 ,
1448 1155 1555 1203 ἀλλὰ
1581 1160 1655 1203 καί
1678 1179 1762 1206 πα-

305 1230 460 1286 ρῆλθες
487 1224 566 1274 τὰς
592 1223 759 1267 ἐκείνων
788 1225 962 1273 ἐλπίδας
990 1226 1130 1266 νικιὸν.
1719 1261 1723 1263 .
1766 1232 1815 1277 15

419 1290 468 1345 ζ’.
518 1292 727 1334 Ἐνταῦθα
755 1290 803 1332 δὲ
830 1291 907 1331 τοῦ
934 1287 1060 1344 λόγου
1086 1288 1333 1345 γενόμενος,
1372 1292 1445 1335 καὶ
1479 1291 1586 1348 πρὸς
1612 1297 1764 1337 τοσοῦ-

306 1359 381 1404 τον
418 1359 580 1413 πλῆθος
626 1352 886 1411 πραγμάτων
925 1354 1063 1410 ὄρῶν,
1114 1354 1268 1398 ταύτὸν
1303 1355 1419 1400 ἔοικα
1458 1358 1636 1413 πάσχειν
1675 1366 1762 1411 τοῖς

308 1423 401 1469 ὅσοι
429 1421 483 1466 τὰ
513 1419 672 1476 πελάγη
701 1421 1010 1475 περισκοποῦσι.
1046 1419 1244 1471 πολλάκις
1270 1421 1350 1477 γάρ
1381 1423 1491 1474 τούςι
1509 1425 1762 1481 ὄφθαλμοὺς

300 1491 598 1548 ἐπιφέροντες,
626 1485 842 1528 θάλατταν
868 1484 998 1540 μόνην
1026 1485 1208 1541 δρῶσιν
1254 1490 1380 1531 ου’δὲν
1407 1491 1454 1532 δὲ
1482 1489 1642 1542 τούτοις
1670 1490 1761 1549 ὅρι’-

309 1560 372 1610 ζει
396 1554 473 1611 τὴν
499 1556 618 1597 θέαν.
673 1550 785 1605 ὅμως
812 1552 1037 1606 τολμητέον
1063 1551 1141 1607 τὴν
1170 1558 1342 1609 πεῖραν·
1373 1550 1468 1597 οὔτε
1497 1555 1578 1614 γὰρ
1609 1560 1814 1600 έκεῖνοιαο

304 1624 438 1666 πλοῦν
466 1620 717 1671 ἄποκνοῢσι·
754 1615 862 1672 μήτε
889 1616 963 1660 τὸν
991 1616 1112 1672 λόγον
1139 1618 1270 1673 ἡμεῖς.
1326 1620 1468 1676 ἐπειδὴ
1497 1622 1578 1678 γάρ
1606 1626 1761 1668 θᾶττον

308 1689 557 1744 α’πειλήφεις
584 1682 636 1727 τοὶ
666 1684 854 1739 σκῆπτρα
873 1716 886 1736 ,
923 1684 1095 1737 πρέπειν
1135 1684 1367 1740 ἡγούμενος
1402 1689 1486 1729 πᾶν
1522 1684 1606 1741 δ’,τι
1635 1688 1761 1731 νόθον

398 1779 430 1824 4.
458 1775 534 1813 ἄνᾶ
557 1775 650 1816 cod„
680 1771 865 1810 ἀνατάσει
889 1774 982 1807 coni.
1007 1773 1154 1807 Villois.
1229 1775 1278 1820 ¹4·
1306 1775 1386 1821 Leg.
1398 1776 1676 1825 ἐψηφισμένων
1698 1779 1759 1816 vel

397 1823 692 1871 ψηφισαμένων,
769 1833 821 1867 ι9.
846 1821 1121 1868 περιφέροντες
1144 1821 1238 1855 coni.
1265 1821 1349 1855 Vill.

307 1922 434 1952 contra
471 1916 610 1954 Deam,
649 1911 754 1958 quasi
786 1909 883 1944 nihil
918 1909 962 1943 (le
988 1909 1033 1943 iis
1079 1921 1172 1956 quae
1209 1911 1330 1945 futura
1367 1911 1552 1948 occultent
1592 1913 1760 1957 sciverit,

307 1975 429 2010 neque
458 1962 665 1996 discernere
692 1959 827 2004 possit,
853 1956 917 1990 sed
945 1961 1082 1990 temere
1105 1957 1262 1992 honores
1291 1958 1454 2000 tribuat,
1493 1966 1530 1994 et
1553 1961 1602 1995 'se
1625 1960 1757 2002 dedat,

308 2022 383 2045 non
409 2009 544 2056 quibus
579 2010 747 2052 oporteat
781 2004 845 2039 sed
882 2004 1017 2050 quibus
1051 2004 1185 2037 lubeat
1237 2004 1337 2049 Quin
1373 2006 1403 2040 si
1429 2007 1528 2052 digni
1552 2000 1759 2053 ‘appareant

309 2069 353 2091 eo
380 2057 536 2091 culmine
551 2079 562 2095 ,
601 2060 724 2088 tamen
749 2051 898 2085 honoris
924 2050 1045 2084 studio
1062 2076 1072 2092 ‚
1108 2056 1145 2084 et
1168 2060 1213 2085 ne
1238 2051 1332 2085 infra
1356 2052 1454 2087 hunc
1478 2053 1749 2100 relinquantur,

307 2107 461 2139 virtutes
486 2103 605 2136 colere
630 2100 812 2133 videntur.
862 2097 934 2131 Sed
957 2098 995 2130 in
1020 2102 1056 2129 te
1083 2097 1250 2143 eligendo
1276 2104 1421 2143 praeter
1449 2102 1756 2146 exspectationem

309 2151 487 2186 iudicium
512 2147 685 2182 adhibuit
707 2146 868 2178 Fortuna
903 2150 940 2178 et
976 2143 1113 2177 iustum
1141 2145 1348 2189 suffragium
1377 2147 1474 2180 tulit.
1523 2147 1757 2192 Sequebatur

311 2198 409 2232 enim
441 2198 618 2235 virtutes,
659 2192 852 2237 imperium
877 2190 1032 2235 praemii
1058 2190 1138 2224 loco
1166 2195 1204 2224 et
1227 2193 1360 2236 gratiae
1387 2192 1546 2234 donans,
1572 2199 1609 2227 et
1631 2195 1756 2228 incru-

310 2249 436 2278 entum
463 2241 634 2288 quidem,
660 2244 696 2273 et
720 2239 819 2272 omni
843 2237 971 2271 fraude
996 2242 1143 2270 remota.
1169 2238 1251 2270 Non
1280 2239 1390 2280 enim,
1416 2245 1458 2273 ut
1481 2239 1574 2280 aliis,
1596 2251 1694 2274 arma
1717 2245 1756 2275 et

339 2290 452 2324 roclia
488 2295 525 2322 et
564 2291 797 2333 cognatorum
823 2284 951 2318 caedes
977 2288 1014 2316 et
1045 2283 1150 2317 dolus
1175 2283 1303 2317 fraude
1330 2286 1477 2319 vincens
1502 2291 1644 2320 tantum
1680 2288 1754 2322 tibi

311 2337 415 2372 dedit
434 2335 622 2368 honorem.
647 2334 744 2366 Haec
772 2330 931 2365 infelicis
957 2331 1101 2374 imperii
1125 2331 1286 2364 infelicia
1312 2331 1417 2365 initia
1442 2337 1536 2372 sunt,
1567 2338 1604 2366 et
1628 2344 1755 2368 eorum

309 2384 458 2431 propria
495 2383 560 2426 qui
595 2389 754 2427 purpura
779 2377 824 2411 ad
851 2376 1068 2423 explendam
1094 2377 1186 2410 lucri
1207 2377 1444 2422 cupiditatem
1455 2377 1669 2415 induuntur.
1694 2382 1754 2416 'ru

310 2432 382 2465 tibi
413 2427 572 2462 debitam
609 2429 669 2472 pie
694 2425 889 2470 accepisti,
922 2434 1062 2468 neque,
1100 2435 1158 2457 me
1194 2424 1371 2466 Hercule,
1404 2424 1594 2460 frustratus
1633 2437 1670 2462 es
1715 2433 1754 2462 te

313 2475 527 2524 eligentium
554 2474 822 2512 testimonium,
849 2470 912 2505 sed
937 2469 1044 2503 etiam
1070 2469 1216 2506 illorum
1241 2482 1323 2516 spes
1352 2472 1539 2516 superasti.

322 2544 325 2546 -
404 2535 436 2568 7.
483 2522 664 2556 Hactenus
691 2519 855 2552 oratione
880 2527 1108 2562 progressuS,
1136 2522 1239 2550 tanta
1264 2528 1382 2551 rerum
1401 2518 1637 2553 multitudine
1662 2530 1752 2555 con-

313 2576 448 2617 specta,
472 2568 567 2600 idem
594 2565 684 2598 mihi
710 2564 874 2598 accidere
902 2563 1047 2597 videtur
1071 2563 1171 2608 quod
1207 2563 1282 2597 illis
1317 2563 1381 2611 qui
1413 2570 1566 2608 pontum
1598 2577 1751 2610 prospe-

313 2622 424 2652 ctant.
473 2614 622 2657 Saepius
648 2613 744 2645 enim
771 2612 893 2645 oculos
930 2622 973 2644 eo
998 2614 1199 2650 vertentes,
1224 2620 1321 2644 mare
1345 2610 1459 2643 solum
1483 2610 1631 2645 vident:
1655 2611 1753 2647 nihil

314 2668 499 2710 aspectum
523 2658 750 2694 determinat.
797 2657 1047 2692 Nihilominus
1071 2656 1273 2702 periculum
1298 2660 1353 2690 est
1374 2655 1603 2691 faciendum:
1630 2668 1752 2704 neque

316 2712 414 2746 enim
439 2709 494 2742 illi
519 2706 783 2750 navigationem
808 2702 1056 2742 reformidant,
1082 2714 1201 2747 neque
1223 2714 1288 2736 nos
1306 2703 1516 2737 orationem.
1550 2704 1641 2738 Nam
1670 2716 1753 2740 cum

315 2758 472 2806 primum
497 2758 637 2801 sceptra
668 2751 889 2797 accepisses,
928 2749 1055 2784 decere
1079 2751 1289 2785 existimans
1325 2759 1430 2783 omne
1460 2752 1692 2798 peregrinum
1715 2754 1756 2788 et
