1924 3164
320 198 405 254 921
884 180 1159 226 EXCERPT'A

322 312 435 352 τερος
460 292 696 351 γενόμενος,
741 286 796 338 ὥς
835 282 884 328 ἂν
920 281 999 340 ἤδη
1023 282 1097 339 τὴν
1129 276 1363 335 Ῥωμαϊκὴν
1401 274 1534 355 ἀρχὴν
1560 286 1739 356 ’σξνῃξη-

324 361 406 411 κώς
436 361 507 403 καὶ
532 364 617 407 τοῖς
655 356 774 398 ποσίν
810 353 1069 404 ἐπεμβαίνων
1096 349 1225 404 αὐτῇ,
1262 348 1554 399 μαλακωτερος
1579 357 1629 395 ην
1657 357 1737 392 αμ-

325 426 579 483 φαφάασθαι
600 440 611 449 ·
670 421 739 461 καί
774 415 877 471 πρὸς
921 414 994 456 τόν
1023 412 1258 468 Ἀργίβολον
1287 405 1579 466 ἐπρεσβεόετό,
1608 405 1665 454 ὥς
1690 404 1737 447 τὸ

326 489 658 541 σπουδαζόμενον
688 484 830 530 αὕτοῖς
861 478 950 534 ἔχει
967 479 1094 526 τέλος,
1595 533 1603 547 Ι

158 570 329 606 Cod.116
435 553 503 607 gy'.
547 548 637 592 Ὅτι
664 550 704 590 Γ
703 548 819 594 α’ίνας
846 547 916 586 καί
951 542 1185 599 Ἀργίβολος
1224 572 1235 583 .
1265 571 1276 582 .
1308 571 1318 582 .
1348 538 1369 580 ὅ
1399 540 1476 591 μὲν
1503 536 1777 612 ἧγουμενοςρῑ

330 621 352 663 ὅ
386 621 430 661 δὲ
459 614 710 673 ἐφεπόμενος
740 642 750 652 .
778 642 788 652 .
818 641 829 651 .
862 611 962 651 ου’δὲ
1003 606 1127 657 αὐτὸς
1157 606 1296 662 ἕτερον
1335 606 1518 646 ἐπένθει·
1575 615 1748 657 σφαγεις

333 688 378 728 δὲ
406 682 556 734 ἔκειτο,
586 681 692 734 μηδὲ
718 675 788 718 τόν
816 675 1008 728 θάψοντα
1036 672 1144 727 ἔχων
1171 671 1244 713 καὶ
1271 668 1555 725 κατορύξοντα.
1753 684 1755 688 ·

207 764 325 800 ss‚283
443 743 516 796 ξδ’.
559 742 651 785 ’Ότι
680 744 850 795 Πέρσης
878 735 929 794 ἦν
957 741 1000 781 ἐν
1022 737 1160 794 Ῥώμῃ
1191 735 1370 791 ἔπαρχος
1396 731 1496 789 πρὸς
1522 732 1750 786 χλευασίαν

332 812 402 854 καί
425 814 584 866 γέλωτα
623 807 698 862 τὴν
732 804 968 859 Ῥωμαϊκὴν
1013 804 1270 858 παραφέρων
1301 801 1523 853 εὐτυχίαν·
1580 798 1754 845 σανίδας

331 880 377 919 δὲ
405 873 560 923 πολλὰς
595 870 747 927 μικρὰς
785 869 890 926 πρὸς
924 867 969 911 τὸ
1009 865 1137 924 ἥμισυ
1178 867 1352 908 σταδίου
1380 860 1806 918 συγκομισάμενοςηο·

331 941 403 984 καὶ
443 939 583 982 εἰκόνα
625 934 716 979 τινὰ
760 937 843 977 τῶν
871 933 1000 988 ἔργων
1040 930 1282 987 ὑπογράψαι
1322 928 1593 983 βουλόμενος,
1622 924 1754 968 πάντα

334 1007 509 1049 ἐνετίθει
537 1007 676 1057 γελοῖα
703 1005 795 1050 ταῖς
822 1003 1026 1055 γραφαῖς,
1059 998 1131 1037 καί
1161 991 1403 1050 α’ποῤῥήτως
1431 991 1484 1034 τοὶ
1511 988 1756 1047 γραφόμενα

336 1066 609 1123 κατεχλεύαζε
654 1065 724 1107 διὰ
769 1063 1020 1120 τῆςεῖκόνος
1041 1090 1052 1103 .
1113 1061 1306 1116 ἀνδρείαν
1341 1061 1419 1112 μὲν
1447 1057 1525 1112 γὰρ
1555 1058 1759 1112 βασιλέως

338 1137 410 1178 καὶ
438 1131 578 1187 ῥώμην
619 1131 882 1186 στρατιωτῶν
923 1124 950 1183 ἢ
986 1126 1164 1179 πόλεμον
1203 1126 1370 1179 ἐμφανῆ
1394 1124 1464 1165 καί
1488 1123 1660 1176 νόμιμον
1688 1123 1760 1162 οὕ-

340 1202 477 1252 δαμοῦ
504 1196 554 1239 τὰ
580 1194 826 1252 γραφόμενα
853 1193 1088 1248 παρεδήλου
1117 1191 1189 1232 καί
1215 1187 1482 1246 συνῃνίττετο·
1537 1186 1680 1243 χειρὸς
1709 1188 1810 1232 δέιό

341 1279 450 1312 τινος
477 1262 531 1311 ὥς
560 1258 611 1302 ἂν
640 1262 684 1302 ἐκ
709 1261 846 1314 νεφῶν
875 1258 1212 1312 προτεινομένης,
1255 1255 1496 1309 ἐπίγραμμα
1525 1250 1576 1308 ἦν
1595 1254 1647 1310 τῇ
1671 1268 1763 1306 χει-

342 1329 396 1384 ρί·
425 1329 558 1380 ,,θεοῦ
574 1327 665 1380 χείρ
682 1322 913 1365 ἐλαύνουσα
941 1320 1038 1370 τούς
1057 1318 1337 1376 βαρβάρους.”
1365 1316 1536 1374 αἰσχρόν
1552 1320 1672 1360 τοῦτο
1687 1334 1764 1359 κα-

342 1391 595 1446 ταγράφειν,
641 1390 726 1429 ἀλλ’
770 1384 1006 1441 ἀναγκαῖον.
1061 1386 1131 1427 καί
1155 1386 1279 1427 πάλιν
1316 1381 1505 1440 ἑτέρωθι·
1531 1380 1766 1439 ,βάρβαροι

344 1455 416 1498 τόν
446 1454 547 1496 θεὸν
577 1451 837 1509 φεύγοντες.”
865 1451 937 1493 καὶ
972 1447 1125 1493 τούτων
1152 1452 1273 1506 ἕτερα
1299 1448 1518 1505 παχύτερα
1545 1465 1569 1489 κ
1599 1480 1611 1490 .
1644 1479 1655 1490 .
1687 1480 1696 1489 .
1729 1449 1768 1488 δ’

347 1522 466 1575 ἕτερα
495 1519 845 1569 κωθωνιζομένων
859 1517 1056 1571 γραφέων
1078 1514 1308 1571 φληναφον,
1339 1509 1390 1555 οὗ
1417 1515 1489 1555 καί
1512 1513 1710 1569 πρότερον
1738 1514 1819 1568 7220'

350 1582 572 1640 συγγραφὴ
602 1584 823 1636 μέμνηται,
850 1584 921 1635 τῆς
951 1578 1214 1634 ἀκμαζούσης·
1243 1576 1392 1634 ἆρετῆς
1413 1610 1424 1620 .
1443 1610 1454 1621 .
1482 1578 1526 1620 τό
1557 1581 1679 1632 σῶμα
1711 1609 1723 1620 .
1753 1609 1767 1620 .

351 1652 424 1703 τῆς
452 1650 593 1701 ψυχῆς
624 1678 634 1688 .
663 1676 675 1690 .
701 1648 825 1688 πλέον
853 1643 958 1687 κατὰ
988 1647 1109 1697 σῶμα
1141 1642 1410 1696 διαλυόμενον
1437 1638 1516 1698 ἤδη
1543 1678 1553 1689 .
1589 1673 1600 1685 .
1632 1646 1738 1685 ἄπο.
1758 1676 1768 1686 .

173 1733 262 1771 3⁸0,
277 1731 344 1776 400
463 1712 530 1763 ξέ.
573 1707 664 1752 ’Ότι
697 1708 912 1765 Φράβιθος
941 1709 963 1750 ὃ
991 1708 1217 1765 στρατηγὸς
1234 1710 1450 1762 Ῥωμαίων
1480 1708 1649 1764 νικήσας
1668 1712 1707 1752 Γ
1706 1711 1771 1752 αΐ-

450 1813 484 1836 2.
505 1801 617 1842 αὐτῆς
642 1799 696 1833 ed.
761 1801 814 1834 23.
842 1799 905 1833 Ed.
930 1799 1035 1832 modo
1061 1798 1254 1844 Φράυιθος
1276 1799 1398 1841 habet,
1420 1800 1526 1833 modo
1553 1800 1751 1846 Φράβιθος.

359 1880 528 1916 prospere
566 1868 699 1911 egisse,
739 1867 782 1899 iis
818 1867 968 1899 exitium
1005 1867 1075 1900 sibi
1101 1867 1169 1911 ipsi
1203 1868 1354 1912 peperit,
1386 1869 1605 1913 Languidior
1636 1871 1731 1903 enim
1754 1880 1774 1901 a

360 1916 595 1962 prosperitate
624 1915 791 1953 effectus,
829 1924 892 1946 ceu
926 1913 956 1945 si
981 1913 1050 1945 iam
1077 1915 1268 1946 Romanum
1302 1915 1495 1958 imperium¹
1515 1915 1667 1959 pedibus
1692 1927 1776 1960 pro-

364 1962 532 2000 culcaret,
558 1959 702 1992 mollior
727 1969 822 1991 nunc
845 1958 889 1992 ad
913 1959 1204 1992 contrectandum
1231 1965 1314 1993 crat.
1363 1961 1479 2005 Atque
1503 1962 1548 1994 ad
1566 1962 1774 2005 Argibolum

364 2007 533 2042 nuntium
546 2006 656 2045 misit,
680 2005 893 2048 significans,
917 2016 1101 2038 commune
1117 2007 1301 2039 consilium
1316 2008 1385 2039 iam
1406 2018 1511 2052 scopo
1527 2018 1601 2040 esse
1614 2009 1777 2052 potitum.

457 2054 512 2086 63.
563 2052 697 2086 Gainas
723 2057 759 2084 et
782 2051 970 2096 Argibolus
996 2077 1004 2085 .
1032 2077 1039 2085 .
1067 2076 1074 2083 .
1103 2051 1166 2084 ille
1199 2051 1344 2096 quidem
1370 2055 1461 2092 dux,
1486 2053 1544 2086 hic
1569 2059 1687 2086 autem
1715 2053 1779 2086 ad-

369 2100 463 2134 secla
489 2126 498 2135 .
521 2122 530 2130 .
560 2123 568 2132 .
594 2097 720 2142 Neque
754 2098 830 2142 ipse
865 2099 1014 2130 alterum
1041 2097 1173 2139 cluxit;
1207 2109 1327 2131 caesus
1354 2101 1449 2132 enim
1476 2101 1610 2140 iacuit,
1636 2101 1778 2133 nemine

370 2146 428 2180 vel
453 2144 660 2187 sepulturae
686 2144 879 2176 mandante
903 2144 960 2176 vel
988 2143 1173 2177 obruente.

464 2190 520 2233 64.
568 2189 670 2222 Persa
704 2191 848 2234 quidam
878 2191 1005 2221 Romae
1042 2190 1240 2233 praefectus
1265 2190 1346 2223 urbi
1371 2195 1465 2230 erat,
1499 2191 1561 2235 qui
1588 2193 1780 2224 Romanam

371 2236 647 2283 prosperitatem
672 2235 709 2267 in
735 2235 931 2268 ludibrium
967 2237 1149 2282 risumque
1173 2235 1346 2269 trahebat.
1396 2238 1461 2269 Hic
1486 2237 1579 2278 enim
1603 2240 1718 2281 parvis
1743 2239 1783 2270 in

373 2285 464 2316 circo
489 2282 616 2324 positis
639 2280 802 2322 tabellis,
835 2287 875 2314 ut
898 2284 1138 2326 praesentium
1169 2293 1283 2315 rerum
1318 2282 1505 2326 imaginem
1530 2284 1704 2327 quandam
1731 2284 1784 2316 ef·-

374 2329 542 2372 fingeret‚
575 2327 806 2360 ridiculorum
834 2338 938 2360 omne
974 2339 1082 2373 genus
1113 2329 1150 2361 in
1186 2328 1323 2372 pictura
1349 2330 1539 2373 expressit,
1561 2335 1669 2374 atque
1693 2330 1783 2362 clam

374 2378 490 2408 totum
528 2379 771 2415 argumentum
805 2374 924 2406 irrisit.
983 2375 1071 2406 Nam
1106 2385 1223 2418 neque
1254 2374 1477 2419 Imperatoris
1515 2375 1786 2416 fortitudinem5

375 2429 494 2464 neque
519 2418 673 2450 militum
704 2420 836 2460 robur,
870 2430 987 2465 neque
1013 2419 1146 2452 bellum
1170 2420 1316 2465 aliquod
1338 2420 1535 2463 legitimum
1561 2421 1695 2464 pictura
1722 2421 1786 2454 dc-

376 2463 608 2499 monstrabat.
665 2465 734 2496 Sed
767 2476 889 2497 manus
927 2465 1098 2509 quaedam
1134 2466 1289 2498 nubibus
1318 2471 1483 2510 protensa
1509 2472 1601 2507 erat,
1627 2479 1703 2500 cum
1729 2469 1787 2500 in*

381 2510 594 2555 scriptione:
632 2511 767 2542 Manus
790 2512 860 2544 Dei
897 2511 1072 2545 barbaros
1096 2512 1247 2557 fugans.
1310 2513 1430 2555 Turpe
1457 2517 1510 2544 est
1541 2512 1626 2545 haec
1651 2514 1785 2545 scribe-

381 2569 442 2597 re,
469 2555 531 2588 sed
555 2556 802 2587 necessarium.
852 2557 979 2590 Rursus
1004 2560 1041 2590 in
1059 2565 1157 2601 parte
1182 2558 1270 2591 alia:
1295 2558 1572 2592 BarbariDenm
1587 2559 1788 2603 fitgt'entes:

383 2609 491 2648 atque
519 2600 575 2633 his
599 2600 668 2632 alia
693 2601 867 2644 ineptiora
894 2626 901 2632 .
928 2627 935 2634 .
963 2628 969 2634 .
1006 2604 1236 2648 scriptoribus
1259 2605 1404 2648 largiter
1425 2605 1632 2648 potantibus
1656 2615 1788 2648 nugas,

386 2658 534 2695 quarum
560 2652 596 2679 et
622 2652 723 2678 antea
752 2649 787 2679 in
815 2647 963 2679 historia
987 2651 1145 2683 memini.

454 2695 534 2730 «65,
580 2692 746 2734 Fravitta‚
778 2693 1009 2728 Romanorum
1036 2696 1129 2737 dux,
1154 2696 1302 2729 Gainam
1338 2696 1375 2727 in
1408 2693 1626 2734 Chersoneso
1660 2697 1788 2730 victum
