1924 3164
278 158 386 215 150
839 177 1116 220 EXCERPTA

88 280 260 328 A·C·448
274 278 348 321 καὶ
373 280 635 334 στρατιωτῶν
662 279 746 319 ταῖν
773 277 889 334 α’μφί
913 277 987 333 τὴν
1017 279 1237 333 βασιλείαν
1266 277 1456 335 φυλακην
1482 277 1554 325 ὕπ’
1582 280 1713 324 αὐτὸν

74 330 257 421 Τὴθῐέἓὶιὶ
271 346 553 398 ταττομένων.
607 341 743 386 ἐδόκει
783 345 830 386 δὲ
871 346 1017 394 αύτοῖς
1051 346 1404 397 βουλευσαμένοις
1440 347 1523 388 τῶν
1548 362 1715 402 προκεια

275 412 412 463 μένων
437 412 534 466 πέρι
560 408 617 464 μή
648 406 774 462 μόνον
800 409 1003 464 Βιγίλαν,
1034 409 1139 452 α’λλὰ
1170 409 1251 466 γὰρ
1281 412 1354 452 καί
1379 413 1620 464 Μαξιμΐνον
1644 413 1712 453 έκ-

268 478 445 530 πέμπειν
472 475 801 529 πρεσβευόμενον
829 474 944 533 παρά
970 475 1041 519 τὸν
1066 477 1277 531 Ἀττήλαν.

82 544 255 591 Α-Ο·449
373 542 421 590 ς’.
476 538 579 582 ’Ότι
623 543 879 597 φωραθέντα
918 540 989 584 τὸν
1017 543 1196 596 Βιγίλαν
1239 542 1610 597 ἐπιβουλευόμενον
1652 538 1734 599 τῷ5

72 591 457 682 Τὴέοῃᾶᾌᾌττήλᾳ,
501 607 575 648 καί
613 607 687 648 τοῦ
724 609 905 662 χρυσίου
933 606 1004 656 τὰς
1048 604 1193 649 ἑκατὸν
1219 607 1363 662 λίτρας
1387 606 1462 658 τοὶς
1490 607 1605 664 παρὰ
1634 610 1712 650 τοῦ

170 675 523 731 Ρ.39Χρυσαφίου
551 673 626 714 τοῦ
653 671 857 727 εὐνούχου
889 675 1107 722 σταλείσας
1145 673 1434 728 α’φελομένου,
1491 673 1713 730 παρευθύς

261 738 442 792 ἔπεμπεν
470 738 664 794 Ὀρέστην
691 740 766 780 καί
789 733 954 781 ’Ήσλαν
982 738 1005 779 ὅ
1043 739 1242 793 Ἀττήλας
1267 740 1311 788 ές
1337 737 1415 794 τὴν
1443 740 1712 782 Κωνσταντί-

258 820 359 857 νου,
409 804 692 857 ἐντειλάμενος
719 801 794 847 τὸν
818 807 896 858 μὲν
925 806 1120 860 Ὀρέστην
1140 802 1195 845 7τό
1224 804 1469 858 βαλάντιον,
1522 806 1567 847 ἐν
1595 798 1707 862 ᾧπερ

257 867 506 925 ἐμβεβλήκει
532 870 711 924 Βιγίλας
747 868 793 912 τὸ
837 872 1017 925 χρυσίον
1055 868 1253 925 Ἐδήκωνι
1296 866 1599 925 δοθησόμενον,
1651 870 1775 927 τῷῑα

251 935 446 993 σφετέρῳ
474 937 701 989 περιθέντα
739 935 938 993 τραχήλῳ
972 937 1112 978 ἐλθεῖν
1151 951 1195 978 τε
1234 934 1350 991 παρὰ
1389 937 1592 990 βασιλέα,
1639 938 1712 979 καὶ

256 1002 374 1057 αύτῷ
401 998 667 1050 ἐπιδείξαντα
706 1000 779 1042 καί
813 1003 868 1059 τῷ
897 998 1087 1058 εύνούχῳ
1132 1001 1341 1058 α’νερωτᾷν
1367 998 1452 1056 εἴγε
1479 1000 1584 1043 αὐτὸ
1616 1004 1709 1044 ἐπι-

254 1067 519 1120 γινώσκοιεν,·
556 1064 629 1108 τὸν
658 1068 705 1108 δὲ
733 1061 898 1109 Ἧσλαν
937 1069 1070 1121 λ’έγειν
1098 1064 1180 1108 α’πὸ
1210 1065 1429 1119 στόματος,
1460 1061 1510 1108 εὖ
1534 1068 1614 1119 μὲν
1641 1083 1709 1122 γε-

257 1129 426 1186 γονότος
452 1128 562 1174 εἶναι
590 1129 746 1187 πατρὸς
773 1131 845 1174 τὸν
876 1130 1103 1174 Θεοδόσιον
1130 1134 1292 1183 παῖδα,
1322 1125 1372 1172 εὖ
1403 1133 1449 1174 δὲ
1476 1131 1550 1174 καὶ
1580 1131 1710 1175 αότόν

258 1196 393 1253 φύντα
431 1199 506 1239 καί
542 1196 615 1239 τὸν
650 1199 812 1252 πατέρα
841 1197 1145 1251 Μουνδίουχον
1173 1194 1471 1250 διαδεξάμενον
1497 1197 1762 1254 διαφυλά-ιᾶ

222 1266 331 1314 Βξαι
358 1261 434 1318 τήν
475 1262 705 1317 εύγένειαν·
760 1264 916 1319 ταύτης
954 1265 1001 1306 δὲ
1041 1261 1113 1306 τόν
1154 1261 1378 1306 Θεοδόσιον
1416 1261 1707 1306 ἐκπεπτωκότα

153 1334 247 1381 V.27
261 1327 476 1370 δουλεύειν
505 1331 622 1386 αὐτῷ
650 1328 728 1384 τὴν
757 1331 832 1371 τοῦ
863 1328 999 1385 φόρου
1033 1326 1258 1383 ἀπαγωγήν
1285 1326 1598 1384 ὑφιστάμενον.
1655 1330 1707 1371 οὗ

256 1394 415 1435 δίκαιον
452 1388 527 1436 οὖν
555 1399 673 1435 ποιεῖ·
692 1396 748 1452 τῷ
775 1396 958 1449 βελτίονι
1010 1393 1085 1437 καί
1118 1390 1166 1435 ὃν
1204 1394 1320 1451 αύτῷ
1358 1392 1384 1448 ἦ
1422 1395 1528 1449 τύχη
1557 1392 1706 1436 deono-

252 1475 326 1514 την
354 1459 582 1513 α’νέδειξεν,
633 1460 691 1509 ὥς
718 1458 902 1516 πονηρός
944 1462 1100 1515 οἰκέτης
1140 1457 1372 1515 λαθριδίως
1399 1460 1701 1513 ἐπιτιθέμενος.

253 1526 308 1566 ου’
333 1522 478 1567 λύσειν
518 1522 593 1568 οὖν
629 1524 705 1581 τήν
732 1527 872 1568 αἰτίαν
911 1524 993 1582 ἔφη
1020 1527 1102 1567 τῶν
1141 1526 1184 1575 ἒς
1220 1524 1348 1567 αὕτόν
1374 1521 1760 1581 ἧμαρτημένων,20

253 1591 295 1631 εἰ
319 1590 378 1644 μή
407 1607 453 1645 γε
473 1589 543 1633 τὸν
584 1592 786 1645 εὐνοῦχον
822 1593 1031 1644 έκπέμψοι
1067 1589 1174 1647 πρὸς
1211 1588 1405 1636 κόλασιν.
1471 1590 1546 1632 καὶ
1588 1585 1706 1633 οὗτοι

251 1657 331 1708 μὲν
358 1657 429 1697 έπί
462 1657 601 1698 τοῖσδε
628 1657 670 1706 ἐς
700 1656 774 1712 τὴν
807 1657 1130 1698 Κωνσταντίνου
1173 1657 1469 1711 παρεγένοντο·
1527 1658 1706 1710 συνηνέ-

250 1723 339 1775 χθη
374 1722 419 1762 δὲ
444 1721 515 1763 τὸν
538 1719 793 1778 Χρυσάφιον
820 1723 1081 1772 ἐξαιτεῖσθαι
1110 1720 1185 1763 καί
1210 1719 1325 1776 παρὰ
1353 1718 1563 1775 Ζήνωνος.
1595 1726 1703 1765 Μα-

327 1820 357 1846 ι.
377 1810 453 1845 τῶν
475 1822 546 1845 om.
571 1811 666 1855 vulg.
739 1821 769 1856 7.
796 1808 1033 1856 ἀφελόμενος
1057 1809 1110 1843 Cl.
1202 1821 1255 1856 ¹9·
1278 1808 1476 1849 ἀπέδειξεν
1501 1812 1594 1845 coni.
1617 1812 1657 1845 B.

254 1893 293 1922 et
316 1888 474 1928 milites,
501 1888 565 1934 qui
589 1886 718 1933 palatii
745 1886 934 1921 custodiae
962 1886 1129 1931 deputati
1166 1892 1261 1921 sunt.
1316 1888 1541 1932 Imperatore
1577 1894 1702 1923 autem

253 1940 292 1968 et
314 1935 498 1968 Martialio
525 1934 569 1967 de
595 1939 671 1967 tota
697 1945 735 1966 re
759 1933 1049 1968 consultantibus
1084 1934 1245 1978 placuit,
1284 1945 1359 1970 non
1381 1935 1499 1969 solum
1524 1935 1702 1981 Bigilam,

253 1981 320 2014 sed
347 1985 384 2014 et
408 1980 650 2014 Maximinum
678 1981 837 2025 legatum
862 1981 1007 2013 mittere
1031 1979 1078 2013 ad
1101 1981 1261 2014 Attilam.

345 2029 378 2062 6.
428 2027 541 2072 Bigila
565 2027 781 2060 insidiarum
807 2028 846 2060 in
869 2026 1021 2059 Attilam
1036 2026 1228 2060 manifeste
1258 2027 1436 2068 convicto,
1461 2027 1606 2068 Attilas,
1630 2026 1700 2060 ab-

250 2073 335 2106 latis
374 2073 420 2106 ab
458 2084 500 2106 eo
527 2079 671 2106 centum
705 2073 784 2106 auri
823 2072 951 2113 libris,
977 2083 1066 2118 quas
1103 2084 1123 2104 a
1149 2072 1372 2118 Chrysaphio
1397 2078 1602 2118 acceperat,
1633 2085 1700 2107 ex-

251 2119 389 2163 templo
416 2121 582 2155 Orestem
607 2125 644 2153 et
670 2118 1154 2164 EslamConstantinopolim
1177 2120 1502 2165 misit,‘iussitque
1519 2121 1698 2162 Orestem,

252 2177 422 2199 crumena
438 2191 447 2206 ‚
475 2167 514 2198 in
541 2177 648 2212 quam
673 2167 806 2212 Bigilas
832 2176 980 2206 aurum,
1020 2165 1119 2211 quod
1141 2165 1301 2199 Edeconi
1326 2165 1498 2207 daretur,
1529 2167 1699 2201 coniece—

253 2216 331 2252 rat,
365 2213 458 2245 collo
495 2213 683 2257 imposita,
728 2214 768 2246 in
802 2217 1035 2256 conspectum
1069 2212 1298 2257 Imperatoris
1321 2212 1446 2245 venire
1488 2216 1598 2257 atque
1633 2226 1699 2248 eu·

251 2257 412 2291 nuchum
436 2260 672 2303 interrogare,
688 2270 776 2292 num
800 2258 895 2292 hanc
918 2269 1123 2291 crumenam
1147 2264 1286 2300 nosset;
1322 2257 1454 2292 deinde
1476 2259 1593 2292 Eslam
1605 2258 1698 2295 haec

251 2304 363 2338 verba
387 2306 549 2348 proferre
565 2331 575 2346 ‚
603 2305 852 2339 Theodosium
877 2305 1023 2350 quidem
1063 2305 1150 2338 clari
1181 2305 1294 2349 patris
1325 2310 1362 2338 et
1387 2305 1523 2338 nobilis
1550 2316 1627 2340 esse
1653 2309 1699 2342 fi·-

253 2350 364 2390 lium‚
385 2351 533 2384 Attilam
558 2363 703 2398 quoque
734 2351 870 2385 nobilis
895 2352 1054 2396 parentis
1080 2361 1156 2385 esse
1182 2351 1350 2395 stirpem,
1390 2356 1427 2384 et
1448 2356 1587 2395 patrem
1615 2354 1695 2388 eius

252 2397 521 2431 Mundiuchum
568 2403 751 2442 acceptam
786 2409 807 2430 a
849 2404 950 2443 patre
984 2397 1212 2434 nobilitatem
1245 2398 1420 2441 integram
1455 2409 1695 2436 conservasse.

254 2442 325 2476 Sed
354 2442 602 2477 Theodosium
640 2443 772 2477 tradita
806 2456 826 2477 a
851 2450 953 2488 patre
983 2444 1178 2479 nobilitate
1203 2443 1398 2484 excidisse,
1440 2444 1540 2490 quod
1573 2445 1695 2480 tribu·

251 2494 330 2523 tum
355 2488 426 2522 sibi
451 2489 643 2533 pendendo
677 2503 762 2524 suus
794 2502 914 2524 servus
938 2495 1033 2524 esset
1055 2491 1183 2528 factus,
1229 2489 1310 2523 Non
1335 2490 1445 2534 igitur
1471 2492 1604 2524 iustam
1617 2503 1693 2526 rem

252 2535 370 2569 facere
397 2547 500 2576 eum,
532 2537 595 2580 qui
619 2537 878 2581 praestantiori
921 2532 961 2571 etv
993 2537 1046 2578 ei,
1112 2547 1194 2569 uem
1226 2536 1370 2571 fortuna
1403 2537 1589 2573 dominum
1618 2539 1693 2583 ipsi

254 2582 420 2622 dederit,
444 2587 617 2627 tanquam
648 2593 767 2615 servus
793 2583 979 2628 improbus
1005 2549 1245 2617 clandestinas
1269 2582 1420 2616 insidias
1445 2589 1558 2628 paret.
1617 2584 1694 2618 Ne-

254 2640 326 2675 que
355 2639 392 2661 se
415 2628 514 2672 prius
540 2628 723 2662 criminari
747 2630 853 2662 illum
877 2641 920 2666 eo
945 2630 1092 2663 nomine
1118 2628 1346 2670 destiturum,
1371 2640 1480 2675 quam
1505 2631 1691 2665 eunuchus

255 2675 302 2707 ad
334 2675 550 2719 supplicium
591 2674 639 2707 sit
669 2675 836 2708 traditus.
893 2677 1014 2721 Atque
1046 2675 1086 2709 hi
1118 2674 1265 2722 quidem
1309 2686 1388 2708 cum
1420 2675 1478 2709 his
1511 2676 1690 2711 mandatis

258 2720 612 2767 Constantinopolim
636 2727 890 2766 pervenerunt.
936 2722 1073 2757 Eodem
1099 2732 1244 2768 quoque
1267 2725 1430 2768 tempore
1465 2721 1618 2765 accidit,
1648 2727 1689 2758 ut
