1924 3164
767 161 1118 213 FRAGMENTA.
1561 146 1680 225 439

215 267 292 309 τοῦ
310 262 655 321 ἐπιτηδεύματος·
688 267 741 309 οὔ
755 265 834 325 γάρ
854 283 927 322 μοι
944 268 1137 323 θυμῆρες
1162 261 1217 323 ἦν
1245 266 1528 323 ἀγωνίζεσθαι
1542 267 1678 322 δίκας,

214 326 312 382 ,οὔτε
336 331 422 388 μὴν
458 334 503 375 ἐν
524 334 576 391 τῇ
600 332 800 392 βασιλείῳ
837 336 944 392 στοᾷ
970 336 1188 388 θαμίζειν,
1205 336 1278 377 καί
1306 334 1514 391 δεινότητι
1540 331 1676 390 λόγων

210 396 288 448 τὰς
313 399 396 440 ταῖν
433 397 766 454 ἐντυγχανόντων
797 400 1060 442 οἰκειοῦσθαι
1089 400 1335 457 φροντίδας·
1363 399 1440 443 καί
1460 399 1512 443 τὰ
1543 415 1676 443 σπου-

210 465 314 506 δαΐα
334 453 559 520 τοιγαροῦν
575 463 726 521 παρείς
745 465 818 507 καί
842 465 893 507 τοὶ
909 466 1101 522 χείριστα
1131 464 1338 520 ἐλόμενος,
1352 465 1538 522 κεχηνώς
1554 482 1675 523 περι-

187 528 438 572 ὄενόστουν·
467 532 546 572 καί
562 546 637 585 μοι
664 529 926 585 καταθύμιοι
954 528 1064 587 ἦσαν
1093 533 1136 574 οἳ
1167 548 1212 574 τε
1239 533 1420 589 θόρυβοι
1446 536 1529 576 τῶν
1553 550 1674 590 χρωα

207 593 358 650 μάτων
374 597 448 638 καί
478 596 518 638 οἱ
544 595 839 656 ἅμιλλητήριοι
856 600 940 640 τῶν
959 601 1098 640 ἳππων
1126 598 1299 653 α’γῶνες,
1328 598 1389 642 ἔτι
1417 615 1464 654 γε
1491 598 1575 659 μην
1601 600 1691 647 καί,

207 662 236 718 ἦ
265 660 530 716 παντόμιμος
559 657 761 720 ὄρχησις·
817 664 869 706 οὗ
897 664 980 720 μην
1026 662 1134 707 οἷλλοὶ
1163 667 1238 706 καί
1264 668 1546 723 παλαίστραις
1573 667 1672 708 ἐνα-

207 727 444 784 πεδυόμην·
501 727 576 771 καί
598 730 643 779 ἐς
661 724 860 772 τοσοῦτον
880 728 1078 781 ἐξώκειλα
1113 727 1385 787 ἀφροσύνης,
1417 729 1475 781 ὥς
1503 730 1578 774 καὶ
1599 729 1671 775 τὸν

207 795 412 850 φαινόλην
431 792 746 848 ἀποδύσασθαι,
775 794 1159 842 συναποδύσασθαι
1180 798 1228 838 δὲ
1242 793 1357 854 αὐτῷ
1373 799 1446 840 καί
1474 796 1522 839 τὸ
1542 813 1663 840 νουν-
1676 799 1792 837 R.353

155 861 322 915 Ιοεχὲς,
352 862 428 903 καί
453 856 555 903 ἄλλο
585 858 670 916 δ’,τι
698 863 742 912 ἐς
785 864 880 917 βίον
910 859 1150 918 ἆγλάϊσμα·
1208 863 1304 905 ἐπεὶ
1345 865 1392 906 δὲ
1421 862 1672 920 Μαυρίκιος

206 924 254 969 τὸ
295 928 513 982 βασίλειον
559 928 787 983 διεδὴσατο
840 928 1012 985 κράτος,
1053 932 1177 972 τοῦτο
1219 931 1300 983 μὲν
1337 933 1671 987 προμηθέστα-τω

204 989 317 1046 ἔχων
337 994 381 1043 ἐς
400 991 500 1044 τοὺς
519 993 745 1050 ἐπηκόους,
778 997 902 1038 τοῦτο
925 996 971 1038 δὲ
999 994 1074 1038 καί
1092 998 1287 1039 Μουσῶν
1313 995 1519 1053 ἐραστής,
1550 1013 1670 1052 ποιη-

204 1058 354 1112 μάτων
380 1076 428 1103 τε
465 1059 539 1104 καί
575 1059 767 1118 ἱστορίας
795 1059 954 1117 ἥδιστα
980 1063 1164 1117 ἐπαΐων,
1195 1060 1253 1112 ὦς
1282 1061 1356 1104 καί
1380 1061 1428 1104 τὸ
1459 1062 1565 1105 πολὺ
1595 1064 1670 1118 τῆς

205 1123 356 1175 νυκτός
393 1127 524 1182 μέρος
561 1128 885 1170 καταναλίσκειν
923 1130 1025 1185 περὶ
1063 1127 1142 1178 τὰς
1176 1130 1374 1180 τοιαύτας
1416 1127 1668 1186 φροντίδας,

155 1190 279 1233 ιόκαί
314 1194 542 1250 παρορμᾷν
580 1194 775 1236 ἐντεῦθεν
810 1194 890 1236 καί·
914 1194 1075 1246 θ’ξύνειν
1114 1200 1203 1245 τοῖς
1226 1191 1424 1249 χρήμασι
1451 1192 1553 1244 τοὺς
1582 1194 1666 1248 α’μ-

199 1259 431 1314 βλυτέρους
456 1258 528 1301 τὸν
555 1257 778 1315 λογισμὸν,
815 1261 1042 1315 α’γαπητῶς
1069 1261 1115 1303 ἐν
1140 1262 1199 1318 τῷ
1226 1259 1322 1302 τότε
1351 1258 1479 1314 ἔγωγε
1505 1257 1664 1314 ἀλύων,

199 1323 276 1365 καί
298 1324 628 1379 δυσανασχετῶν
664 1327 722 1383 τῷ
756 1323 817 1380 μη
859 1324 911 1368 τά
956 1327 1107 1368 δέοντα
1137 1324 1250 1380 ἔχειν
1260 1360 1274 1379 ,
1312 1324 1671 1380 ἀναλογιζόμενος.

198 1384 254 1445 ἧν
280 1389 340 1439 ὦς
385 1391 461 1432 οὐκ
490 1386 543 1446 ἧν
579 1389 724 1448 χρεῶν
762 1389 945 1448 ἀνόνητά
976 1408 1031 1446 με
1065 1397 1351 1448 περινοστεῖν·
1416 1391 1473 1441 ὥς
1504 1387 1581 1434 οὖν
1609 1388 1667 1435 ἂν·

197 1453 259 1511 μὴ
289 1454 361 1498 διὰ
405 1457 564 1507 παντὸς
601 1448 1178 1515 κενεμβατοίην,”αἳρμὴθην
1207 1459 1280 1500 ἐπὶ
1305 1455 1428 1513 τήνδε
1456 1455 1533 1513 τήν
1559 1474 1663 1514 συγ-

145 1521 394 1578 αογραφην,
437 1519 653 1580 ἄρξασθαι
689 1522 795 1577 μετὰ
835 1523 910 1580 τὴν
950 1526 1185 1579 α’ποβίωσιν
1223 1525 1303 1566 τοῦ
1327 1520 1561 1579 Ἀγαθιῖὶυ,
1589 1523 1664 1567 καὶ

196 1588 272 1644 ’τῆς
300 1586 486 1646 ἱστορίας
514 1588 776 1646 ποιήσασθαι
802 1589 877 1646 την
905 1587 1086 1647 ἆρχήν.”

309 1652 360 1708 β’.
415 1655 672 1711 Μένανδρος
709 1658 756 1698 ἐν
790 1660 842 1713 τῇ
872 1654 1027 1714 πρώτῃ.
1059 1682 1114 1691 --
1142 1657 1188 1700 ἕν
1215 1657 1350 1715 ταύτῃ
1381 1658 1436 1716 τῇ
1470 1658 1525 1715 γῇ
1556 1672 1661 1713 πρεε-Ι

197 1718 326 1775 σβεύς
351 1736 416 1769 τις
443 1721 704 1772 α’κοντισθείς
725 1721 798 1765 διὰ
831 1725 910 1765 τοῦ
927 1722 1112 1779 στήθους
1142 1724 1360 1766 α’πιόλετο·
1417 1726 1492 1766 καί
1517 1725 1659 1767 ἐντεῦ-

304 1821 357 1846 ιι.
381 1811 702 1857 προμηθέστατον
726 1811 936 1851 cod.vatic.
1012 1814 1064 1848 18.
1088 1810 1178 1848 ὥστ’
1207 1810 1280 1849 οὖν
1305 1811 1356 1851 ἄν
1390 1814 1470 1850 cod.
1494 1815 1580 1849 vat.

195 1894 312 1929 studii
338 1895 567 1940 professione
592 1906 671 1928 sum
695 1906 795 1929 usus.
844 1895 952 1930 Haud
977 1896 1076 1930 enim
1100 1894 1194 1931 mihi
1228 1897 1331 1931 cordi
1355 1897 1428 1931 fuit
1459 1908 1584 1931 causas
1617 1898 1660 1934 iu

197 1942 278 1976 foro
306 1953 432 1988 agere,
463 1943 523 1977 vel
548 1942 682 1988 regiam
705 1943 886 1987 porticum
911 1942 1170 1989 frequentare,
1206 1950 1244 1978 et
1275 1944 1511 1991 eloquentiae
1537 1945 1658 1978 facul-

195 1994 272 2022 tate
297 1991 454 2023 aliorum
479 1990 600 2023 studia
623 1989 715 2022 mihi
741 1990 948 2022 conciliare.
1007 1990 1131 2036 Quare
1165 1991 1342 2036 neglectis
1382 1991 1490 2024 rebus
1524 1992 1629 2025 seriis
1645 2017 1659 2033 ,

196 2036 382 2070 deteriora
408 2039 560 2078 sectari,
586 2042 623 2070 et
647 2036 787 2070 otiosus
812 2036 1001 2070 circumire
1028 2037 1147 2083 coepi.
1194 2037 1245 2071 Ac
1261 2038 1434 2082 placuere
1455 2037 1546 2071 mihi
1566 2042 1659 2073 stre-

193 2084 293 2128 pitus
319 2085 461 2126 musici,
492 2089 529 2117 et
553 2083 792 2117 decursiones
809 2089 1019 2129 equestres:
1044 2090 1311 2130 praetereaque
1334 2085 1546 2119 saltationes
1563 2096 1657 2130 pan-

195 2131 441 2166 tomimorum.
494 2131 551 2165 Ad
576 2131 668 2165 haec
692 2136 730 2165 et
765 2132 806 2164 in
837 2131 1027 2176 palaestris
1065 2131 1280 2176 frequenter
1317 2142 1375 2165 me
1415 2133 1582 2173 exercui,
1618 2137 1657 2167 et

196 2188 240 2211 eo
267 2179 449 2220 amentiae
473 2178 656 2224 processi,
682 2183 725 2211 ut
747 2178 943 2222 paenulam
968 2189 1139 2223 quoque,
1166 2183 1204 2211 et
1228 2189 1310 2212 cum
1335 2190 1378 2212 ea
1402 2189 1524 2212 sanam
1549 2190 1656 2215 men-

195 2227 272 2257 tem
307 2237 526 2271 omnemque
563 2224 798 2265 modestiam,
828 2236 920 2271 quae
944 2226 1057 2260 vitam
1095 2230 1224 2265 ornat,
1263 2236 1444 2260 exuerem.
1502 2225 1656 2260 Postea-

196 2282 307 2317 quam
331 2283 416 2308 vero
441 2272 640 2306 Mauricius
666 2272 862 2317 imperium
892 2272 1109 2318 capessivit,
1133 2271 1322 2318 princeps,
1349 2273 1414 2320 qui
1446 2278 1484 2307 et
1517 2271 1652 2319 Populi

195 2318 351 2352 salutem
376 2319 529 2364 provide
556 2320 731 2360 curabat,
755 2324 793 2352 et
818 2320 938 2352 Musas
965 2317 1132 2360 amabat,
1170 2319 1475 2366 poematibusque
1514 2325 1552 2353 et
1584 2318 1651 2353 hi-

195 2366 317 2398 storiis
343 2366 536 2400 audiendis
562 2378 671 2413 quam
695 2366 893 2410 plurimum
919 2365 1192 2407 delectabatur,
1231 2371 1359 2411 utpote
1386 2367 1450 2412 qui
1482 2377 1651 2412 magnam

194 2413 313 2446 noctis
339 2419 481 2458 partem
506 2414 584 2458 ipse
611 2415 650 2447 in
675 2414 723 2447 iis
756 2414 887 2447 studiis
921 2418 1172 2454 consumeret,
1211 2418 1248 2447 et
1278 2414 1427 2459 ingenia
1454 2412 1651 2448 hebetiora

193 2460 443 2494 munificentia
473 2462 650 2495 excitaret
669 2465 780 2506 atque
797 2465 966 2495 acueret:
993 2467 1081 2495 tunc
1096 2471 1162 2504 ego
1184 2461 1314 2495 merito
1333 2460 1460 2494 dolens
1475 2465 1512 2494 et
1525 2461 1651 2495 animo

194 2516 319 2551 aeger,
356 2507 456 2553 quod
480 2518 541 2549 ea,
576 2507 711 2553 quibus
746 2518 839 2552 opus
863 2513 982 2549 esset,
1013 2518 1090 2542 non
1122 2507 1321 2553 haberem3
1359 2519 1501 2542 mecum
1536 2518 1650 2553 repu-

144 2583 147 2587 .
192 2557 272 2586 tare
297 2555 423 2599 coepi,
456 2567 532 2589 non
564 2560 733 2600 oportere
762 2565 820 2587 me
853 2554 967 2589 vitam
1001 2553 1094 2588 adeo
1125 2554 1283 2589 inertem
1320 2560 1358 2589 ct
1393 2555 1549 2589 otiosam
1573 2560 1650 2588 tra-

194 2597 336 2633 ducere.
386 2601 510 2645 Quare
534 2613 580 2635 ne
612 2613 759 2647 prorsus
794 2601 889 2634 nihil
924 2611 1090 2647 agerem,
1128 2601 1174 2634 ad
1210 2602 1304 2636 hanc
1339 2601 1530 2636 historiam
1563 2601 1647 2634 ani-

193 2656 292 2678 mum
339 2648 493 2692 appuli,
538 2648 691 2695 eiusque
727 2648 1035 2695 conscriptionem
1071 2647 1119 2682 ab
1160 2648 1267 2684 obitu
1303 2648 1480 2694 Agathiae
1523 2648 1647 2694 auspi-

193 2697 298 2727 catus
320 2695 434 2727 sum.’'
997 2716 1014 2730 s

286 2751 319 2775 a.
368 2740 570 2777 Menander
604 2740 699 2778 libro
733 2742 861 2790 primo·
888 2762 929 2769 --
954 2742 1029 2777 Hac
1067 2743 1106 2792 in
1142 2742 1289 2788 regione
1317 2741 1456 2787 legatus
1494 2739 1647 2788 quidam
