1924 3164
343 141 457 218 492
895 167 897 171 ·
941 159 1226 204 Pnocomr

342 266 401 322 τῷ
414 267 494 318 μὲν
514 266 697 320 θατέρου
720 265 855 317 ψιλῶς
885 263 1139 313 ἀπολαύειν·
1169 262 1385 319 πρόκειται
1411 263 1492 320 γάρ
1510 261 1650 322 ὥσπερ
1667 270 1796 321 χεῖρα

341 333 660 386 προβαλλομένη
705 336 792 378 τοῖς
828 330 875 371 ἐκ
917 330 1146 384 πελάγους,
1194 329 1267 371 καί
1308 328 1619 387 φιλανθρώπως
1651 333 1795 380 αὐτοῖς

342 392 594 441 ἀπαντῶσα·
632 394 708 440 καί
732 393 805 437 τὸν
828 392 972 437 Ἰόνιόν
997 410 1061 443 τις
1087 396 1272 438 ἐκπλέων
1307 394 1534 451 προκύπτει
1576 398 1649 450 τῆς
1676 395 1794 448 νεώς,

347 460 540 518 καὶπρὸς
560 460 692 516 αὐτην
713 461 1036 517 ἐπιστρέφεται,
1064 463 1137 504 καί
1151 462 1292 519 ἡδονῇ
1321 463 1405 503 τῶν
1433 458 1658 517 ὁρωμένων
1684 459 1796 505 ἐστι-

345 530 444 569 ᾶται
473 525 548 582 τὴν
573 528 697 569 θέαν.
727 523 954 580 αὐτόχθων
978 526 1229 580 Ἐπίδαμνος
1254 528 1450 569 ἐντεῦθεν
1477 528 1664 582 προῆλθε
1680 560 1694 579 ,
1721 527 1822 570 καί5

344 595 396 649 τῇ
422 591 542 635 πόλει
569 591 649 648 τὴν
674 594 916 645 ἐπωνυμίαν
941 593 1193 648 χαρίζεται,
1221 591 1399 649 ὕστερον
1439 593 1486 634 δὲ
1516 590 1620 650 πρὸς
1657 591 1796 648 ἔρωτα

342 665 455 701 κινεῖ·
488 661 562 702 καί
597 657 672 701 τὸν
717 659 904 703 ’Λπόλλω
943 657 1016 700 τὸν
1044 657 1245 712 Πύθιον,
1292 659 1365 700 καί
1391 659 1444 715 τῇ
1472 661 1558 700 τῶν
1588 657 1795 714 Ἑλλήνων

341 721 512 783 ἇποικίᾳ
539 724 700 781 ταύτην
724 726 915 779 ἐκόσμει,
946 721 1015 768 οἷα
1045 723 1095 779 δὴ
1125 725 1277 777 μάντις
1303 723 1416 779 τάχα
1448 726 1586 773 καλῶς
1614 722 1662 766 τό
1692 726 1795 777 μέλ·-
1834 745 1836 748 ·

337 793 413 832 λον
439 788 589 844 εἰδώς,
618 790 676 840 ὥς
704 793 774 833 δεῖ
797 788 933 846 πάσης
959 792 1036 846 γῆς
1064 789 1138 832 καί
1166 789 1380 845 θαλάττης
1410 788 1544 833 κοινὸν
1575 786 1799 845 εὖεργέτην,

338 857 536 899 ἐντεῦθεν
566 857 849 913 ἀναφανῆναι.
879 858 1035 899 ου’κοῧν
1064 858 1103 898 εἰ
1125 855 1223 907 τούς
1250 858 1500 911 Ἀθηναίους
1528 852 1848 909 αὕτόχθοναςιο

338 921 506 965 ἄκου’ων
533 921 827 978 τεθαύμακας,
859 922 1043 979 πάρεστι’
1064 938 1131 965 σοι
1161 924 1433 975 μετ’ἑκείνων
1462 925 1798 979 φιλοτιμεῖσθαι·

335 988 380 1030 εἶ
402 988 480 1044 τήν
500 982 701 1032 Φαιάκων
722 988 1048 1046 φιλανθρωπίαν
1078 990 1230 1045 ζηλοῖς,
1260 989 1455 1031 ἐντεῦθεν
1481 988 1510 1044 ἦ
1539 986 1671 1038 πόλις.
1703 987 1796 1044 ἔχει

335 1054 387 1095 δὲ
422 1055 497 1095 καί
523 1054 770 1109 Κορινθίων
809 1053 858 1097 τὸ
894 1057 1033 1109 γένος,
1078 1056 1151 1096 stac*
1188 1052 1263 1110 την
1291 1054 1486 1109 Σπάρτης
1523 1056 1796 1110 φιλοτιμίαν,
1846 1087 1856 1096 -.

336 1121 410 1162 καί
439 1118 641 1175 πρόγονον
666 1120 880 1176 εΗρακλέα
895 1154 907 1174 ,
935 1120 1009 1163 καί
1031 1123 1087 1163 δι’
1114 1120 1276 1163 ἐκείνου
1300 1118 1374 1163 τὸν
1393 1122 1501 1177 Δία.

162 1189 268 1218 ”ww
294 1195 322 1217 ‘³-
352 1207 355 1209 ·
445 1187 495 1241 γ’.
558 1187 703 1229 Ταῦτα
727 1189 813 1233 ,καί
853 1185 905 1230 τὰ
935 1189 1114 1230 τοιαῦτα
1141 1185 1258 1242 παρὰ
1287 1188 1368 1228 τοῦ
1391 1186 1619 1243 κρείττονος
1646 1188 1849 1243 πρῶταιᾶ

158 1232 457 1308 Δ·ο’438ὸ”ῶ’ρα
487 1250 723 1306 δεξάμενος,
753 1253 829 1295 οὐκ
857 1247 1067 1310 ᾔσχυνας,
1097 1251 1159 1306 μὰ
1187 1252 1287 1306 Δία,
1315 1253 1432 1306 γένος
1463 1250 1570 1295 οὕτω
1597 1251 1792 1310 λαμπρόν

333 1320 408 1361 καὶ
444 1318 517 1360 διὰ
555 1316 721 1360 πάντων
748 1319 957 1377 ᾀδόμενον
977 1335 987 1345 ·
1028 1318 1137 1361 ἀλλὰ
1164 1318 1245 1374 γὰρ
1277 1316 1528 1375 ἀπέκρυψας
1558 1318 1660 1368 τοὺς
1687 1335 1793 1375 προ-

332 1382 561 1437 λαβόντας·
596 1383 670 1425 nat*
707 1383 807 1433 τούς
845 1380 1000 1435 ἄλλους
1041 1385 1236 1434 νικῶντες
1270 1391 1364 1434 ταῖς
1406 1386 1577 1441 ἀρεταῖς
1615 1386 1683 1428 ἐπὶ
1711 1389 1794 1428 σοῦ

331 1450 413 1505 τήν
439 1445 567 1504 ἧτταν
592 1447 988 1503 μεταμανθάνουσι·
1017 1451 1091 1492 καί
1119 1453 1314 1495 νικῶνται
1342 1452 1456 1506 νίκην
1487 1452 1688 1507 ἡδίστην,
1717 1454 1794 1494 καὶ

334 1515 389 1571 ἣν
407 1511 461 1559 ἂν
479 1511 671 1567 εὔξαιντο
689 1519 868 1573 πατέρες
895 1518 1110 1560 νικᾶσθαι.
1139 1518 1186 1559 ἐκ
1211 1515 1414 1559 τοιούτων
1440 1516 1520 1573 γὰρ
1551 1516 1846 1573 προελθών,20

336 1583 411 1624 καί
446 1583 626 1639 τραφείς
676 1578 816 1638 ὥσπερ
854 1581 963 1632 εἰκὸς
999 1581 1073 1624 τὸν
1115 1580 1226 1624 οὕτω
1266 1588 1354 1632 τοῖς
1386 1585 1488 1625 πᾶσι
1515 1581 1788 1639 νενικηκότα,

335 1649 411 1690 καὶ
435 1648 624 1704 προϊόντι
649 1650 706 1706 τῷ
731 1646 874 1705 χρόνῳ
903 1646 1125 1698 συναύξων
1151 1646 1224 1698 τὰς
1255 1645 1429 1704 ἀρετάς,
1459 1651 1635 1704 πρέπειν
1663 1646 1791 1704 ἡγού-

428 1751 461 1785 8.
485 1731 625 1796 μέλλον
645 1749 807 1790 Villois.‚
831 1749 950 1795 μέλον
972 1749 1050 1783 cod.
1134 1750 1200 1794 ‘13.
1226 1749 1453 1795 φιλοτιμίαν
1474 1748 1617 1785 Villois.
1632 1774 1644 1791 ,
1681 1760 1789 1795 φιτι-

427 1798 525 1843 μίαν
549 1795 628 1829 cod.
730 1799 781 1832 18.
810 1798 992 1835 νικῶντες
1016 1795 1124 1836 cod.,
1148 1798 1270 1831 νικῶν
1294 1796 1443 1840 Villois.

299 1872 303 1878 ’
335 1876 420 1912 frui.
468 1877 569 1910 Iacet
596 1886 704 1920 porro
730 1874 836 1920 quasi
869 1864 1016 1908 m'anum
1041 1874 1229 1920 porrigens
1255 1887 1275 1908 a
1309 1876 1399 1910 mari
1424 1875 1727 1917 advenientibus,
1751 1882 1792 1911 el.

334 1925 452 1957 amice
484 1923 538 1956 eis
568 1922 713 1956 obviam
744 1922 857 1963 facta3
893 1928 931 1955 et
957 1922 1125 1967 quisquis
1152 1933 1171 1954 e
1197 1923 1288 1955 mari
1317 1922 1422 1957 Ionio
1448 1925 1616 1969 navigat,
1654 1934 1673 1956 e
1699 1923 1786 1956 navi

333 1970 563 2016 prospiciens
589 1980 626 2002 se
652 1969 699 2002 ad
729 1979 809 2001 eam
839 1966 1044 2008 convertit,
1069 1974 1107 2002 et
1140 1968 1328 2013 voluptate
1355 1980 1374 2002 e
1399 1969 1522 2011 rebus,
1558 1981 1647 2016 quas
1672 1969 1789 2010 videt,

334 2017 498 2050 animum
522 2017 649 2060 pascit.
699 2016 769 2050 Hic
795 2026 814 2048 e
839 2020 934 2049 terra
958 2015 1182 2060 Epidamnus
1207 2020 1306 2049 ortus
1332 2021 1408 2057 est,
1443 2015 1507 2063 qui
1545 2017 1628 2050 urbi
1653 2026 1788 2050 nomen

332 2063 531 2109 praebuit3
566 2067 691 2107 postea
725 2073 811 2096 vero
849 2061 895 2095 ad
934 2063 1012 2095 eius
1037 2073 1195 2095 amorem
1228 2064 1422 2096 commovit
1446 2063 1554 2096 etiam
1579 2063 1789 2108 Apollinem

332 2110 529 2153 Pythium,
566 2110 860 2154 Graecorumque
897 2108 1042 2142 colonia
1068 2107 1197 2141 urbem
1234 2111 1398 2152 ornavit3
1433 2116 1473 2143 ut
1497 2115 1594 2144 vates
1630 2109 1783 2144 fortasse

333 2157 432 2190 hene
463 2155 661 2201 providens
686 2157 832 2193 futura:
873 2161 1041 2200 oportere
1071 2154 1244 2189 videlicet
1267 2167 1350 2190 eum
1376 2182 1385 2197 ‚
1421 2158 1485 2203 qui
1520 2167 1642 2191 omnes
1672 2162 1786 2190 terras

335 2208 375 2236 et
397 2214 496 2236 mare
523 2202 712 2236 beneficiis
737 2207 929 2236 ornaturus
955 2207 1068 2244 esset,
1090 2201 1151 2235 hic
1181 2204 1288 2236 nasci.
1339 2203 1378 2236 Si
1402 2204 1513 2248 igitur
1546 2202 1788 2238 Athenienses

335 2254 514 2295 tanquam
540 2249 746 2294 aborigines
771 2249 970 2283 admiratus
995 2260 1051 2290 es,
1073 2249 1162 2283 licet
1186 2260 1266 2282 cum
1291 2250 1365 2284 illis
1388 2250 1558 2294 gloriari,
1597 2252 1626 2283 si
1652 2249 1787 2284 Phaea-

340 2308 422 2332 cum
440 2297 645 2329 comitatem
663 2296 797 2341 diligis,
823 2296 933 2329 abiis
957 2295 1048 2329 haec
1072 2295 1158 2329 urbs
1187 2297 1364 2340 originem
1388 2297 1522 2338 habet:
1548 2301 1650 2331 tenet
1675 2298 1788 2332 etiam
1833 2300 1841 2310 ⁸

341 2342 619 2376 Corinthiorum
648 2355 780 2389 genus,
806 2348 843 2376 et
867 2343 1018 2388 Spartae
1045 2342 1194 2377 honoris
1221 2343 1483 2389 cupiditatem,
1519 2348 1556 2377 et
1584 2343 1680 2378 inter
1703 2355 1794 2391 ma-⁴

338 2390 436 2424 iores
461 2390 675 2430 Herculem,
702 2396 739 2423 et
764 2401 829 2434 per
854 2389 951 2423 hunc
974 2390 1107 2423 Iovem.

434 2436 467 2469 3.
515 2436 615 2469 Haec
648 2441 685 2469 et
710 2437 796 2470 talia
835 2436 952 2482 prima
985 2435 1081 2471 dona
1118 2447 1140 2469 a
1173 2437 1323 2472 numine
1349 2447 1430 2470 cum
1455 2436 1678 2479 accepisses,
1708 2446 1784 2470 non

341 2481 592 2522 dedecorasti,
619 2493 675 2515 me
701 2483 875 2523 Hercule,
908 2494 1018 2527 genus
1043 2487 1117 2516 tam
1142 2483 1374 2529 splendidum
1398 2489 1434 2516 et
1457 2482 1503 2514 ab
1530 2482 1698 2516 omnibus
1723 2493 1785 2516 ce-

337 2529 534 2569 lebratum,
558 2527 622 2562 sed
645 2530 797 2563 effecisti
822 2541 960 2570 eorum,
986 2530 1051 2574 qui
1076 2535 1160 2564 ante
1184 2530 1343 2571 fuerunt,
1367 2530 1518 2563 lumini:
1542 2533 1579 2561 et
1603 2533 1666 2574 qui
1691 2529 1786 2563 alios

339 2575 538 2610 virtutibus
566 2575 783 2620 vincebant,
807 2587 828 2608 a
856 2581 892 2609 te
928 2577 1090 2621 superari
1123 2576 1283 2612 discunt:
1326 2582 1363 2611 et
1397 2575 1546 2621 quidem
1586 2576 1782 2611 vincuntur

340 2622 493 2658 victoria
525 2622 760 2662 suavissima,
799 2623 981 2667 quomodo
1016 2628 1136 2667 patres
1170 2624 1268 2656 vinci
1303 2628 1442 2669 optent.
1492 2622 1644 2656 Talibus
1670 2623 1782 2668 igitur

338 2674 536 2714 prognatus
561 2674 599 2703 et
622 2668 819 2708 educatus,
857 2675 899 2701 ut
924 2671 957 2702 ei
984 2670 1226 2708 conveniebat
1260 2670 1324 2716 qui
1363 2668 1533 2702 omnibus
1559 2670 1666 2705 rebus
1695 2675 1780 2706 tau-

338 2721 466 2763 tepere
491 2720 697 2762 superaret,
724 2720 761 2749 et
784 2727 865 2751 eum
890 2717 1062 2763 temporis
1086 2727 1276 2763 progressu
1296 2717 1447 2754 virtutes
1471 2726 1630 2763 augens,
1652 2716 1782 2765 decere
