1924 3164
433 177 488 219 m
526 175 770 219 ECLOGAs
812 174 1038 217 mmmm
1079 171 1276 215 stum.
1459 150 1572 227 5827

133 278 280 332 potitus
312 291 341 316 a
372 275 446 316 bar
438 278 574 326 'bar-is,
602 279 653 316 ab
671 276 915 317 Antzochena
933 275 1222 315 Calandz'onem
1239 273 1358 329 pellzt
1383 272 1546 312 ecclesia
1561 299 1576 321 ,

137 333 300 371 exulem
328 333 491 384 famens
520 347 546 371 α
573 333 629 371 ud
665 333 815 379 own,
870 331 1108 384 Petrumque
1150 330 1336 383 Cnapltea
1371 329 1579 367 constituit..

138 387 295 425 Giaeca
322 389 377 425 sic
413 401 454 426 se
482 387 533 425 ha
564 394 631 425 ent
659 388 698 424 in
735 387 819 428 MS.
845 386 1006 432 codice,
1038 399 1119 437 quo
1141 392 1265 423 utor:
1296 380 1455 449 Ζήνων
1483 381 1528 421 δὲ
1559 395 1581 419 ο

138 436 339 492 βασιλεὺς
367 439 530 487 due-9514,-
557 441 639 481 τῶν
659 437 872 492 τυοάνιων
896 440 1063 502 ἐξέβαλε
1102 440 1177 491 τῆς
1203 437 1420 488 ἐκκλησίας
1442 434 1636 476 'Aru-V.
1650 440 1719 475 208

140 494 276 545 οχέων
304 495 597 546 Καλανδίονα,
625 509 693 533 και
722 493 916 546 ἐξώρισεν
944 493 1003 539 εἰς
1032 486 1194 532 '‘Ouow.
1227 492 1396 542 Πὲτυον
1423 490 1470 530 δὲ
1510 487 1583 530 τὸν

145 549 329 602 Κναφέα
368 550 604 614 κατέστησε.
660 551 834 588 Causam
878 548 982 586 exilii
1028 550 1156 611 aperit
1192 547 1394 600 Euagrius
1434 545 1508 585 lib.
1538 547 1579 585 5.

144 618 234 666 cap.
270 604 333 643 16.
355 619 368 642 :
414 599 460 650 ὃς
487 599 658 651 ὕστερον
686 601 762 656 τὴν
789 617 847 649 εις
883 599 1029 642 ’Όασιν
1057 599 1216 653 σι’κησιν
1255 600 1548 651 κατακρίνεται
1569 630 1584 651 ,

143 652 306 706 ἀμῦναι
342 655 554 708 νομισθεὶς
581 655 719 697 Ἴλλου
766 657 839 696 καί
874 655 1060 711 Λεοντίω
1095 671 1165 696 και
1200 657 1465 708 Παμπρεπεῐ
1486 654 1587 709 περι

149 708 230 764 τὴν
254 709 445 763 Ζήνωνος
472 711 712 765 τυραννιᾞὸα

258 767 357 820 Pag.
383 782 444 821 ¹9·
467 768 514 806 C.
538 767 652 822 [476,
671 766 734 820 8.]
763 766 900 806 Hzllus
932 767 1056 806 multa
1081 767 1283 805 Romanae
1324 766 1385 803 rei
1399 765 1582 819 publicae

145 822 321 860 contulit.
378 823 584 862 Laudatur
617 837 639 860 a
669 822 878 873 Candido,
917 836 1037 875 quem
1077 821 1145 860 alii
1181 828 1228 859 ut
1257 821 1422 872 Magum
1452 827 1490 858 et
1517 822 1582 859 in-

144 883 390 915 cantatmem
427 877 659 917 tiaducunt.
730 877 835 915 Vide
871 878 1016 916 Suiclae
1055 876 1254 928 Excerpta
1282 889 1325 926 p.
1348 874 1415 927 47.
1446 882 1485 912 et
1511 875 1580 915 60.

146 933 278 984 regiae
319 932 516 971 editionis.
574 933 630 971 At
673 939 807 971 noster
845 932 911 971 hic
947 932 1109 984 culpam
1150 944 1310 969 omnem
1350 929 1505 972 confert
1539 931 1583 969 iu

146 986 448 1049 Pamprepium,
469 987 671 1026 hominem
700 987 881 1038 impium,
909 987 1170 1040 Aegyptium,
1199 985 1516 1024 Grammaticum
1543 991 1584 1024 et

146 1055 196 1093 p1
198 1042 502 1094 aestigiatorem
561 1042 658 1080 Hilli
678 1043 831 1080 artibus
847 1042 1037 1081 Armatus
1057 1056 1080 1080 a
1100 1040 1288 1079 Basilisco
1310 1039 1360 1077 ad
1380 1040 1583 1079 Zenonem

147 1095 307 1147 defecit,
337 1103 382 1135 ut
410 1096 615 1135 Candidus
643 1105 806 1145 narrat,
831 1098 1100 1160 eiusdemque
1111 1110 1245 1144 suasu,
1272 1102 1370 1133 teste
1387 1094 1582 1158 Euagrio,

148 1151 258 1189 Zeno
287 1151 503 1190 Armatum
531 1149 810 1191 inte1t'ecit:6
842 1151 887 1191 δὲ
914 1147 1064 1203 Ζήνων
1082 1143 1216 1190 Ἴλλου
1247 1148 1389 1202 γνώμῃ
1419 1150 1489 1187 καί
1515 1146 1584 1188 τὸν

153 1203 362 1256 Ἀρμαῖον
393 1200 563 1259 ἀναιρεῖ
584 1207 759 1257 συγ7ενῆ
786 1206 962 1258 Βερινης
990 1206 1064 1257 τῆς
1089 1204 1306 1255 βασιλίδος
1324 1211 1401 1242 etc.
1419 1203 1523 1252 ,lib.
1541 1206 1581 1244 3.

150 1273 239 1312 cap.
269 1259 338 1311 24.
361 1290 374 1311 ,
401 1260 472 1299 ubi
510 1261 683 1308 subiicit,
714 1261 966 1309 Basiliscum,
997 1261 1153 1299 Armati
1180 1259 1588 1306 filium‚Caesa1-em

148 1314 322 1353 Nicaeae
345 1322 550 1364 meatum,
581 1291 826 1355 sacerdotem
854 1319 1047 1369 primum,
1077 1323 1164 1354 tum
1193 1321 1330 1367 postea
1358 1316 1589 1366 episcopum

154 1369 279 1408 fuisse
307 1377 500 1408 creatum.
533 1368 647 1409 Illius
674 1385 835 1424 quoque
863 1370 1000 1415 sedula
1022 1385 1142 1424 opera
1170 1384 1215 1408 ac
1240 1370 1443 1422 promissis
1469 1368 1589 1408 multi

151 1438 176 1462 a
204 1426 294 1463 Mai
296 1425 409 1463 ciano
437 1432 477 1464 et
501 1425 698 1478 Procopio
727 1425 947 1475 abstracti,
974 1433 1022 1464 ut
1049 1427 1165 1465 docet
1191 1423 1470 1476 Theophanes.
1525 1425 1591 1463 De

151 1478 291 1517 eodem
321 1479 430 1518 Hillo
458 1479 629 1533 plurima
659 1483 870 1533 scripserat
886 1480 1000 1530 μάλα
1022 1480 1167 1532 λογίως
1191 1478 1428 1518 Eustathius
1445 1479 1590 1531 Syrus,

153 1547 273 1586 quem
311 1534 448 1573 multis
485 1534 671 1575 laudibus
711 1535 824 1575 effert
863 1537 1063 1589 Euagrius
1099 1534 1171 1574 lib.
1203 1534 1245 1573 5.
1274 1548 1389 1586 capp.
1418 1533 1486 1572 26.
1518 1547 1587 1587 ²7·

153 1595 193 1626 et
223 1602 288 1642 29.
297 1618 308 1639 ,
338 1603 440 1641 quae
470 1604 539 1642 per
568 1592 695 1629 otium
724 1591 938 1631 consules:
979 1604 1108 1643 neque
1138 1589 1244 1628 enim
1271 1591 1384 1627 iuvat
1410 1588 1591 1629 conferre

153 1657 254 1696 quae
297 1644 346 1682 de
387 1645 540 1683 insidiis
578 1659 602 1683 a
639 1646 791 1684 Verina
822 1655 891 1686 aut
918 1647 1080 1684 Zenone
1109 1643 1219 1683 Hillo
1247 1646 1395 1696 paratis
1421 1650 1593 1696 uterque

153 1698 288 1736 r.efert
348 1698 431 1737 Nec
458 1699 629 1750 desunt,
657 1702 727 1752 qui
756 1702 874 1739 etiam
904 1700 956 1739 ab
986 1699 1167 1738 Ariadna
1194 1706 1352 1751 paratas
1379 1697 1466 1736 illas
1492 1700 1593 1737 scri-

155 1751 254 1790 bant
293 1753 399 1805 apu'd
438 1754 619 1792 Suidam.
675 1755 862 1794 Ceterum
899 1755 950 1793 de
993 1756 1130 1793 Marso
1174 1761 1213 1792 et
1253 1754 1492 1805 Pamprepio
1519 1754 1593 1805 qui

154 1806 370 1859 singularia
398 1807 535 1858 volet,
567 1809 682 1848 adeat
708 1810 965 1849 Damascium
1002 1810 1044 1848 in
1073 1810 1156 1848 vita
1186 1808 1326 1846 Isidori
1356 1807 1594 1860 Philosophi

160 1863 268 1914 apud
295 1863 486 1901 Photium
513 1877 630 1917 pagg.
667 1865 779 1904 1050.
816 1864 931 1904 1058.
969 1878 1084 1918 1071.
1115 1863 1279 1902 edition.
1310 1863 1463 1900 Genev.

268 1917 371 1969 Pag.
397 1933 444 1972 19
451 1919 530 1957 ..C
552 1918 615 1972 [47
622 1918 662 1966 6,
686 1918 765 1972 ι5.]
795 1920 848 1958 In
889 1919 1115 1957 Odoacrum
1146 1932 1272 1969 magt-5
1301 1917 1476 1956 Zenonis
1504 1918 1596 1955 ani-

157 1986 240 2010 mus
257 1933 480 2011 inclinaflgt.
537 1973 616 2011 Per
644 1973 780 2013 Gallos
809 1974 1071 2020 Occidentis,
1103 1977 1173 2026 qui
1203 1972 1391 2011 Odoacro
1420 1985 1502 2009 non
1529 1987 1596 2011 ac-

158 2027 430 2079 quiescebant,
460 2028 660 2067 Romanos
687 2028 889 2082 intellige,
918 2031 987 2081 qui
1009 2027 1232 2067 Galliarum
1249 2035 1403 2079 partem
1421 2025 1598 2079 aliquam

157 2081 409 2132 incolebant,
448 2089 488 2121 et
514 2083 704 2122 adversus
740 2083 942 2133 Francos,
981 2082 1233 2135 Vesogothos
1272 2088 1311 2120 et
1341 2082 1600 2134 Burgundio-

159 2150 230 2174 nes
253 2165 286 2199 ,
303 2137 510 2176 civitates
505 2139 668 2190 aliquot
694 2139 1010 2192 piopugnabant.
1080 2138 1139 2176 Ita
1169 2137 1276 2176 enim
1311 2149 1466 2188 expono
1495 2136 1720 2191 dvo-P.1o9

161 2186 314 2239 μικοὺς
347 2188 557 2243 Γαλάτας,
587 2193 638 2231 ad
657 2193 952 2232 distinctionem
973 2192 1179 2232 sazau&
1206 2191 1288 2230 τῶν
1317 2190 1362 2229 ἐν
1389 2191 1443 2244 τῇ
1465 2190 1602 2248 Ἀσία.

159 2245 315 2284 Eadem
343 2245 543 2286 locutione
570 2249 860 2300 propemodum
887 2262 983 2286 usus
1011 2247 1174 2285 Priscus
1205 2246 1369 2284 Panites
1395 2233 1598 2299 Sophista‚

161 2313 251 2352 pag.
275 2299 342 2353 57.
382 2301 671 2368 Excerptorum
707 2303 758 2341 de
795 2302 1060 2356 legationibus
1087 2301 1185 2340 edit.
1215 2301 1373 2353 regiae,
1419 2301 1601 2342 meminit

163 2353 363 2393 Γαλατῶν
392 2355 474 2394 τῶν
501 2359 545 2396 ἐν
570 2357 622 2409 τῇ
648 2352 834 2411 ἑσπερίᾳ.
863 2359 925 2396 De
942 2357 1135 2404 odoacre,
1154 2355 1373 2394 Erulorum
1401 2369 1508 2409 rege,
1527 2359 1599 2410 qui

162 2407 276 2460 pulso
305 2411 432 2448 Roma
459 2410 675 2463 Augustulo
703 2398 839 2450 Italiae
867 2426 940 2463 per
973 2410 1036 2449 18.
1067 2424 1194 2449 annos
1221 2411 1348 2462 imper
1349 2411 1460 2458 avit,
1481 2411 1601 2463 plura

163 2461 260 2501 alias
302 2478 347 2503 ex
386 2467 606 2504 coaetaneis
633 2467 802 2505 maxime
827 2466 1087 2518 scriptoribus
1115 2465 1378 2518 proferemus.
1435 2465 1601 2506 Interim

164 2516 250 2569 lege
277 2519 401 2571 ignoti
431 2521 696 2573 fragmentum
723 2528 813 2573 post
836 2520 1096 2558 Ammianum
1128 2519 1405 2558 Marcellinum
1433 2519 1600 2571 editum,

164 2571 406 2626 alteriusque
445 2575 648 2628 Anonymi
676 2589 701 2614 a
729 2575 976 2628 Cuspiniano
1008 2575 1238 2614 cassiodori
1284 2575 1417 2613 Fastis
1459 2575 1600 2616 inserti

163 2627 353 2678 pretiosas
382 2628 583 2684 reliquias.

275 2682 379 2736 Pag.
399 2696 471 2723 20.
490 2684 543 2724 A.
564 2683 682 2739 [476,
700 2683 790 2738 ια]
824 2683 872 2723 V
864 2698 1022 2723 ennam
1047 2685 1091 2724 ln
1124 2683 1288 2723 Ciliciae
1309 2683 1509 2723 castellum
1528 2684 1600 2723 ab·

165 2735 325 2788 legavit.
383 2738 600 2794 Papyrium
638 2739 816 2780 Isauriae
851 2738 1089 2780 nominatim
1116 2739 1339 2793 designant
1363 2738 1601 2781 Theodorus
