1924 3164
329 157 362 214 5
368 158 441 225 48
712 173 931 216 HENRICI
970 170 1175 213 VALEsn
1218 170 1402 213 NOTAE

327 271 448 324 οὗτος
475 275 558 317 τῶν
593 270 819 327 βασιλείων
847 267 1109 325 ξιφηφόρων.
1163 271 1369 324 Spatharii
1394 284 1416 310 a
1445 270 1596 309 Latinis
1622 268 1764 308 ‹licun-

329 340 424 384 tur,
454 346 554 385 quos
584 332 639 369 sic
668 328 856 367 describit
888 329 1086 379 Corippus
1114 326 1155 364 in
1178 326 1249 364 lib.
1279 327 1344 365 3.:

591 384 780 435 Armiger
797 385 948 421 interca
973 382 1131 420 domini
1151 382 1314 432 vestigia
1343 380 1509 418 lustrans

588 438 751 477 Eminet
770 438 946 476 eoecelsus
974 450 1089 491 super·
1110 437 1244 473 omnia
1278 436 1422 473 vertice
1447 434 1608 472 Narses.

436 495 539 546 Pag.
573 507 661 532 100.
684 490 861 545 C.[284‚
881 490 939 544 5.]
974 484 1235 541 Ου’ϊγούροις,
1249 482 1336 528 εἶτα
1359 484 1530 535 Ζάλοις.
1552 489 1651 542 Pag.
1675 499 1766 541 109.

324 551 371 591 Β.
403 545 629 599 Οὖϊγοῧροι
655 546 846 585 dicuntur
875 544 1018 583 Turcis
1036 545 1170 583 vicini.

435 603 537 655 Pag.
575 615 669 640 100.
690 599 868 666 C.[284‚
901 598 962 653 5.]
996 593 1063 637 ὅτι
1095 595 1245 637 ἐηείοῐ
1276 590 1475 649 ἄρχοντες
1498 597 1594 637 τῶν.
1631 595 1770 636 Scribe

324 672 415 698 meo
453 656 631 711 periculo
673 651 711 694 οἱ
749 651 950 707 ἄρχοντες
970 651 1135 692 Ἀνταῖν.
1190 652 1245 691 Et
1271 651 1392 705 paulo
1423 659 1541 704 post,
1576 652 1646 691 ubi
1669 651 1768 703 legi-

323 721 393 751 tur
443 706 682 761 πιεζόμενοι
723 708 759 748 ὁ”
802 701 879 748 οὖν
918 711 1011 753 ταῖς
1043 707 1126 745 τῶν
1163 708 1255 745 πολ.
1306 705 1556 757 ἐπιδρομαῖς
1596 703 1770 755 οἴονται,

324 767 411 820 lege
455 765 704 815 ἐπιδρομαῖς
744 758 781 802 οἱ
810 756 971 802 *Aa-wc.
1004 762 1087 800 Nec
1123 761 1250 800 multo
1280 768 1371 814 post
1409 760 1613 800 emendo:
1653 772 1773 812 περι-

322 822 522 873 βέβληται
544 815 722 868 δύναμιν
748 817 792 856 ἐν
813 812 984 862 ’Ἀνταις
1004 832 1015 867 ;
1049 816 1192 855 deinde
1216 817 1257 854 in
1289 815 1428 854 eodem
1453 814 1581 868 capite
1614 814 1770 854 scribe:

322 872 492 925 ἔτεμνον
520 871 598 925 τὴν
623 873 700 924 γῆν
727 871 811 911 τῶν
835 866 1014 918 Ἀντῶ-ν,
1048 870 1157 923 quod
1190 870 1353 924 quidem
1389 871 1515 908 miror
1554 870 1606 909 ab
1639 870 1770 908 Inter-

324 937 439 983 prete
479 942 562 967 non
603 926 929 966 animadversum
973 925 1106 964 fuisse.
1154 926 1217 965 De
1243 925 1362 964 Antis
1402 925 1495 965 vide
1528 924 1773 977 Procopium

324 992 366 1024 et
388 984 618 1023 Iordanem.

435 1039 544 1090 Pag.
582 1050 670 1075 101.
695 1036 749 1074 D.
767 1033 885 1089 [286,
906 1033 994 1088 πμ]
1024 1035 1128 1088 Lege
1156 1033 1496 1086 ε’γκαθειργμένοι
1525 1026 1618 1073 εἶεν.
1657 1033 1773 1084 Quae

328 1093 474 1132 deinde
503 1098 742 1144 sequuntur,
773 1097 866 1129 sunt
907 1104 953 1128 ex
975 1090 1080 1128 libro
1109 1104 1148 1128 2.
1173 1089 1432 1127 historiarum
1457 1088 1693 1138 Menandri,
1723 1087 1775 1126 de

322 1146 462 1201 legatis
497 1146 682 1186 Avarum
700 1176 711 1194 ,
771 1147 840 1198 qui
875 1146 1095 1198 imperante
1131 1146 1284 1182 Iustino
1326 1144 1562 1196 Byzantium
1595 1155 1771 1192 venere,

321 1210 369 1241 ut
389 1202 582 1241 solemnia
605 1214 788 1247 munera,
820 1213 923 1252 quac
952 1215 975 1238 a
997 1200 1218 1238 Iustiniano
1239 1198 1331 1251 ipsis
1356 1198 1443 1236 dari
1466 1203 1772 1246 consueverant,

324 1257 378 1296 ab
400 1258 555 1294 Iustino
585 1269 747 1307 quoque
770 1256 1023 1306 acciperent3
1054 1254 1191 1292 fascias
1215 1253 1364 1292 scilicet
1392 1266 1491 1291 auro
1521 1254 1772 1305 variegatas3

325 1307 475 1364 σειρὰς
501 1317 540 1347 et
577 1308 765 1347 καλώδια
815 1316 932 1348 vocat
974 1309 1210 1347 Menander.
1278 1308 1330 1346 Iis
1363 1315 1495 1345 autem
1533 1307 1660 1346 fasciis
1702 1319 1773 1345 seu

322 1365 512 1418 prandeis
543 1362 700 1402 Abares
730 1377 887 1402 comam
907 1363 1158 1409 vinciebant,
1190 1369 1235 1400 ut
1261 1362 1377 1401 docet
1407 1361 1574 1401 historia
1595 1360 1775 1400 Miscella

323 1419 397 1458 lib.
424 1419 508 1471 16„
531 1418 640 1456 unde
671 1418 866 1470 Corippus
895 1417 935 1455 in
959 1417 1030 1455 lib.
1070 1431 1103 1455 1.
1129 1417 1244 1455 dicit:

543 1493 651 1501 ————-
673 1472 948 1511 coluhrimodis
976 1471 1153 1510 Ahar-um
1188 1485 1281 1522 gens
1314 1485 1422 1509 nexa
1447 1471 1618 1525 capillis.

323 1527 456 1567 Porro
485 1526 583 1565 haec
607 1524 751 1578 legatio
779 1525 964 1564 Avarum
994 1526 1221 1564 introducta
1257 1532 1315 1563 est
1347 1526 1411 1563 die
1434 1540 1472 1578 7.
1490 1533 1578 1578 post
1600 1526 1772 1577 inaugu-

327 1582 527 1620 rationem
554 1581 695 1619 Iustini
725 1580 898 1619 Iunioris
915 1610 927 1630 ‚
954 1587 1055 1619 teste
1073 1580 1244 1633 Corippo
1271 1581 1314 1618 in
1337 1579 1409 1619 lib.
1423 1580 1487 1620 5.:

588 1635 767 1689 Septima
792 1635 866 1674 lux
889 1635 1044 1674 aderat.

326 1696 366 1729 et
396 1703 509 1742 mox,

589 1744 756 1796 Legatos
779 1742 960 1783 Avarum
988 1745 1106 1784 iussos
1126 1745 1275 1783 intrare
1295 1743 1488 1797 Magister

595 1798 701 1837 Ante
718 1799 837 1850 sores
858 1813 990 1837 sacras
1018 1799 1179 1837 divinae
1205 1800 1359 1838 nuntiat
1382 1799 1528 1849 Aalae,

594 1852 763 1891 orantes
795 1852 874 1891 sese
906 1854 1069 1906 vestigia
1094 1868 1208 1892 sacra
1233 1854 1370 1892 videre

594 1907 799 1946 Clementis
824 1908 998 1947 domini.-
1023 1922 1117 1964 quos
1146 1922 1241 1947 voce
1259 1917 1300 1948 et
1328 1916 1453 1947 mente
1480 1906 1647 1959 benigna
1695 1931 1698 1934 ι

591 1961 772 2015 Imperat
791 1963 927 2000 acciri.

328 2016 500 2069 Reliqua
537 2014 701 2069 Corippi
733 2017 909 2055 narratio
934 2030 1026 2054 cum
1053 2016 1265 2055 Menandri
1294 2016 1461 2055 historia
1490 2026 1653 2067 prorsus
1675 2027 1771 2053 con-

375 2073 449 2109 uit.

327 2084 373 2123 gr
440 2124 544 2176 Pag.
569 2125 658 2163 103.
675 2122 725 2162 C.
754 2122 872 2177 [29o,
892 2123 946 2178 1.]
967 2123 1009 2171 ἒς
1034 2121 1111 2176 τὴν
1131 2125 1214 2164 τῶν
1236 2120 1442 2178 Φράγγων
1453 2119 1612 2175 χώραν.
1656 2121 1771 2162 Aba·

328 2192 393 2217 res
427 2186 515 2231 post
542 2186 712 2217 mortem
736 2179 931 2217 Clotharii
961 2179 1002 2217 in
1024 2179 1286 2233 Thuringiam
1319 2181 1573 2231 irruperunt,
1613 2183 1653 2215 et
1680 2191 1772 2216 cum

329 2233 546 2285 sigisberto
569 2233 720 2272 bellum
743 2247 914 2286 gessere,
944 2241 990 2271 ut
1014 2234 1152 2272 scribit
1178 2234 1329 2273 Paulus
1353 2235 1392 2271 in
1417 2233 1508 2272 hist.
1535 2231 1773 2284 Longobar-

331 2287 478 2325 dorum
497 2287 569 2325 lib.
606 2301 646 2326 2.
682 2301 769 2340 cap.
795 2302 856 2326 10.
900 2294 939 2326 et
964 2289 1177 2341 Gregorius
1201 2289 1447 2327 Turonensis
1470 2286 1542 2325 lib.
1574 2285 1615 2337 4.
1631 2315 1642 2334 ,
1661 2286 1768 2339 quod

331 2341 553 2379 notandum
580 2349 638 2380 est
666 2342 874 2394 contigisse
899 2357 1005 2381 anno
1020 2344 1149 2396 primo
1173 2344 1311 2382 lustini
1333 2342 1517 2381 Iunioris.
1548 2340 1655 2379 Male
1678 2354 1772 2393 ergo

333 2395 590 2434 Hermannus
616 2397 853 2436 Contractus
894 2411 998 2436 anno
1021 2398 1116 2437 561.
1154 2398 1196 2437 id
1224 2398 1346 2437 refert
1381 2397 1654 2450 quinquennio
1679 2402 1773 2435 ante

332 2450 542 2488 Iustiniani
567 2458 752 2489 mortem.

445 2503 548 2555 Pag.
570 2506 656 2543 103.
669 2505 715 2542 C.
737 2505 852 2559 [29o‚
874 2504 933 2559 2.]
954 2504 1175 2558 ἀπολογίαν
1196 2501 1503 2556 θαυμάσαντες.
1556 2503 1655 2543 Post
1672 2503 1772 2544 haec

332 2559 457 2598 verba
480 2559 590 2610 sequi
615 2558 733 2597 debet
762 2559 906 2612 legatio
937 2561 1076 2599 Iustini
1095 2561 1146 2599 ad
1175 2561 1316 2599 Persas
1331 2589 1343 2610 ‚
1372 2572 1474 2611 quae
1494 2558 1666 2598 refertur
1678 2573 1772 2612 pag.

339 2612 429 2664 148.
451 2612 502 2651 A.
516 2642 528 2662 ‚
549 2613 657 2664 quod
673 2614 835 2664 quidem
848 2615 1052 2654 manifeste
1064 2617 1315 2654 convincitur
1331 2627 1376 2652 ex
1401 2612 1479 2651 illis
1496 2612 1643 2661 verbis,
1721 2626 1770 2652 ae

332 2667 388 2706 ibi
408 2667 596 2721 leguntur
612 2665 687 2705 sub
708 2668 892 2707 initium:
928 2667 1234 2721 παρενεγγύησε
1261 2667 1308 2707 δέ
1332 2680 1404 2717 μοι
1433 2665 1581 2720 [scribe
1621 2627 1768 2719 οἱΗυέκ

328 2721 408 2771 μὲν
436 2720 512 2761 τοῦ
530 2719 747 2774 ἐμφανοῦς
778 2718 1029 2776 ἅνακήρυξιν
1051 2719 1311 2776 ποιήσασθαι
1339 2721 1410 2774 τῆς
1442 2715 1584 2767 αὐτοῦ,
1599 2720 1671 2762 ἐπὶ
1689 2716 1766 2774 τήν
