1924 3164
433 203 488 245 IN
527 201 773 245 ECLOGAS
812 200 1155 243 THEOPHANIS
1194 198 1456 242 BYzANTn.
1528 177 1659 254 ‘595‘

221 308 316 347 imis
356 306 573 346 Armeniae
605 305 755 346 incolas
800 307 931 345 Peisis
971 305 1194 356 subiectos,
1224 306 1295 358 qui
1323 304 1398 344 sub
1429 304 1584 344 Iustino
1611 305 1663 343 ad

221 364 422 401 Romanos
435 362 691 401 defecerunt:
712 356 751 399 οἱ
771 362 846 413 τῆς
873 355 1004 399 πάλαι
1005 358 1199 424 μεγάλης
1221 359 1457 411 Ἀρμενίας,
1489 355 1663 423 ὕστερον

222 415 270 455 δὲ
298 414 621 484 Περσαρμενίας
646 410 1004 477 ὄνομασθεισης,
987 409 1014 465 ἡ
1043 410 1187 477 πρώην
1208 412 1434 464 Ῥωμαίοις
1460 410 1663 464 κατήκοος

219 465 295 523 ἦν·
342 469 555 510 Φιλίππου
593 469 640 508 δὲ
680 468 755 508 τοῦ
780 464 884 519 μετὰ
915 465 1149 535 Γορδιανὸν
1167 467 1499 535 καταπροδόντος
1528 465 1663 519 αὐτὴν

222 526 284 580 τιὸ
310 524 507 591 Σαπώρῃ
514 556 526 575 ,
552 519 578 576 ἧ
606 522 684 574 μὲν
710 524 911 588 κληθεῖσα
938 519 1069 586 μικρὰ
1094 519 1295 573 Ἀρμενία
1320 519 1425 574 πρὸς
1444 518 1663 571 Ῥωμαίων

219 564 452 632 ἐκρατήθη,
485 578 508 632 ἢ
541 579 586 618 ὸέ
609 591 655 629 γε
683 574 806 631 λοιπὴ
832 577 948 616 πᾶσα
979 573 1082 628 πρὸς
1109 577 1304 630 Περσῶν.
1351 578 1461 616 Inter
1474 576 1662 616 Theodo-

220 636 311 682 reti,
342 635 527 687 Cyrensis
555 634 755 686 episcopi,
793 647 817 671 a
845 633 896 670 R.
927 631 976 669 P.
1008 633 1087 670 Iac.
1118 632 1330 670 Silmondo
1359 628 1778 685 editaseepisto-P.114

221 689 280 727 las
308 697 462 728 exstant
484 689 586 727 duae
608 702 672 754 77.
692 694 731 726 et
760 686 828 741 78.
844 687 1028 749 scriptae
1059 686 1110 725 ad
1129 686 1335 725 Eulalium
1353 694 1393 726 et
1412 688 1658 736 Eusebium,

220 744 437 795 Περσικῆς
458 737 680 795 Ἀρμενίας
708 736 972 786 ἐπισκόπους.
1027 742 1214 779 Meminit
1242 756 1402 794 quoque
1433 743 1661 781 Persarme-

218 798 309 836 niae
338 799 558 850 Procopius
586 796 706 849 paulo
734 804 824 849 post
850 795 1034 834 citandus
1069 796 1233 848 aliique.

328 852 429 906 Pag.
440 867 506 891 22.
513 853 557 890 C.
575 852 690 906 [485,
712 850 773 902 ῐ4.
777 850 795 904 ]
828 849 1016 889 Sur-mam
1039 864 1166 889 comm
1168 852 1434 902 ”atlonefizcta
1457 866 1534 905 per
1549 851 1597 890 V
1590 866 1659 891 ar-

216 907 663 946 danem.Va1·danem
699 906 808 944 hunc
846 905 954 958 apud
983 905 1267 944 Persarmenos
1304 920 1397 944 cum
1424 907 1478 945 ob
1505 909 1659 960 generis

219 962 461 1014 honorisque
497 962 774 1014 splendmem,
812 967 900 999 tum
941 959 994 998 ob
1034 960 1216 999 militaris
1250 962 1438 1000 scientiae
1474 963 1660 1024 peritiam

219 1017 463 1070 singulalem
505 1015 621 1056 facile
662 1016 812 1069 primas
843 1015 1062 1054 obtinuisse
1087 1022 1255 1054 testatur
1296 1015 1384 1054 loco
1419 1030 1510 1054 mox
1539 1018 1660 1055 citato

219 1071 420 1124 Euagrius
436 1101 448 1122 ‚
477 1086 597 1125 quem
624 1071 716 1110 vide
733 1100 745 1121 ,
785 1069 878 1109 licet
904 1069 1072 1108 Sul-inae
1099 1085 1246 1109 nomen
1266 1099 1278 1120 ‚
1315 1084 1535 1124 necemque
1562 1074 1659 1110 reti-

219 1129 380 1173 cuerit,
412 1127 461 1165 de
489 1141 569 1180 quo
599 1126 717 1179 plura
745 1125 957 1164 observavi
981 1126 1082 1163 scitu
1108 1125 1336 1178 dignissima
1363 1140 1456 1178 pag.
1496 1127 1586 1186 139.
1620 1133 1659 1165 et

224 1180 314 1232 140.
347 1181 636 1234 Excerptorum
665 1180 878 1219 Menandri
906 1180 1149 1219 Protectoris
1181 1180 1230 1218 de
1258 1179 1548 1233 legationibus.
1582 1182 1658 1220 Ce-'

217 1242 351 1274 telum
379 1238 634 1275 iustissimam
662 1235 782 1274 fuisse
811 1234 1043 1274 defectionis
1068 1249 1228 1274 causam
1246 1235 1414 1274 edocent
1429 1243 1546 1288 pacta
1559 1249 1657 1274 con-

218 1298 339 1329 venta
371 1291 636 1329 Iustinianum
666 1291 770 1329 inter
797 1304 843 1328 ac
877 1289 1085 1328 chosroen
1113 1297 1331 1342 utrumque
1361 1291 1582 1343 Magnum,
1614 1291 1658 1329 in

219 1346 366 1396 quibus
406 1347 639 1384 nominatim
675 1345 726 1383 de
754 1344 944 1397 religione
971 1344 1199 1383 Christiana
1226 1359 1308 1383 non
1335 1344 1524 1383 violanda
1557 1359 1658 1383 cau-e

218 1406 306 1437 tum
334 1400 488 1451 fuerat,
532 1408 577 1438 ut
605 1400 776 1439 habetur
804 1413 894 1452 pag.
922 1399 1011 1447 142.
1038 1413 1048 1436 :
1094 1401 1306 1452 separatim
1327 1408 1453 1454 pacta
1481 1409 1569 1438 sunt
1596 1402 1659 1438 in-·

215 1456 401 1508 terposita
427 1456 477 1493 de
507 1455 762 1500 Clariis-‚tiam's
807 1463 849 1492 ut
885 1454 965 1491 zllis
1006 1454 1122 1492 ἰισεαῑ
1157 1455 1303 1508 templa
1341 1464 1559 1492 construere
1573 1484 1582 1500 ,
1622 1463 1661 1492 et

217 1510 301 1547 sine
339 1510 418 1548 ullo
461 1511 599 1548 timot-e
635 1523 750 1548 sacra
773 1523 964 1562 peragere
984 1537 995 1558 ‚
1036 1517 1073 1546 et
1114 1510 1334 1571 gratiaram
1373 1510 1542 1547 actiones
1582 1516 1661 1562 per'

215 1565 380 1614 hymnos
415 1564 504 1603 Deo
534 1579 693 1611 canere,
721 1578 842 1617 neque
869 1564 957 1614 cogi
989 1564 1158 1614 magle-129
1177 1564 1430 1601 caeremomz's
1463 1565 1653 1610 incer-esse,

216 1627 287 1656 aut
304 1620 446 1657 mvitos
483 1620 606 1658 colem
626 1629 664 1658 et
685 1620 870 1656 venerari
899 1618 1030 1665 Deos,
1054 1619 1125 1672 qui
1157 1618 1269 1671 apud
1301 1618 1442 1656 Medos
1478 1618 1656 1656 Deorum

217 1687 377 1711 ηᾘιιηειο
407 1674 607 1712 habentur.
667 1673 838 1711 Vexatos
882 1672 1003 1711 fuisse
1049 1670 1252 1724 loligionis
1295 1686 1415 1711 causa
1455 1671 1657 1711 Armenos

219 1727 466 1766 demonstrat
493 1729 612 1766 etiam
642 1727 887 1779 Nicepholus
916 1725 1069 1764 Callisti
1098 1740 1184 1778 cap.
1219 1727 1282 1780 37.
1312 1726 1384 1764 lib.
1423 1740 1483 1779 17-
1518 1728 1655 1765 Histo-

219 1783 302 1820 riae
329 1782 480 1820 Eccles.
491 1813 501 1833 ‚
536 1783 603 1820 sed
634 1784 675 1820 in
704 1782 781 1820 hoc
810 1795 892 1819 non
920 1780 1063 1819 leviter
1091 1787 1225 1832 peccat
1242 1810 1253 1830 ,
1283 1781 1391 1832 quod
1433 1795 1506 1832 plo
1522 1776 1646 1819 Var-
1671 1802 1674 1803 ⁷

218 1836 348 1886 clane,
378 1837 523 1875 Per-sm
526 1838 749 1875 meniorum
779 1836 905 1884 duce,
933 1835 1229 1873 A1daamanem
1258 1835 1503 1881 substituat,
1535 1849 1657 1888 quem

218 1898 352 1930 tamen
383 1892 512 1954 capite
540 1893 718 1944 sequenti
746 1905 769 1929 a
798 1890 1013 1928 Persalum
1041 1903 1132 1938 lege
1164 1889 1341 1927 Chosioa
1370 1889 1446 1927 adt
1449 1903 1559 1928 ersus
1578 1890 1656 1928 Ro-

216 1960 356 1984 manos
385 1948 548 1984 missum
577 1961 670 1984 cum
704 1946 828 1998 copiis
856 1944 991 1983 refert.
1048 1943 1314 1996 Theophanes
1342 1958 1512 1996 conque·
1502 1951 1655 1983 :entem

217 2002 381 2053 quidem
420 2001 469 2038 de
508 2001 726 2039 defectione
763 1999 1036 2038 Armenorum
1081 1998 1282 2036 Chosmen
1318 1998 1493 2045 inducit,
1536 2007 1657 2052 atque

218 2070 263 2094 ex
294 2070 341 2094 eo
360 2055 591 2094 Anastasius
609 2054 800 2094 Biblioth.
835 2061 875 2092 et
903 2053 1058 2092 Auctol
1088 2052 1258 2092 Miseell
1280 2052 1374 2092 hist.
1365 2081 1394 2104 .,
1423 2060 1465 2092 at
1492 2068 1654 2094 causam

219 2124 300 2148 non
330 2112 527 2162 aperiunt.

328 2165 431 2216 Pag.
459 2179 526 2203 22.
550 2165 596 2202 C.
629 2162 743 2217 [48·5,
783 2162 867 2217 [7.]
897 2164 1043 2202 Relicto
1072 2178 1117 2202 ιιε
1146 2163 1292 2218 oppzdo
1323 2163 1450 2202 Dubii
1480 2166 1648 2203 nomine.

225 2215 282 2258 To
307 2217 484 2268 Δούβιος
514 2216 718 2267 πόλισμα,
750 2219 879 2270 inquit
909 2178 1206 2271 Theoplmnes:
1216 2232 1357 2282 'aquo
1390 2218 1549 2256 videtur
1571 2219 1652 2257 dis-

220 2276 365 2312 sentiie
389 2274 607 2337 Piocopius
640 2273 713 2311 lib.
738 2287 775 2312 2.
806 2273 856 2311 de
884 2272 990 2311 bello
1031 2274 1143 2311 Pers.
1169 2288 1180 2311 z
1208 2270 1294 2311 ἔστι
1322 2271 1368 2311 δὲ
1395 2270 1440 2311 τὸ
1471 2270 1654 2321 Δούβιος

218 2323 340 2390 χώρα
364 2342 451 2377 τις,
495 2325 547 2366 τά
587 2340 632 2366 τε
669 2320 775 2366 ἄλλα
788 2322 982 2392 ἀγαθὴ,
1030 2326 1103 2366 καί
1139 2321 1273 2378 ἀέρων
1310 2340 1354 2364 τε
1392 2341 1459 2365 και
1489 2324 1653 2366 ὑδάτων

222 2377 384 2428 ευεξιάν
417 2378 510 2421 τινα
554 2380 735 2433 ὃιαρκῶς
771 2377 942 2432 ἔχουσα.
1001 2380 1228 2421 Θεοδοσιου
1272 2376 1430 2427 πόλεως
1470 2381 1516 2421 δὲ
1569 2380 1654 2419 ὁδῶ

219 2434 388 2487 ἡμερῶν
416 2433 521 2475 ὀκτώ
558 2435 688 2486 διέχει
718 2443 794 2475 etc.
784 2465 811 2483 .‚
841 2443 928 2474 tum
959 2436 999 2474 in
1020 2435 1162 2475 ultimo
1198 2450 1314 2475 versu
1343 2450 1383 2488 p.
1403 2436 1471 2490 89.-
1497 2452 1508 2474 :
1541 2421 1653 2489 ἄλλω·

219 2504 378 2544 στρατω
409 2491 452 2536 ἐς
480 2486 556 2542 τήν
587 2489 912 2544 Περσαρμενίαν
942 2486 1078 2530 ἐλθων
1103 2485 1317 2543 ἡσύχαζεν
1345 2490 1389 2529 ἐν
1421 2494 1508 2536 τοῖς
1537 2474 1654 2542 α’μφί

221 2529 403 2594 Δούβιος
435 2543 609 2605 χωρίοις
637 2552 713 2583 etc.

327 2600 430 2652 Pag.
457 2614 522 2637 22.
549 2600 597 2637 C.
628 2592 742 2652 [485,
777 2598 861 2652 2ο.]
902 2599 1161 2640 Desczverunt
1187 2593 1342 2648 Iberes,
1384 2601 1564 2652 Gorgone
1590 2613 1652 2637 eos

219 2632 412 2691 ducente.
450 2654 530 2692 Pe1
533 2667 723 2692 sarmenis
755 2653 888 2692 Iberes
926 2654 977 2692 ab
999 2655 1173 2707 Euagiio
1199 2657 1496 2708 plaetermissos
1527 2654 1652 2706 iungit

221 2708 389 2746 Ioannes
403 2708 650 2747 Biclariensis
663 2708 831 2746 Abbas
820 2723 862 2746 ln
889 2708 1037 2748 Chron.
1056 2710 1107 2748 ad
1136 2725 1287 2749 annum
1316 2711 1457 2748 Iustini
1490 2710 1590 2761 Imp.
1618 2722 1653 2746 1.

218 2775 546 2817 communemque
586 2764 743 2816 utrique
765 2762 914 2817 populo
939 2763 1160 2804 rebellandi
1186 2779 1347 2804 causam
1376 2764 1539 2804 tribuitz
1570 2762 1654 2802 Ar·-
