1924 3164
295 163 405 216 206
866 173 1147 217 EXCERPTA

103 294 275 340 A,c‚448
288 277 339 336 ἣν
367 278 473 322 κατὰ
501 278 577 334 τήν
605 279 686 320 τῶν
718 275 948 332 βαρβάρων
976 275 1141 333 εἰλήφει
1175 275 1348 332 χώραν,
1391 278 1459 334 τῷ
1477 279 1623 337 Βλήὸᾳ
1662 293 1737 320 πε-

163 344 241 377 lud.
260 354 268 375 ¹
289 345 594 403 ρισπούὸαστος
620 340 689 384 div.
748 344 1013 384 ἀπολελοίπει
1035 344 1087 384 δὲ
1126 341 1256 397 αὐτὴν
1283 343 1329 384 ἒν
1357 344 1410 399 τῇ
1438 346 1623 400 Σκυθικῇ
1652 361 1735 386 πα-

93 389 273 476 Theodlb·
289 411 344 469 ρά
373 414 449 454 τοῦ
475 408 659 463 Ἀττήλα
689 410 825 464 δῶρον
848 408 1000 465 Ἀετίῳ
1028 406 1251 464 πεμφθείς.
1309 406 1416 449 α’λλιὶ
1444 411 1517 463 τῆς
1542 410 1620 462 μὲν
1646 424 1736 451 τοι·-

285 478 414 532 αύτης
442 474 673 529 διήμαρτεν
701 472 892 527 ἐλπίδος,
931 475 1007 515 τοῦ
1027 470 1216 529 Ἀπήλα
1243 471 1661 528 χαλεπήναντος,«ὅ’τι
1687 490 1734 529 γε

285 542 338 598 δὴ
373 544 416 591 ἐς
453 539 529 595 τὴν
566 539 701 591 ίαὐτοῦ
740 540 966 594 ἐπανῆλθε.
1020 536 1114 581 τότε
1156 541 1202 581 δὲ
1242 537 1312 580 διὰ
1341 536 1415 580 τὸν
1451 540 1525 593 τῆς
1553 539 1760 594 εὖωχίαςό

285 606 432 663 καιρὸν
459 603 687 660 παρελθών
712 607 767 662 τῷ
795 620 840 646 τε
868 603 972 646 εἴδει
999 606 1073 646 καί
1096 611 1181 654 τοῖς
1210 603 1424 659 ἐσθήμασι
1453 606 1526 646 καί
1559 606 1614 662 τῇ
1643 621 1734 661 φω-

284 677 337 730 νῇ
364 674 438 714 καί
462 676 549 720 τοῖς
578 673 898 726 συγκεχυμένως
921 674 1023 729 παρ’
1048 672 1180 712 αὐτοῦ
1200 671 1531 727 προφερομένοις
1556 667 1734 725 ῥήμασι*

284 741 335 795 τῇ
360 737 442 793 γὰρ
476 737 699 779 Αὕσονίων
725 734 800 792 τήν
828 738 911 779 τῶν
945 731 1117 778 Οἷῖννων
1144 737 1218 777 καί
1239 734 1314 791 τὴν
1341 739 1422 777 τῶν
1445 738 1485 777 Γ
1484 735 1625 777 ότθων
1651 752 1735 776 πα-

288 802 494 858 ραμιγνὺς
531 805 714 856 γλῶτταν
753 799 911 851 πάντας
950 803 1112 855 διέχεεν
1150 803 1223 843 καί
1248 802 1292 850 ἐς
1319 795 1521 854 ἄσβεστον
1548 800 1735 856 ὁρμῆσαι

283 871 443 924 γέλωτα
482 867 793 924 παρεσκεύασε,
838 866 947 922 πλὴν
983 866 1182 922 Ἀττήλα.
1238 864 1367 916 αὐτὸς
1403 865 1483 922 γάρ
1514 864 1656 920 ἔμενεν
1683 866 1788 914 α’-ω

183 946 275 979 1).δὸ
289 932 476 991 στεμφὴς
511 936 586 976 καί
621 933 665 976 τὸ
705 931 814 984 εἶδος
843 932 1176 989 ἅμετάτρεπτος,
1206 935 1279 975 καί
1315 933 1438 974 ου’ὃὲν
1466 926 1561 974 οὔτε
1588 933 1733 987 λέγων,

132 1048 138 1055 k
180 1008 222 1041 V.
233 996 384 1051 4602'5vc
411 1002 544 1042 ποιῶν
571 1001 750 1054 γέλωτος
778 999 979 1054 ἐχόμενον
1006 1000 1226 1055 ἐφαίνετο,
1254 996 1362 1053 πλὴν
1384 994 1452 1040 ὅτι
1479 996 1554 1039 τὸν
1579 995 1735 1040 νεώτα-

280 1083 352 1110 τον
378 1069 459 1109 τῶν
485 1067 648 1108 παίδων
682 1062 865 1121 (Ἠρνᾶς
893 1067 939 1107 δὲ
969 1060 1098 1118 ὄνομα
1119 1064 1269 1122 τούτῳ)
1294 1061 1479 1105 εἰσιόντα
1505 1065 1579 1104 καί
1603 1079 1736 1118 παρε-

281 1135 421 1176 στῶτα
449 1127 556 1173 εἷλκε
579 1133 655 1186 τῆς
681 1133 884 1187 παρειᾶς,
927 1135 1122 1186 γαληνοϊς
1163 1126 1412 1183 ἆποβλέπων
1441 1124 1603 1182 ἷῖμμασι
1628 1126 1735 1184 πρὸς

283 1200 428 1241 αὐτόν.
484 1199 591 1251 ἐμοῦ
630 1198 677 1238 δὲ
715 1191 1009 1249 θαυμάζοντος
1039 1193 1152 1244 ὅπως
1178 1196 1260 1237 τῶν
1285 1197 1364 1248 μὲν
1402 1190 1542 1237 ἄλλων
1567 1194 1785 1240 παίδωνιὸ

282 1264 526 1320 ὄλιγωροίη,
554 1261 659 1317 πρὸς
689 1264 736 1303 δὲ
764 1264 923 1304 ἐκεῖνον
953 1260 1049 1320 ἔχοιΙ
1073 1259 1148 1303 τὸν
1175 1263 1297 1314 νοῦν,
1327 1259 1351 1300 ὅ
1380 1257 1735 1315 παρακαθήμενος

283 1329 514 1385 βάρβαρος,
544 1327 700 1376 συνιεῖς
727 1329 802 1382 τῆς
829 1319 1056 1369 Αὕσονίων
1084 1328 1229 1383 φωνῆς
1257 1327 1329 1368 καί
1355 1328 1440 1367 τῶν
1468 1330 1570 1381 παρ’
1597 1327 1732 1367 αὐτοῦ’

282 1410 358 1449 μοι
387 1393 691 1450 ῥηθησομένων
715 1394 849 1447 μηδὲν
874 1393 1055 1446 ἐκλέγειν
1075 1390 1299 1448 προειπών,
1321 1389 1479 1446 ἔφασκε
1500 1388 1599 1441 τούς
1623 1389 1734 1443 μάν-

281 1476 367 1508 τεις
393 1462 451 1516 τῷ
473 1458 660 1516 Ἀττήλα
687 1460 1051 1514 προηγορευκέναι,
1070 1457 1117 1499 τὸ
1146 1459 1227 1510 μὲν
1255 1457 1390 1498 αὕτοῦ
1417 1457 1640 1496 πεσεῖσθαι
1665 1457 1734 1509 γέ-

262 1538 384 1580 Βνος,
412 1523 493 1566 ὑπὸ
525 1526 573 1566 δὲ
600 1526 676 1566 τοῦ
702 1522 855 1572 παιδὸς
884 1519 1201 1578 οἷναστήσεσθαι
1228 1519 1397 1564 τούτου.
1443 1520 1499 1570 οἷς
1525 1522 1572 1562 δὲ
1601 1521 1646 1563 ἒν
1674 1522 1787 1578 ugho

278 1592 497 1647 συμποσίῳ
528 1586 662 1632 εἷλκον
689 1587 767 1643 τήν
794 1587 933 1640 νύκτα,
971 1585 1281 1643 ὖπεξήλθομεν,
1309 1586 1382 1630 ἐπὶ
1405 1585 1511 1628 πολῦ
1541 1584 1602 1641 μὴ
1630 1589 1734 1640 βου·
1773 1616 1779 1621 κ

279 1657 476 1712 ληθέντες
502 1657 559 1713 τῷ
589 1653 703 1712 πότῳ
735 1659 1074 1710 προσκαρτερεῖν.

383 1719 573 1778 εΗμ.·ε’ρας
635 1722 682 1761 δὲ
733 1721 952 1775 γενομένης
1005 1720 1077 1761 ἐπὶ
1123 1719 1196 1761 τὸν
1243 1718 1483 1774 Ὄνηγήσιον
1525 1713 1733 1773 ἤλθομεν,

278 1847 389 1887 enim,
413 1856 493 1878 cum
517 1845 575 1878 illi
591 1844 703 1878 Bleda
730 1844 878 1885 faveret,
907 1844 946 1876 in
970 1842 1208 1877 barbarorum
1232 1844 1379 1888 regione
1404 1848 1610 1888 acceperat,
1635 1853 1732 1876 eam—

280 1904 351 1940 que
378 1894 418 1926 in
446 1891 610 1934 Scythia,
642 1892 687 1924 ab
710 1891 824 1924 Attila
856 1889 901 1923 ad
923 1891 1070 1923 Aetium
1101 1890 1197 1923 dono
1219 1891 1370 1931 missus,
1404 1891 1612 1934 reliquerat.
1660 1888 1732 1921 Sed

278 1940 348 1973 hae
367 1949 430 1984 spe
453 1937 643 1971 frustratus
667 1943 741 1978 est,
767 1937 853 1982 quia
868 1937 999 1969 Attilas
1021 1938 1078 1969 illi
1099 1937 1325 1977 succensuit,
1352 1937 1451 1981 quod
1476 1935 1522 1968 ad
1539 1948 1602 1970 sua
1622 1936 1733 1968 remi-

281 1991 426 2030 grasset.
450 1986 576 2029 Itaque
594 1990 682 2018 tunc
699 1989 843 2028 arrepta
863 1983 1072 2016 festivitatis
1093 1985 1281 2016 occasione
1300 1993 1508 2026 progressus
1525 2008 1534 2022 ‚
1559 1987 1597 2015 et
1615 1981 1731 2014 forma

283 2039 323 2067 et
344 2032 476 2066 habitu
509 2037 546 2064 et
564 2030 861 2075 pronuntiatione
892 2036 929 2062 et
956 2029 1075 2063 verbis
1106 2030 1255 2062 confuse
1279 2029 1325 2061 ab
1354 2039 1397 2062 eo
1422 2029 1584 2072 prolatis,
1602 2029 1731 2061 Roma-

254 2114 259 2117 ,
284 2091 352 2113 nae
368 2079 585 2110 Hunnorum
610 2082 647 2110 et
661 2076 867 2110 Gothorum
882 2076 1043 2121 linguam
1060 2076 1332 2115 intermiscens,
1359 2085 1481 2108 omnes
1499 2075 1641 2107 laetitia
1660 2076 1730 2107 im-

283 2126 400 2170 plevit
425 2129 461 2157 et
486 2124 630 2165 effecit,
655 2129 697 2157 ut
721 2123 759 2156 in
782 2123 1035 2158 vehementem
1060 2122 1170 2154 risum
1204 2126 1489 2167 prorumperent.
1539 2120 1610 2153 Sed
1631 2122 1729 2154 Atti-

284 2173 338 2204 las
363 2182 504 2214 semper
531 2170 658 2204 eodem
682 2169 785 2202 vultu
802 2194 812 2210 ,
845 2170 962 2202 omnis
988 2169 1204 2201 mutationis
1228 2179 1375 2212 expers,
1407 2173 1444 2200 et
1462 2167 1629 2200 immotus
1646 2178 1730 2211 per-

284 2218 440 2258 mansit,
465 2226 586 2261 neque
609 2217 806 2262 quicquam
825 2217 963 2256 facere,
989 2221 1051 2248 aut
1069 2214 1209 2255 dicere,
1234 2213 1334 2259 quod
1350 2215 1486 2253 iocum,
1511 2218 1573 2246 aut
1596 2213 1729 2247 hilari-

284 2269 395 2297 tatem
418 2274 503 2306 prae
527 2273 564 2296 se
580 2262 710 2304 ferret,
735 2268 946 2307 conspectus
965 2267 1036 2295 est:
1060 2266 1204 2306 praeter
1227 2271 1334 2306 quam
1359 2259 1457 2306 quod
1480 2260 1660 2293 iuniorem
1683 2272 1730 2294 ex

284 2311 371 2344 filiis
395 2310 641 2342 introeuntem
675 2315 712 2343 et
742 2309 1018 2348 adventantem,
1043 2309 1191 2341 nomine
1215 2307 1364 2348 Irnach,
1389 2306 1541 2351 placidis
1561 2312 1597 2339 et
1622 2307 1728 2341 laetis

286 2357 403 2389 oculis
430 2360 486 2388 est
510 2356 690 2396 intuitus,
726 2361 762 2388 et
793 2367 876 2389 eum
909 2366 999 2401 gena
1030 2354 1150 2388 traxit.
1208 2354 1281 2399 Ego
1312 2363 1395 2387 vero
1414 2363 1494 2385 cum
1520 2352 1730 2395 admirarer,

285 2402 437 2437 Attilam
463 2401 622 2445 reliquos
647 2412 730 2435 suos
754 2402 889 2435 liberos
923 2401 1183 2446 parvifacere,
1222 2401 1268 2434 ad
1296 2399 1392 2432 hunc
1418 2399 1535 2431 solum
1568 2401 1728 2434 animum

288 2449 457 2488 adiicere,
482 2458 573 2480 unus
599 2458 643 2480 ex
667 2447 845 2489 barbaris,
871 2449 935 2493 qui
960 2458 1072 2493 prope
1097 2458 1154 2480 me
1179 2447 1330 2481 sedebat
1354 2451 1392 2479 et
1411 2446 1562 2478 Latinae
1584 2446 1730 2492 linguae

286 2507 390 2529 usum
414 2494 593 2534 habehat,
617 2494 688 2527 fide
712 2495 812 2539 prius
837 2499 1005 2539 accepta,
1027 2504 1084 2526 me
1105 2493 1200 2526 nihil
1219 2503 1362 2533 eorum,
1389 2502 1480 2537 quae
1507 2492 1727 2533 dicerentur,

288 2542 556 2586 evulgaturum‚
583 2539 698 2580 dixit,
726 2547 826 2574 vates
840 2541 975 2574 Attilae
1001 2541 1217 2575 vaticinatos
1239 2549 1339 2580 esse,
1364 2538 1443 2571 eius
1467 2550 1599 2583 genus,
1627 2539 1728 2586 quod

288 2586 455 2641 alioquin
483 2586 714 2620 interiturum
748 2592 847 2627 erat,
882 2587 926 2620 ab
955 2587 1024 2621 hoc
1047 2597 1161 2631 puero
1184 2591 1423 2620 restauratum
1456 2585 1511 2618 iri.
1572 2587 1620 2619 Ut
1639 2597 1727 2620 vero

284 2634 491 2675 convivium
512 2631 559 2664 ad
581 2633 730 2665 multam
754 2638 897 2666 noctem
923 2637 1198 2678 protraxerunt,
1235 2642 1310 2666 non
1335 2632 1472 2665 diutius
1496 2631 1602 2666 nohis
1627 2642 1727 2666 com-

282 2681 464 2726 potationi
487 2678 745 2722 indulgendum
772 2689 847 2712 esse
872 2681 941 2712 rati
964 2679 1148 2712 exivimus.

378 2727 449 2761 Die
472 2731 617 2766 exorto,
643 2725 859 2770 Onegesium
885 2725 1063 2762 adivimus
1089 2724 1271 2766 dicentes,
1294 2735 1360 2759 nos
1381 2723 1517 2758 dimitti
1535 2729 1720 2770 oportere,
