1924 3164
623 147 691 188 Ex
729 143 943 189 EUNAPn
981 144 1250 188 HISTORIA.
1576 127 1612 181 6
1623 145 1642 180 1

164 258 191 300 †
221 239 373 302 &3315
410 243 574 303 ἀπάτην
600 245 834 304 stupida-tal
857 250 931 299 τίς.
978 246 1058 303 ἐγώ
1086 249 1134 290 δὲ
1165 249 1239 290 καί
1276 245 1325 289 τό
1357 246 1565 290 πιστεύειν
1605 249 1655 290 ἐκ

210 312 355 370 μαυτῷ
401 311 564 369 γράφω,
595 309 798 369 ἄνδράσιν
836 311 1033 367 ἑπόμενος
1042 347 1056 367 ,
1095 313 1140 356 οΐ
1169 314 1247 355 τοῦ
1280 314 1376 355 καθ’
1407 311 1520 368 ἦμᾶς
1551 312 1647 367 βίου
1662 324 1833 371 Cod.314

209 379 359 436 μακρῷ
399 384 594 434 προεῖχον
629 377 737 423 κατὰ
779 381 975 422 παιδείαν
1036 381 1110 422 καί
1153 379 1455 432 διατεταμένως
1505 380 1651 434 ἐνῆγον

209 443 270 500 μή
301 440 464 501 σιωπᾷν
493 443 543 487 τὰ
571 443 691 487 κοινὰ
720 446 804 486 τῶν
830 445 979 500 ἔργων,
1011 448 1084 488 καί
1112 441 1190 488 ὅσα
1218 442 1240 487 ὃ
1265 448 1362 487 καθ’
1386 442 1498 500 ἡμᾶς
1523 443 1653 500 ἔφερε

188 507 385 566 5χρόνος,
432 511 508 552 καὶ
549 509 604 551 τοὶ
640 507 722 566 πρὸ
747 509 868 565 ἡμῶν
902 509 1007 562 μετὰ
1039 509 1116 566 τήν
1150 513 1360 561 Δεξίππου
1387 509 1557 568 γραφήν
1580 507 1654 552 οῦ-

215 593 282 618 πω
312 578 436 630 λόγου
461 588 508 617 τε
535 577 609 617 καί
639 574 828 631 ἱστορίας
856 577 1070 632 ἐμφανοῦς
1099 574 1371 632 τετυχηκότα.
1424 577 1576 632 ἐγίνετο
1605 578 1653 618 δὲ

215 641 384 690 ἐκείνοις
409 656 452 682 τε
485 640 616 695 κᾶμοί
651 639 784 683 κοινὸν
811 640 858 683 τό
889 641 1008 697 ἔργον
1029 641 1148 694 τόδε,
1177 641 1251 683 καί
1275 639 1410 685 πάντα
1439 658 1487 697 γε
1515 644 1560 692 ἐς
1578 641 1654 684 τὸν

209 702 434 749 Ἰουλιανόν
461 702 685 764 ἀναφέρειν
708 702 855 759 ἐδόκει,
881 704 925 757 ὃς
951 709 1200 761 ἐβασίλευσε
1226 709 1305 761 μὲν
1332 709 1400 764 ἐφ’
1424 708 1566 764 ἡμῶν,
1601 708 1650 750 τὰ

216 774 264 814 δὲ
301 771 566 828 ἀνθρώπινον
607 771 735 815 αὐτὸν
764 770 904 828 ὥσπερ
947 772 1041 816 τινὰ
1070 772 1173 815 θεὸν
1210 775 1492 830 προσεκύνουν
1520 772 1655 817 ἅπαν-

161 854 302 887 ·ιοτες.
337 835 560 892 ’λόγου·δὲ
583 834 638 894 ἦν
677 833 792 890 ἄξιον
838 837 913 880 καί
947 839 1083 888 καλῶς
1119 837 1232 893 ἔχειν
1258 839 1416 893 ἐδόκει,
1461 839 1653 897 καθάπερ

213 909 301 952 τοῖς
328 905 464 945 ἕνεκεν
491 904 701 959 ἐρωμένης
730 935 742 946 .
771 935 783 946 .
806 934 820 946 .

214 972 334 1011 νοῦσι
360 969 620 1024 ποιηταῖς-ὀἲ
646 971 880 1023 γενομένοις
909 969 1118 1026 ἆρίστοις·
1157 965 1265 1013 οὕτω
1292 970 1367 1012 καί
1390 968 1496 1026 ἧμΐν,
1517 967 1655 1026 ἆρχήν

211 1050 306 1076 τινα
335 1034 408 1075 καί
440 1036 598 1088 γένεσιν
638 1037 914 1090 προθεμένοις
950 1034 1028 1090 τὴν
1078 1065 1091 1077 .
1118 1066 1131 1078 .
1160 1066 1172 1077 .
1215 1034 1405 1092 παρόντα
1449 1036 1523 1083 καί
1561 1068 1574 1078 .
1605 1068 1616 1078 .
1642 1067 1656 1078 .

212 1100 298 1140 τῶν
323 1114 404 1155 προ
445 1130 459 1141 .
487 1130 500 1141 .
526 1130 539 1142 .
577 1097 713 1142 ἐδόκει
748 1131 760 1142 .
791 1131 803 1142 .
828 1132 840 1142 .
873 1131 885 1142 .
924 1099 1010 1157 φῆν
1048 1131 1061 1142 .
1092 1131 1105 1143 .
1133 1130 1146 1143 .
1182 1100 1341 1143 κόντων
1364 1101 1531 1157 χρόνων
1557 1133 1569 1144 .
1596 1133 1610 1143 .
1639 1133 1655 1144 .

165 1164 337 1216 ι5μένον
362 1163 437 1207 καί
461 1195 524 1207 ...
555 1167 707 1220 ψυψῆς
730 1170 800 1219 (sic
829 1169 903 1220 ed.)
933 1167 1195 1223 ἀναφέρουσι
1221 1178 1291 1210 ...*
1315 1166 1362 1209 τὸ
1390 1166 1561 1211 εἴδωλον
1588 1198 1654 1211 ...

214 1232 301 1272 δεῖν
327 1261 340 1272 .
366 1261 379 1272 .
407 1261 419 1272 .
446 1233 493 1273 ἓν
520 1227 763 1286 ἇλλοτρώις.
867 1238 872 1242 ”

318 1297 370 1350 β’.
414 1293 504 1340 Ὅτι
527 1298 695 1347 ἐξουσία
723 1297 814 1340 ἐστὶ
840 1333 850 1345 .
879 1330 893 1341 .
921 1330 934 1342 .
957 1302 1142 1355 πονηρᾶς
1170 1333 1180 1343 .
1209 1330 1221 1340 .
1248 1334 1260 1345 .
1287 1296 1369 1341 ὗπὸ
1402 1298 1522 1355 λόγου
1555 1331 1567 1343 .
1593 1332 1606 1345 .
1634 1317 1773 1353 ,Β.,53

210 1369 436 1419 παρακινεῖ
455 1362 530 1405 καὶ
551 1393 565 1405 .
595 1393 608 1405 .
638 1393 650 1405 .
674 1363 830 1419 χρόνον
869 1396 882 1406 .
909 1395 923 1407 .
950 1397 962 1407 .
987 1366 1242 1422 χρηματίζει
1267 1395 1279 1408 .
1309 1396 1322 1407 .
1350 1396 1364 1408 .
1390 1366 1530 1422 α’ρχάς
1556 1399 1569 1409 .
1599 1398 1612 1409 .
1639 1398 1654 1411 .

209 1429 290 1486 γὰρ
317 1426 476 1485 μήποτε
502 1459 515 1471 .
542 1427 594 1471 .“.
623 1426 732 1471 οὕτω
761 1431 811 1471 δὲ
835 1447 879 1471 τι
905 1461 920 1473 .
946 1461 958 1472 .
985 1462 998 1473 .

157 1511 211 1537 20
244 1510 247 1512 ·
321 1524 578 1540 .......
605 1495 698 1537 ἀλλ’
723 1494 751 1552 ἦ
781 1497 860 1549 μὲν
886 1501 1094 1553 παροιμία
1124 1500 1233 1554 φησί
1247 1496 1312 1540 -τό
1352 1499 1479 1552 θέρος
1505 1498 1578 1541 ἐπὶ
1600 1503 1653 1557 τῇ

209 1563 374 1619 καλάμῃ
420 1562 675 1618 φαίνεσθαι·
745 1558 839 1604 τότε
878 1564 927 1605 δὲ
963 1562 988 1604 ὅ
1033 1560 1328 1613 Κωνοτάντιος
1363 1564 1525 1607 ἐδείκνυ
1565 1568 1738 1614 custod,
1758 1593 1818 1618 η,

208 1626 368 1684 πατρὸς
395 1621 472 1669 οἶν.-
1074 1678 1078 1683 ἡ

317 1689 368 1746 γ’.
409 1689 503 1735 Ὅτι
529 1693 633 1736 κατὰ
655 1693 746 1737 τὸν
782 1694 1004 1739 Ἰουλιανόν
1052 1693 1140 1738 τόν·
1168 1694 1372 1752 Καίσαρα
1401 1697 1548 1739 δοκοῦν
1595 1699 1651 1755 τῷ
1662 1704 1831 1743 A.C.361

210 1757 326 1816 αὐτῷ
363 1759 648 1816 Κωνσταντίῳ
689 1763 999 1815 βεβουλεῦσθαι
1026 1763 1186 1815 καλῶς,
1232 1760 1255 1802 ὅ
1279 1762 1434 1818 χρόνος
1457 1761 1533 1817 τήν
1559 1767 1650 1803 πεῖ-

305 1853 334 1875 ι.
360 1839 437 1888 καὶ]
466 1833 559 1875 κατά
590 1840 634 1874 Ν.
730 1843 761 1877 8.
789 1842 916 1876 ἐδόκει
938 1863 986 1870 —-
1003 1835 1046 1876 τό
1072 1843 1114 1877 δὲ
1138 1843 1198 1883 Ν.,
1218 1845 1282 1876 καὶ
1306 1843 1414 1878 δοκεῖ·
1432 1848 1513 1881 τοῖς
1535 1847 1647 1888 βασι-

299 1888 408 1920 λεῦσι
429 1887 503 1933 μὲν
525 1888 586 1934 ἐφ’
609 1888 718 1934 ἤμῶν
739 1887 826 1922 τόδε
850 1889 908 1925 ed.
989 1900 1040 1924 ιο.
1067 1890 1133 1922 καὶ
1155 1888 1235 1922 add.
1259 1889 1308 1923 M.
1384 1901 1435 1925 ιι.
1461 1891 1651 1937 ἐρωμένης

304 1934 362 1974 Β.,
388 1934 594 1980 ἐρωμένοις
616 1934 671 1968 ed.

208 1995 372 2031 inveniet
395 2005 487 2042 quae
515 1997 689 2043 cuiusque
713 1998 806 2043 regis
830 2008 885 2031 res
909 2001 1029 2041 gestae
1054 1997 1147 2039 sint3
1171 2002 1418 2032 verumtamen
1444 1999 1498 2032 rei
1523 2004 1646 2042 gestae

207 2053 343 2076 annum
368 2047 405 2076 et
429 2041 525 2076 diem
547 2043 639 2076 alius
667 2044 783 2090 quivis
808 2043 1060 2088 praestigiator
1093 2044 1200 2078 dicat.
1254 2044 1328 2090 Ego
1359 2055 1444 2078 vero
1476 2056 1542 2090 pro
1578 2046 1648 2080 hac

208 2088 288 2133 ipsa
309 2089 383 2122 mei
406 2088 538 2123 fiducia
561 2090 718 2124 scribere
743 2091 899 2134 incipio:
941 2089 1146 2133 exemplum
1178 2096 1321 2124 secutus
1346 2090 1546 2132 hominum,
1581 2095 1646 2138 qui

206 2134 302 2168 hanc
325 2139 484 2169 nostram
507 2142 664 2170 aetatem
689 2136 896 2170 eruditione
928 2147 993 2168 sua
1014 2136 1119 2170 valde
1150 2142 1430 2181 superaverunt:
1465 2139 1644 2184 enixeque

207 2181 300 2214 mihi
322 2183 507 2227 proposui,
532 2185 725 2228 quominus
750 2183 846 2217 nihil
868 2181 1094 2228 publicarum
1118 2194 1238 2217 rerum
1261 2189 1429 2225 tacerem,
1453 2185 1529 2218 sive
1554 2196 1643 2230 quas

206 2233 332 2262 nostra
355 2234 454 2262 aetas
476 2227 592 2271 vidit,
619 2230 694 2264 sive
717 2229 939 2275 superiores,
965 2234 1145 2275 quotquot
1166 2235 1249 2275 post
1271 2229 1462 2264 historiam
1484 2231 1646 2276 Dexippi

207 2274 368 2308 nondum
413 2275 548 2309 litteris
585 2277 644 2310 vel
685 2276 842 2321 publicis
875 2277 1139 2309 commentariis
1175 2276 1446 2311 commendatae
1480 2278 1638 2312 fuerunt.

205 2319 332 2363 Quare
355 2332 543 2355 commune
567 2334 650 2356 cum
670 2324 746 2356 illis
771 2322 951 2356 historicis
975 2323 1160 2367 negotium
1191 2324 1434 2369 suscepimus,
1466 2330 1505 2358 et
1533 2324 1642 2358 nobis

207 2367 354 2411 quidem
379 2369 501 2401 omnia
523 2368 570 2402 ad
593 2370 726 2403 Iuliani
755 2374 917 2414 tempora
940 2368 1128 2403 referenda
1149 2369 1390 2411 videbantur,
1415 2372 1479 2416 qui
1504 2382 1641 2404 memo-

207 2412 262 2444 ria
285 2418 408 2447 nostra
431 2416 594 2461 regnavit
617 2421 654 2451 et
677 2417 837 2450 numinis
861 2416 976 2449 instar
1008 2415 1054 2448 ab
1087 2416 1264 2452 universis
1288 2416 1500 2452 hominihus
1522 2417 1640 2452 cultus

208 2464 265 2493 eut
309 2483 317 2492 .
365 2485 374 2492 .
423 2485 431 2493 .
1158 2479 1159 2482 ¹

300 2516 352 2540 2.·
380 2507 547 2542 Potentia
570 2512 626 2542 est
672 2533 680 2542 .
732 2533 740 2541 .
790 2533 799 2540 .
846 2532 854 2539 .

296 2552 313 2568 ¹*
335 2552 398 2587 Ait
419 2565 504 2588 vero
535 2555 789 2598 proverbium:
823 2565 976 2588 messem
1007 2556 1161 2589 calamus
1195 2555 1367 2590 ostendit.
1422 2557 1527 2592 'runc
1556 2569 1640 2603 ergo

205 2597 452 2641 Constantius,
474 2611 632 2646 quonam
657 2606 807 2646 parente
831 2605 928 2634 satus
953 2608 1058 2643 esset,
1081 2603 1202 2648 palam
1223 2602 1321 2636 fecit.

298 2646 330 2678 3.
379 2645 482 2691 Quae
504 2648 656 2682 consilia
682 2648 915 2681 Constantius
941 2653 1063 2682 contra
1098 2649 1277 2682 Iulianum
1310 2649 1499 2683 Caesarem
1531 2648 1639 2683 ador-

203 2691 345 2729 navi-sse
370 2703 414 2726 ex
437 2693 597 2739 utilitate
619 2706 685 2729 sua
709 2694 886 2741 putabat,
920 2705 962 2728 ea
986 2695 1145 2730 feliciter
1167 2700 1310 2742 tempus
1341 2696 1381 2730 in
1418 2696 1638 2731 contrarium
