1838 3210
331 556 334 558 .
370 522 758 574 DEDICA'HO.
774 521 1115 562 EDITIONIS
1142 518 1495 563 PARISINAE.

558 894 585 903 ..
624 833 1266 908 E-MJNENTISSIMO

530 970 573 1009 s.
624 961 790 1021 RE,
857 967 1378 1007 cARD1NAL1

236 1117 704 1178 IULIO
798 1085 1653 1178 MAZARINO.

243 1440 454 1545 Quintus
496 1506 621 1533 annus
662 1495 814 1547 agitur,
848 1494 1155 1534 *emzbzentzksime
1190 1494 1416 1536 cardinalis
1435 1526 1446 1544 ‚
1487 1510 1542 1536 ex
1591 1510 1670 1551 quo

237 1555 457 1597 Lndovicus
485 1560 676 1615 Princeps
689 1561 935 1613 sortissinms
960 1560 1010 1599 de
1040 1561 1151 1599 rebus
1179 1560 1301 1610 abiit,
1329 1563 1478 1601 maiore
1509 1562 1672 1600 Galliae

235 1621 382 1662 damno
426 1639 543 1679 qnam
581 1639 664 1664 suo.
729 1626 832 1664 Eius
876 1627 979 1664 enim
1010 1640 1186 1665 excessus
1218 1627 1440 1666 universam
1486 1627 1670 1665 Galliam

189 1706 193 1708 ·
230 1689 425 1741 perculit,
477 1699 516 1729 et
542 1705 645 1745 pene
675 1691 872 1741 dixerim,
899 1693 1170 1740 exanimavit,
1212 1694 1327 1746 quasi
1362 1694 1474 1731 um'us
1507 1693 1674 1732 extincti

235 1754 377 1806 spiritu
411 1755 570 1809 pridem
606 1765 687 1796 tota
714 1758 900 1804 vixisset,
949 1765 987 1796 et
1018 1758 1189 1796 omnium
1219 1759 1373 1796 animas
1401 1758 1506 1796 idem
1545 1771 1671 1796 secum

236 1821 434 1859 trax-isset.
491 1821 634 1861 Hostes
651 1831 779 1861 autem
805 1831 988 1861 externos
1019 1831 1075 1861 tot
1092 1823 1235 1876 pugnis
1260 1822 1435 1861 adversis
1442 1824 1602 1874 fractos
1628 1824 1671 1863 in

237 1899 344 1939 spem
381 1888 529 1935 erexit,
569 1896 608 1926 et
646 1889 802 1939 refovit.
865 1889 962 1941 Quis
1001 1888 1104 1926 enim
1129 1896 1210 1925 tam
1236 1888 1452 1941 intrepidus
1465 1918 1476 1937 ‚
1517 1898 1672 1945 tamque

237 1965 389 1989 securas
415 1966 570 1990 casuum
580 1953 673 2003 ficit
688 1983 698 2000 ‚
729 1961 771 1991 ut
795 1960 925 2006 erepto
951 1952 1062 1990 rebus
1087 1952 1265 1990 humanis
1278 1953 1379 2004 Rege
1394 1983 1404 2000 ‚
1434 1962 1473 1992 et
1497 1955 1540 1992 in
1566 1969 1673 1995 novo.

233 2017 462 2071 principatu
499 2032 561 2056 res
587 2018 722 2056 darius
748 2031 904 2056 casuras
929 2031 1008 2056 non
1031 2007 1216 2056 nietzoerec
1231 2020 1252 2056 ?
1306 2017 1496 2073 Princeps
1522 2020 1674 2059 iuvenis

239 2081 452 2121 admodum
469 2113 480 2131 ,
514 2098 584 2122 nec
610 2098 809 2122 armorum
830 2084 981 2138 peritus
995 2112 1006 2131 ‚
1051 2084 1192 2138 quique
1202 2081 1410 2138 flagrante
1439 2085 1540 2126 bello
1573 2100 1674 2126 non-

239 2146 334 2185 dum
359 2150 574 2188 exercitum
599 2149 642 2188 in
661 2149 859 2204 praelium
882 2156 1011 2203 posset
1034 2147 1194 2202 educere
1209 2178 1220 2196 ‚
1249 2162 1321 2187 nec
1349 2148 1575 2205 Principem
1596 2165 1679 2206 pet·

240 2222 404 2253 aetatem
431 2229 611 2254 exercere
626 2245 638 2264 ‚
673 2216 878 2253 multorum
906 2215 1061 2252 iniuriis
1084 2212 1277 2253 obnoxius
1302 2215 1525 2255 videbatur.
1580 2217 1671 2256 Ho-

240 2280 340 2318 stilis
368 2288 496 2318 autem
537 2282 730 2320 exercitus
771 2282 891 2319 etiam
926 2279 1135 2318 adver-ama
1171 2293 1301 2319 casum
1328 2293 1458 2320 recens
1491 2291 1678 2337 expertus

244 2345 401 2383 altiores
428 2346 585 2400 spiritus
609 2346 787 2398 gerebat,
832 2359 955 2383 novas
983 2359 1046 2383 res
1080 2346 1124 2383 in
1147 2344 1231 2384 dies
1257 2347 1565 2400 exspectantibus
1590 2348 1673 2398 his,

242 2410 379 2463 quibus
402 2425 554 2465 semper
577 2404 743 2450 studium
754 2411 846 2462 ficit
882 2410 1094 2448 cunctando
1132 2419 1171 2449 et
1202 2410 1307 2449 diem
1337 2426 1394 2451 ex
1447 2412 1513 2452 die
1533 2413 1679 2467 prola-

246 2476 367 2514 tando
394 2490 538 2531 pacem
578 2477 757 2523 eludere,
802 2484 839 2514 et
882 2475 1020 2514 Gallos
1048 2477 1172 2528 magis
1199 2475 1257 2514 ad
1291 2477 1410 2516 civile
1435 2477 1576 2516 bellum
1600 2479 1676 2517 im·

241 2542 390 2596 pellere
407 2571 418 2589 ‚
447 2542 602 2582 turbare
627 2543 760 2581 omnia
787 2555 834 2580 ac
854 2542 1087 2595 permiscere
1103 2570 1116 2590 ,
1147 2555 1265 2596 quam
1291 2541 1392 2581 bello
1423 2543 1589 2596 aggredi
1600 2573 1612 2594 ‚
1639 2551 1678 2583 et

243 2607 383 2661 palam
417 2621 575 2646 manum
601 2621 811 2646 conserere.
861 2605 908 2645 V
901 2620 1009 2645 erum
1035 2621 1230 2661 nunquam
1257 2607 1395 2646 certius
1418 2609 1676 2663 approbatum

248 2681 328 2720 est,
375 2673 513 2712 iustum
552 2675 756 2728 piamque,
803 2667 847 2711 ‚et
861 2673 1032 2724 favente
1059 2672 1148 2712 Deo
1185 2673 1327 2712 bellum
1353 2682 1589 2729 susceptum.-
1636 2685 1679 2716 ut

249 2739 469 2778 inconcusso
498 2747 675 2778 manente
701 2740 813 2790 regni
838 2745 936 2778 statu
949 2767 962 2789 ,
1009 2747 1047 2778 et
1082 2747 1136 2778 tot
1164 2739 1363 2792 prosperis
1404 2739 1676 2795 cotgfhaeentibm
