1924 3164
316 153 388 211 58
889 169 1163 212 ExcERPTA

313 275 421 315 σθαι
450 270 523 314 καὶ
556 269 883 324 συλλαμβάνειν,
927 266 1024 318 ὅσος
1061 269 1136 312 καὶ
1168 269 1309 324 ἧλίκος,
1356 265 1380 310 ὅ
1422 269 1613 320 κίνδυνος
1651 270 1755 314 κατὰ

314 336 386 381 τὸν
412 335 609 380 ἐνιαυτὸν
634 338 804 379 ἕκαστον
832 333 1026 391 ἱστορίαν
1051 335 1256 392 γράφειν,
1305 334 1380 377 καὶ
1416 333 1525 391 πρὸς
1561 334 1663 385 τούς
1689 339 1757 380 ἐν·-

315 402 593 458 τυγχάνοντας
623 402 850 455 ὁμολογεῖν,
880 397 946 442 ὅτι
971 402 1107 443 ταῦτα
1132 401 1208 442 οὐκ
1228 399 1342 443 ἔστιν
1361 400 1503 457 ἄληθῆ
1529 401 1630 445 κατὰ
1657 401 1756 453 τοὺς

313 465 495 525 χρόνους
511 500 523 523 ,
567 464 674 509 ἄλλά
708 468 766 525 τῷ
791 468 870 520 μὲν
907 462 1054 520 οὕτως,
1082 467 1141 524 τῷ
1169 467 1216 508 δὲ
1242 463 1392 521 ἑτέρως
1417 464 1557 520 ἔδοξε,
1584 468 1659 510 καὶ
1681 484 1755 509 πε-

319 535 511 591 ριφανῶς
553 531 710 575 ἑαυτοῦ
746 536 1007 588 κατηγορεῖν,
1051 527 1188 588 ὥσπερ
1225 533 1402 585 ἐκεῖνος,
1453 527 1514 574 ὅτι
1552 531 1782 588 χρονικῆνὸ

319 599 511 655 ἱστορίαν
545 595 724 655 γράφων
762 599 1033 652 πλανωμένην
1071 595 1164 640 τινὰ
1192 596 1267 639 καί
1300 595 1456 652 μεστὴν
1483 597 1568 640 τῶν
1594 597 1759 639 ἀντιλε-

190 669 307 705 n.25o
320 665 475 721 γόντων
512 661 651 719 ὥσπερ
706 662 941 721 α’πρόεδρον
977 663 1196 719 ἐκκλησίαν
1237 664 1431 719 ἐκτίθησι
1465 660 1541 719 τὴν
1577 660 1759 719 γραφήν,

320 732 445 782 ὀξέως
485 731 532 773 δὲ
574 731 648 772 καί
682 730 753 785 τῆς
788 727 1000 779 Βοιωτίας
1037 727 1199 772 ἀκούων
1225 731 1477 786 παροιμίας,
1527 725 1591 771 ὅτι
1631 724 1760 778 οὕτως

318 797 464 838 αὕλεῖν
492 797 542 837 οὗ
576 797 751 852 πρέπει,
793 790 963 837 κάκεῖνα
992 794 1370 851 προσελογιζόμην,
1412 791 1480 852 ὅτι
1506 795 1623 843 τέλος
1649 794 1761 836 zoro-

318 864 416 919 ριάς
457 861 530 904 καὶ
569 861 722 913 σκοπὸς
759 856 928 918 ἄριστος
969 859 1022 903 τὰ
1061 862 1304 917 πραχθέντα
1334 857 1623 914 ὅτιέμοίλιστα
1655 858 1811 913 δύναιο

319 927 432 977 τινὸς
457 928 620 978 πάθους
633 929 693 978 εἷς
719 926 766 969 τὸ
798 928 953 982 ἀληθὲς
981 927 1249 983 ἀναφέροντα
1274 923 1467 983 γράφειν,
1497 924 1537 968 οἱ
1565 927 1611 968 δὲ
1639 920 1760 980 ἆκρι-

317 996 408 1046 βεῖς
437 992 630 1047 λογισμοὶ
665 996 747 1036 τῶν
779 990 971 1049 χρόνων,
1015 988 1156 1047 ὥσπερ
1195 986 1365 1047 ἄκλητοι
1394 990 1608 1048 μάρτυρες
1637 991 1760 1032 αὖτο-,

318 1058 461 1111 μάτως
488 1059 764 1113 ἐπεισιόντες,
792 1060 836 1109 ἐς
862 1061 1000 1101 ταῦτα
1028 1058 1262 1114 ὠφελοῦσιν
1292 1053 1440 1099 οὕδέν.
1493 1058 1540 1099 τί
1561 1054 1640 1112 γὰρ
1669 1058 1762 1097 Σω-

319 1123 464 1180 κράτει
499 1123 606 1180 πρός
633 1127 787 1181 σοφίαν
824 1125 899 1166 καί
929 1125 1204 1178 Θεμιστοκλεῖ
1237 1121 1341 1179 πρὸς
1368 1120 1586 1177 δεινότητα
1617 1136 1762 1164 συντε-

318 1194 454 1231 λεῖται
491 1189 608 1246 παρὰ
649 1194 733 1233 τῶν
769 1189 956 1245 χρόνων,·
1030 1191 1114 1232 ποῦ’
1157 1191 1212 1241 ,δὲ
1246 1190 1396 1233 ἐκεῖνοι
1431 1186 1555 1231 καλοὶ
1578 1186 1808 1241 κᾶγαθοίι5

313 1253 386 1296 διοὶ
413 1257 541 1310 θέρος
568 1250 675 1311 ἦσαν
684 1274 699 1309 ,-
754 1258 838 1297 ποῦ’
866 1257 912 1298 δὲ
936 1254 1014 1305 τοὶς
1039 1251 1192 1310 ἀρετὰς
1228 1257 1300 1311 ἐφ’
1324 1253 1511 1308 ἑαυτῶν,
1553 1250 1744 1308 καθάπερ

315 1319 367 1363 τὰ
397 1320 539 1376 φύλλα
555 1354 569 1374 ,
612 1319 714 1377 πρὸς
741 1320 816 1377 τὴν
836 1318 953 1377 ὤραν
968 1321 1041 1363 τοῦ
1068 1319 1187 1370 ἔτους
1213 1317 1500 1374 αὐξανομένας
1527 1319 1599 1361 καὶ
1621 1315 1758 1375 ἄκυρ’-

315 1383 499 1442 ῥεούσας
537 1388 809 1440 παρει’χοντο,·
865 1387 954 1428 ἀλλ’
983 1386 1084 1436 ἴσως
1126 1390 1298 1436 ἕκαστος
1338 1387 1475 1430 αὐτῶν
1510 1385 1558 1430 τὸ
1586 1387 1686 1439 γοῦν
1714 1386 1759 1434 ἐς

321 1449 453 1508 φύσιν
480 1453 555 1494 καί
582 1450 764 1506 δύναμιν
791 1447 958 1507 ἆγαθὸν
985 1454 1167 1510 διαρκαῖς
1193 1451 1266 1494 καὶ
1289 1454 1478 1506 συνεχῶς
1502 1452 1548 1494 ἐν
1570 1455 1664 1500 ταῖς
1691 1452 1760 1492 ἐν-

314 1516 497 1572 εργείαις
526 1518 729 1576 α’πεδίδου
770 1519 843 1560 καί
867 1519 1088 1570 διέσωζεν.
1139 1520 1202 1568 τίς
1231 1514 1305 1561 οὖν
1332 1517 1450 1572 λόγος
1469 1515 1581 1573 πρὸς
1608 1514 1813 1571 ἱστορί-αο

317 1600 370 1633 ας
405 1585 520 1634 τέλος
549 1585 706 1627 εἰδέναι
732 1588 806 1628 καί
830 1583 1058 1640 γινώσκειν,
1098 1581 1162 1627 ὅτι
1189 1583 1263 1640 τὴν
1290 1586 1335 1627 ἐν
1362 1586 1570 1636 Σαλαμῖνι
1593 1598 1758 1635 ναυμα-

313 1648 416 1703 χίαν
441 1651 586 1692 ἐνίκων
624 1648 665 1692 οἱ
696 1647 885 1706 Ἕλληνες
910 1648 1037 1700 κυνὸς
1076 1651 1382 1702 ἑπιτέλλοντοςς
1457 1649 1502 1691 τί
1535 1649 1576 1690 δ’
1613 1642 1763 1704 ὄφελος

415 1741 466 1774 13.
493 1739 722 1778 ἐπεισιέντες
745 1739 800 1775 ed.

317 1833 520 1878 periculum
543 1834 592 1868 sit
613 1845 678 1880 per
699 1847 813 1870 annos
837 1837 999 1882 singulos
1018 1834 1207 1870 historiam
1224 1835 1424 1877 deducere,
1452 1846 1494 1869 ac
1516 1844 1624 1879 porro
1645 1832 1762 1867 lecto-

317 1880 419 1914 ribus
444 1881 622 1922 confiteri,
647 1881 718 1916 hoc
742 1888 780 1916 et
802 1882 896 1917 illud
922 1883 1123 1917 secundum
1143 1887 1348 1928 temporum
1376 1882 1554 1916 rationem
1577 1892 1651 1914 non
1677 1890 1763 1914 vere

318 1937 396 1960 esse
421 1926 581 1969 dictum,
615 1928 679 1962 sed
703 1929 786 1963 aliis
812 1929 919 1963 aliter
941 1929 1082 1964 visum:
1120 1934 1232 1975 atque
1268 1930 1320 1962 ita
1351 1940 1390 1962 se
1421 1929 1539 1974 ipsum
1571 1928 1762 1972 perspicue

318 1984 533 2018 coarguere,
559 1979 601 2007 ut
622 1987 745 2020 reapse
765 1977 933 2021 Dexippo
957 1977 1110 2017 accidit,
1146 1975 1245 2023 quod
1267 1975 1441 2009 historiae
1465 1974 1652 2009 chronicae
1677 1973 1763 2018 qui-

317 2020 371 2053 vis
398 2025 522 2054 auctor
543 2020 709 2056 fallacem
730 2023 911 2067 quandam
939 2027 977 2055 et
997 2023 1144 2068 plenam
1166 2023 1501 2067 repugnantiarum,
1525 2032 1590 2055 ceu
1610 2018 1761 2054 chorum

319 2067 500 2112 exlegem,
530 2067 607 2102 edit
630 2069 873 2113 scriptionem:
898 2070 1108 2103 Boeoticum
1133 2079 1278 2115 quoque
1300 2067 1529 2113 proverbium
1549 2079 1633 2100 mox
1655 2065 1764 2099 audi-

320 2118 443 2154 turus,
481 2113 581 2159 quod
612 2116 663 2149 sic
697 2114 799 2149 tibiis
835 2128 960 2155 sonare
985 2127 1059 2150 non
1086 2116 1202 2151 decet.
1249 2116 1418 2160 Denique
1441 2119 1479 2148 et
1504 2113 1598 2147 illud
1622 2123 1762 2146 mecum

275 2186 284 2196 ,
321 2161 510 2204 reputavi,
543 2160 653 2195 finem
678 2161 854 2196 historiae
886 2173 1104 2209 scopumque
1131 2161 1306 2206 optimum
1335 2173 1412 2195 esse
1428 2186 1438 2202 ,
1468 2166 1510 2194 ut
1535 2171 1590 2194 res
1617 2165 1762 2204 gestae,

324 2206 415 2239 duce
438 2208 588 2240 omnino
618 2209 788 2250 veritate,
812 2208 948 2254 absque
972 2210 1047 2243 ullo
1069 2209 1201 2243 affectu
1221 2206 1442 2241 scribantur:
1467 2211 1649 2240 accuratos
1669 2216 1756 2239 vero

321 2257 524 2298 temporum
549 2254 724 2297 calculos,
758 2256 788 2289 si
812 2256 926 2290 veluti
952 2261 1061 2290 testes
1088 2255 1339 2293 n0n2invocati
1373 2253 1510 2294 adsint,
1544 2251 1750 2296 praedictae

323 2301 376 2333 rei
397 2298 492 2332 nihil
512 2300 693 2344 prodesse.
712 2324 716 2330 ι
742 2302 831 2335 Nam
860 2302 951 2348 quid
967 2303 1108 2336 Socrati
1135 2301 1180 2336 ad
1204 2300 1422 2345 sapientiam
1442 2301 1501 2334 vel
1522 2299 1766 2333 Themistocli

325 2344 371 2381 ad
390 2346 528 2389 ingenii
549 2348 745 2382 sollertiam
771 2349 962 2383 conferunt
982 2348 1160 2394 tempora?
1184 2347 1284 2392 Quid
1300 2347 1390 2381 scire
1410 2346 1533 2387 refert,
1553 2345 1701 2380 ubinam
1720 2344 1762 2378 hi

325 2392 500 2437 praeclari
522 2394 592 2427 viri
612 2405 677 2438 per
699 2401 868 2429 aestatem
893 2394 1084 2440 degerint?
1102 2394 1251 2430 ubinam
1272 2404 1352 2427 suas
1379 2395 1530 2428 virtutes
1545 2418 1554 2433 ,
1577 2398 1762 2436 tamquam

327 2438 417 2471 folia
442 2450 506 2483 pro
532 2442 618 2473 anni
642 2446 824 2487 tempore,
848 2447 1047 2476 crescentes
1071 2441 1343 2486 defluentesque
1367 2438 1626 2474 exhibuerint?
1649 2438 1761 2483 Atqui

326 2483 456 2518 horum
479 2485 630 2520 sortasse
655 2494 808 2534 uterque
834 2488 1016 2534 quidquid
1038 2489 1097 2523 vel
1129 2493 1279 2541 naturae
1309 2486 1516 2532 cognitione
1540 2486 1598 2519 vel
1621 2485 1760 2529 ingenii

329 2532 429 2564 cultu
453 2533 674 2577 exquisitum
699 2540 796 2575 erat,
822 2535 862 2569 id
885 2539 1155 2579 perseveranter
1177 2538 1287 2579 atque
1306 2539 1482 2578 perpetuo
1502 2543 1586 2576 prae
1607 2542 1644 2565 se
1665 2532 1761 2565 sere-

329 2577 394 2611 bat
421 2578 560 2612 actibus
592 2581 665 2613 suis
696 2586 805 2626 atque
839 2581 1015 2615 servabat.
1066 2580 1168 2627 Quid
1198 2580 1346 2625 prodest
1367 2579 1541 2614 historiae
1572 2576 1758 2622 proposito

330 2624 422 2658 scire
445 2634 486 2659 ac
501 2636 735 2671 cognoscere,
758 2628 914 2661 Gmecos
937 2629 1055 2662 navali
1075 2627 1212 2673 proelio
1236 2626 1284 2660 ad
1305 2626 1522 2661 Salaminam
1547 2625 1672 2658 vicisse
1697 2635 1760 2656 ex·

331 2672 470 2709 oriente
493 2673 676 2708 canicula?
700 2674 801 2720 Quid
824 2685 943 2709 rursus
965 2675 1105 2711 confert
1126 2673 1320 2709 lectoribus
1348 2673 1396 2708 ad
1419 2672 1615 2708 utilitatem
1634 2681 1681 2707 ex
1698 2669 1760 2706 hi-
