1924 3164
674 198 1018 245 FRAGMENTA.
1500 201 1518 235 1
1538 195 1600 257 17

159 306 301 361 θυμὸν
325 303 566 362 θηριώδης,
613 306 687 347 καὶ
711 305 755 354 ἐς
785 298 1004 360 ἰἷγχύκοῑαν
1046 305 1129 346 τῶν
1165 299 1526 360 συλλῃᾰέἔυόντων
1557 302 1607 345 οἷ-

159 366 327 419 πᾶντων
353 369 730 426 πολυπλοκώτερος.
790 373 889 414 Voc.
916 369 1183 426 γιγαντοόδης.

270 438 323 493 β’.-
371 438 418 482 Ὁ
446 438 494 480 δὲ
524 433 748 486 Θεοδόὰιος
773 435 852 492 ἑτὴν
878 437 1129 490 βασίλισσαν
1153 436 1368 479 &atrofiam
1395 427 1462 480 ἐᾶτ’
1488 431 1603 492 ἥμα-

161 519 206 547 τι
232 502 384 559 σχεδόν
411 518 454 546 τι
479 501 733 559 ἐδάκρυσεν·
781 501 936 558 ἀνάγκη
964 502 1045 559 γὰρ
1076 502 1150 545 καί
1181 502 1208 545 ὅ
1234 496 1501 559 προκεᾲιενος
1526 499 1605 543 πό-

131 571 286 623 ·5λεμος
312 570 580 621 συνεσκίαζεν
610 564 741 610 αὐτοῦ
765 566 811 611 τό
842 567 941 625 περὶ
964 567 1039 625 τὴν
1074 573 1252 624 γυναῖκα
1293 565 1441 618 ἠάθυς.
1500 569 1550 612 V
1545 583 1605 612 oc.

161 637 224 677 ἐπ’
257 629 405 690 ἤματι.

274 698 326 754 γί
374 700 424 743 ‘O
451 700 498 741 δὲ
534 691 772 755 Ευτρόπιος
798 701 949 755 καιροῦ
976 699 1050 742 καὶ
1082 698 1211 757 τύχης
1241 702 1434 757 ἀμέτρως
1461 716 1506 743 τε
1533 702 1607 742 και

161 765 322 821 χανδὸν
349 761 591 822 οἷρυόμένος,
621 767 694 808 και
717 764 1107 844 κατεμφορούμενος
1134 766 1207 809 xm
1232 768 1606 823 πόλύπραγμονων,

163 829 268 874 ὥστε
302 831 378 873 ου’κ
407 830 538 874 ἔλαθε
564 831 702 888 πατὴρ
732 834 863 874 παῖδα
887 848 1037 885 μισων,
1069 828 1098 888 ἢ
1118 832 1221 889 ἀνὴρ
1255 839 1445 888 γυναῖκα,
1469 827 1498 887 ἢ
1523 829 1607 886 μή·-

112 912 239 953 ιοτηρ
282 897 443 940 τέκνον·
501 898 592 940 ἀλλ’
637 899 909 954 ἐξηκοντίζετο
952 895 1139 947 ἅπαντας
1180 897 1287 955 ’πρὸς
1323 897 1403 953 τὴν
1443 898 1604 940 ἐκείνου

159 963 343 1019 γνώμην.
403 965 505 1007 Voc.
530 963 708 1018 χανδόν.

268 1029 318 1072 δ’.
366 1030 413 1072 Ὁ
440 1031 487 1071 δὲ
517 1031 559 1071 Γ
557 1046 676 1079 αινας
710 1031 907 1086 ἐξεχώρει
933 1032 1005 1085 τῆς
1031 1029 1213 1084 πόλεως,
1241 1028 1485 1073 καταλιπών
1521 1029 1604 1071 αό-

159 1093 238 1150 ‘triv
264 1092 545 1150 πολυάνδριον
571 1094 645 1135 και
667 1098 872 1148 πολυτελῆ
898 1095 1046 1150 τάφον,
1079 1090 1194 1138 οὔπω
1223 1098 1496 1150 τεθαμμένων
1522 1096 1606 1137 των

159 1161 438 1218 ἔνωκηκότων.
495 1160 543 1202 V
537 1174 597 1201 oc
620 1153 912 1215 πολυανδριον.

111 1229 158 1270 15
268 1225 314 1268 ε’.
367 1221 639 1278 Ἀρβαζάκιος
682 1219 904 1280 Ἴσαυρος,
936 1224 1008 1267 ἐπὶ
1029 1224 1251 1282 Ἀρκαὸίου
1282 1227 1359 1267 τοῦ
1384 1226 1605 1279 βασιλέως,

161 1290 209 1335 ὃν
242 1289 529 1348 Ἀρπαζάκιον
571 1289 745 1333 ἐκάλουν
793 1289 864 1332 διὰ
901 1290 947 1332 τὸ
985 1289 1293 1345 πλεονεκτικὸν,
1349 1285 1402 1346 ἧν
1444 1289 1522 1345 μὲν
1562 1293 1615 1342 ἐξ

155 1359 393 1414 Ἀρμενίας,
418 1361 504 1405 τοῖς
531 1372 668 1412 τρισιν
696 1373 786 1409 αμα
815 1357 1217 1411 συγκατειλημμὲνος
1242 1352 1436 1439 πάθεσιν,
1465 1354 1605 1414 ω’σπερ

162 1487 253 1531 δὸν·
308 1490 441 1531 ταῦτα
471 1489 518 1529 δὲ
546 1483 600 1543 ἦν
627 1489 890 1543 ε’ρωτομανία
918 1506 988 1530 και
1014 1491 1128 1544 μέθη
1157 1488 1230 1531 καί
1254 1491 1490 1540 πλεονεξιἮα
1537 1487 1610 1530 οὕ-

107 1571 220 1598 αοτω
248 1555 296 1596 δὲ
323 1555 382 1603 εἷς
428 1552 606 1608 ἔσχατον
645 1551 741 1609 ὅρον
778 1553 855 1604 τὰς
882 1551 1015 1612 ἑαυτῷ
1044 1552 1246 1604 δοκούσας
1281 1553 1436 1610 ἄρετάς
1462 1555 1608 1609 ἐπετή-

166 1623 309 1673 δευεν,
357 1616 464 1662 ὥστε
493 1620 568 1661 οὐκ
596 1614 649 1662 ἄν
678 1637 742 1670 τις
770 1621 985 1662 ἐπίστευσε
1014 1620 1231 1675 πειραθεὶς
1241 1655 1253 1674 ,
1304 1618 1368 1663 δ’τι
1394 1619 1470 1671 τὰς
1496 1626 1607 1676 τρεῖς

163 1688 322 1735 ἐκείνας
364 1683 500 1735 οὕτως
543 1686 603 1735 εἰς
642 1682 770 1743 ἄκρον
816 1684 1036 1742 ἐξὴσκησε·
1090 1691 1368 1742 μουσουργοῖς
1405 1687 1484 1740 μὲν
1521 1683 1602 1741 γὰρ

254 1798 309 1821 21.
334 1777 385 1832 μὴ
411 1795 512 1832 πειρ.
539 1786 634 1820 coni.
658 1785 702 1819 N.

163 1881 202 1911 et
225 1875 364 1920 ingenii
394 1872 615 1921 acumine‘et
640 1875 734 1909 dolis
766 1887 890 1911 omnes
914 1877 1188 1911 latrociniorum
1210 1886 1356 1910 suorum
1382 1875 1496 1909 socios
1519 1875 1603 1908 lon-

163 1935 205 1969 ge
236 1931 415 1966 superare.

255 1981 287 2002 α.
335 1967 565 2002 Theodosius
598 1973 719 2002 autem
749 1968 1015 2021 Imperatricem
1054 1968 1257 2001 defunctam
1296 1967 1372 2001 fere
1396 1977 1462 2011 per
1489 1979 1604 2001 unum

164 2015 260 2048 diem
289 2014 443 2049 deflevit.
493 2015 584 2048 Nam
605 2015 684 2060 ipsa
711 2014 906 2047 necessitas
935 2019 971 2047 et
991 2023 1162 2056 praesens
1182 2013 1320 2047 bellum
1338 2012 1604 2048 obumbrabant

163 2063 279 2108 ipsius
310 2061 490 2101 dolorem,
515 2072 623 2106 quem
649 2072 693 2095 ex
723 2070 834 2093 uxore
862 2059 1055 2092 sentiebat.

258 2110 290 2142 3.
339 2086 534 2152 Eutropius
573 2118 656 2140 vero
691 2107 912 2140 occasionem
951 2111 988 2139 et
1023 2106 1202 2140 fortunam
1244 2106 1436 2140 immodice
1475 2111 1512 2139 et
1544 2106 1605 2140 af-

161 2155 267 2189 fatim
295 2154 466 2188 hauriens
506 2160 543 2188 et
570 2165 607 2186 se
638 2153 858 2198 inguigitans
887 2157 924 2185 et
951 2153 1073 2186 multis
1103 2153 1258 2186 aliorum
1287 2153 1442 2198 negotiis
1472 2163 1510 2185 se
1535 2154 1605 2186 im-

161 2202 315 2234 miscens
337 2202 388 2234 ita
409 2199 575 2240 vivebat,
600 2206 640 2233 ut
664 2205 767 2243 pater
791 2199 904 2232 filium
921 2198 1006 2232 odio
1024 2209 1246 2246 prosequens
1269 2205 1332 2232 aut
1348 2200 1496 2232 maritus
1513 2212 1603 2233 uxo—

162 2259 239 2281 rem
264 2253 328 2282 aut
350 2252 464 2280 mater
490 2246 602 2280 filiam
627 2246 774 2279 minime
804 2246 954 2287 lateret,
987 2245 1052 2278 sed
1075 2256 1198 2281 omnes
1226 2245 1466 2280 eiacularetur
1486 2245 1532 2279 ad
1554 2247 1603 2280 il-

160 2295 233 2327 lius
261 2294 489 2327 sententiam.

254 2340 286 2384 4,
337 2340 471 2374 Ga‘i‘nas
504 2343 624 2372 autem
654 2338 767 2372 exivit
790 2349 835 2371 ex
866 2337 980 2378 urbe,
1008 2349 1115 2384 quam
1138 2338 1310 2384 reliquit,
1329 2343 1371 2372 ut
1391 2342 1486 2372 esset
1507 2339 1606 2371 mul-

160 2392 281 2421 torum
306 2388 465 2420 virorum
490 2386 694 2431 sepulcrum
723 2389 761 2418 et
793 2390 1017 2418 sumtuosum
1045 2385 1267 2430 sepulcrum,
1291 2384 1391 2430 quod
1415 2384 1516 2419 illius
1545 2397 1605 2419 ur-

163 2433 221 2467 bis
249 2434 391 2467 incolae
418 2432 581 2466 nondum
608 2432 742 2477 sepulti
772 2432 935 2465 fuissent.

258 2482 290 2514 5.
337 2478 550 2513 Arbazacius
583 2476 844 2519 1saums,sub
882 2475 1034 2510 Arcadio
1053 2478 1297 2523 Imperatore,
1323 2486 1430 2524 quem
1456 2478 1604 2523 propter

164 2527 396 2570 rapacitatem
429 2525 732 2570 Harpazaciumi.
750 2536 779 2558 e.
810 2524 984 2568 Rapacem
1012 2524 1255 2569 appellabant.
1305 2525 1390 2559 Fuit
1426 2524 1522 2558 enim
1559 2536 1603 2557 ex

164 2573 335 2606 Armenia
361 2572 556 2616 oriundus,
582 2571 691 2605 simul
716 2571 772 2604 his
796 2572 911 2605 tribus
934 2567 1205 2613 affectionibus,
1229 2570 1270 2605 ut
1289 2567 1498 2604 finitissimis
1513 2571 1605 2603 Vul-

165 2619 279 2653 caniis
299 2612 452 2652 vinculis
477 2619 711 2659 constrictus,
745 2622 782 2651 et
812 2618 850 2650 in
878 2617 968 2663 ipsis
996 2622 1201 2651 constanter
1226 2619 1475 2662 perseveravit.
1527 2617 1603 2649 Hae

162 2672 283 2699 autem
321 2666 526 2698 affectiones
568 2665 718 2698 fuerunt
768 2664 914 2697 insanus
961 2674 1058 2696 amor
1096 2669 1133 2698 et
1179 2664 1334 2698 ebrietas
1372 2669 1408 2697 et
1442 2664 1601 2697 avaritia.

163 2713 224 2747 sie
250 2714 370 2744 au‘tem
396 2711 497 2753 illas,
523 2721 612 2757 quas
638 2713 790 2745 virtutes
812 2710 1056 2751 existimabat,
1083 2721 1220 2744 summo
1250 2710 1370 2745 studio
1399 2707 1602 2748 exercebat,

163 2764 205 2796 ut
234 2758 356 2794 nullus
399 2768 474 2791 non
515 2763 687 2804 expertus
733 2756 912 2799 crederet,
947 2757 1033 2804 quia
1074 2761 1147 2792 tres
1173 2757 1269 2793 illas
1281 2758 1433 2793 virtutes
1460 2765 1602 2790 summo
