1924 3164
557 185 591 224 E
628 182 916 224 MENANDm
958 182 1232 226 HISTomA.
1519 162 1589 243 37
1606 187 1627 222 1

178 283 327 337 „roffio
368 279 419 324 οὗ
446 285 633 339 γέγονεν,
673 286 767 327 ἐπεί
808 284 832 327 ὅ
871 283 1055 335 Σουάνος
1082 282 1160 328 οὔκ
1187 282 1346 342 ἀπέστη
1361 319 1375 343 ,
1412 285 1527 329 καθὰ
1558 289 1635 343 dr}-
1646 297 1734 334 ΑΒ.
1750 299 1820 335 562

181 352 342 392 πουθεν
373 345 426 392 οὗ
451 351 600 399 δοῦλος
629 347 680 406 ἧν
709 350 734 392 ὅ
763 352 924 402 Λαζός.
983 352 1096 407 φημὶ
1123 354 1184 407 δὲ,
1213 351 1272 401 ὥς
1299 354 1375 395 τοῦ
1401 355 1499 395 καθ’
1523 346 1835 432 ἧμᾶἓῗξὲιίίἐξπ

182 414 337 458 δούλου
377 415 401 458 ὅ
439 418 585 466 δοῦλος
621 418 856 472 ἀφηνίασεν
893 416 1132 470 οὖδάμῶς.”
1188 418 1433 475 ,,τήμερον,”
1474 415 1587 461 εἶπεν
1611 435 1633 460 ο

182 480 396 535 βασιλεὺς,
424 484 554 536 ,βέκα
581 478 662 536 ἤδη
701 481 1002 540 παρῳχήκασιν
1027 485 1244 537 ἐνιαυτοί,
1272 487 1317 535 ἐξ
1344 479 1397 526 οὗ
1423 484 1637 528 Σουανίαν

155 548 229 592 sgr
253 550 413 605 κατοχῇ
437 549 720 603 ἐποιησάμην·
771 549 967 604 πρέσβεις
993 549 1189 598 πολλάκις
1227 548 1464 603 ἐδεξάμεθα
1491 565 1537 592 τε
1564 553 1641 594 καὶ

182 614 477 667 ἐξεπέμψαμεν
504 612 561 662 ὥς
580 612 850 666 εΡοομαιόυς·
878 612 953 654 καί
987 614 1036 655 τί
1070 616 1175 669 δῆτα
1204 616 1250 665 ἐξ
1282 616 1441 656 ἐκείνου
1468 613 1542 658 τόν
1567 615 1639 658 ὅν-

178 679 351 721 τιναοῧν
379 679 430 720 οὗ
455 678 694 733 κεκινήκατε
721 677 843 733 λόγον
871 681 991 721 ἕνεκα
1030 679 1239 730 Σουανίας
1251 682 1289 732 ,·”
1317 679 1493 737 ,ἐπειδὴ
1520 698 1637 736 τηνι-

179 746 348 797 καῦτα,”
376 742 511 796 ἔλεξεν
541 743 564 785 ὅ
589 745 774 800 Πέτρος,
804 746 907 797 „nal
933 745 1126 800 Λαζικῆς
1154 743 1297 800 κύριος
1323 744 1536 801 ἑγεγόνεις.
1565 749 1640 791 καί

181 807 298 865 εἴπερ
332 809 451 866 ἔφην·
488 807 546 859 οἷς
584 810 654 851 δεῖ
687 812 1004 866 παραχωρῆσαί
1037 825 1112 863 μοι
1139 813 1374 865 Σουανίας,
1419 808 1680 863 ἆντέλεξαςῦ

130 869 255 924 ιοόἷν·
295 879 406 926 τίνος
442 873 592 931 χάριν·
620 876 695 917 καί
720 874 835 931 εἴπερ
865 871 994 925 αὖθις
1022 874 1151 932 ἔφην·
1196 879 1292 919 ἐπεὶ
1322 879 1517 934 Λαζικῆς
1543 881 1657 934 ἐστι,

180 937 401 994 κατήκοος,
441 938 665 997 ἀπεκρίνω·
695 942 791 983 τίνα
825 940 905 996 γάρ
943 957 990 983 σε
1017 943 1274 998 γνωρίζομεν
1301 945 1495 1000 Λαζικῆς
1510 962 1526 998 ,·
1564 943 1639 987 καὶ

179 1006 327 1049 λοιπὸν
369 1008 554 1063 ἀντερεῖν
581 1006 752 1061 εἴχομεν
787 1005 834 1048 τὸ
878 1004 1079 1061 παράπαν
1117 1009 1278 1052 οὕδέν.”
1330 1011 1484 1063 ,,τοῦτο
1510 1009 1636 1068 φῇς,”

179 1069 293 1115 εἶπεν
320 1070 343 1114 ὅ
370 1072 586 1126 βασιλεὺς,
614 1069 712 1126 ,,ὅτι
741 1073 928 1115 Σουανία
940 1074 1100 1124 Λαζῶν
1128 1071 1371 1131 ὑποχείριος
1397 1069 1461 1131 ἦν,
1516 1075 1634 1133 εἴπερ

184 1137 199 1152 Ί
335 1138 343 1151 Ι

178 1155 226 1181 εν
263 1155 507 1195 γραμμασιν
546 1134 681 1181 οἶόστε
736 1135 779 1181 εἶ
820 1140 1104 1194 τεκμηριῶσαι
1150 1139 1197 1182 τό
1245 1137 1430 1193 τοιόνδε,
1482 1138 1636 1196 ἥκιστα

127 1204 487 1263 ι5ἆποτεύ’ξῃ·τοῐῖ
514 1206 710 1254 ὃέοντος.”
735 1205 811 1246 καί
839 1203 862 1245 ὅ
893 1205 1072 1259 Πέτρος·
1103 1200 1190 1258 ,,οὗ’
1216 1222 1256 1247 τι
1283 1207 1499 1262 μελλήσω,
1530 1207 1636 1249 ἅνα-

179 1268 337 1321 ὃιδάξω
367 1272 415 1312 δέ
441 1286 488 1312 σε
516 1271 711 1325 τάληθές.
741 1270 916 1325 ἀρχαῖον
942 1268 1062 1323 ἔθος,
1091 1265 1127 1312 ὦ
1156 1272 1358 1325 δέσποτα,
1385 1269 1481 1314 τόδε
1509 1274 1636 1329 ἐκρά-

178 1352 277 1391 τησε
305 1334 422 1391 παρὰ
450 1338 629 1387 Λαζοῖς.
685 1333 708 1377 ὃ
739 1337 948 1385 Σουανιάς
976 1333 1146 1391 ἡγεμών
1183 1334 1367 1393 ὑπήκουε
1393 1340 1451 1396 τῷ
1486 1340 1633 1398 Λαζῷ,

177 1404 254 1444 καί
288 1399 552 1458 α’νάγραπτός
589 1399 628 1443 οἱ
673 1399 875 1458 ἐπεφύκει
923 1403 968 1450 ἐς
1008 1402 1319 1459 ὁάσμοφορίαν.
1382 1403 1458 1446 καὶ
1495 1408 1634 1447 τοίνυν

177 1468 389 1520 ἐκομίζετο
418 1469 517 1523 παρ’
547 1463 685 1508 adron?
713 1466 736 1508 ὅ
754 1465 902 1518 Λαζός
930 1467 1117 1524 καρπούς
1139 1484 1183 1510 τε
1206 1472 1409 1521 μελιττῶν
1436 1473 1510 1513 καί
1535 1471 1634 1527 ‹559²-

123 1532 269 1589 209⁶&ss
296 1535 370 1575 καί
393 1535 516 1587 ἕτερα
547 1527 667 1574 ἅττα.
708 1529 884 1587 ὁπηνίκα
913 1533 960 1574 δὲ
988 1527 1064 1575 οὖν
1092 1531 1115 1574 ὅ
1144 1531 1330 1584 Σουοίνος
1359 1531 1506 1592 ἄρχων
1531 1537 1675 1581 ἀπε-Ι)

173 1600 286 1653 βίω,
327 1598 580 1654 ἐχειροτόνει
617 1595 639 1639 ὃ
675 1603 761 1647 τοῖς
803 1599 968 1650 Λαζοῖς
1005 1597 1193 1654 ἐφεστώς
1218 1597 1291 1641 τὸν
1319 1601 1630 1658 διαφυλάξοντα

176 1667 256 1707 τοῦ
295 1665 577 1718 ἀποιχομένου
615 1661 693 1720 τὴν,
730 1659 881 1720 ἀρχήν.
937 1664 983 1706 ἐν
1015 1662 1152 1721 τούτῳ
1191 1663 1434 1721 γράμμασιν
1474 1670 1630 1724 ἐχρῆτο

272 1777 303 1800 2.
316 1756 365 1798 οὗ
387 1764 454 1807 Ν.,
478 1764 502 1798 6
523 1765 619 1810 vulg.
661 1802 671 1819 ι
740 1765 772 1798 3.
799 1762 906 1799 εἶπεν
929 1765 970 1799 Η.
985 1788 996 1806 ,
1021 1762 1123 1800 εἶδεν
1147 1765 1242 1810 vulg.
1359 1780 1393 1814 9.
1419 1767 1481 1802 δεῖ
1505 1769 1561 1810 Ν.,
1586 1768 1629 1804 δὲ

270 1813 366 1857 vulg.
437 1823 494 1847 αι.
520 1812 697 1857 ὑφεστως
719 1810 815 1856 vulg.

174 1897 274 1926 ctum
297 1903 372 1926 non
397 1896 474 1933 est,
508 1891 594 1937 quia
618 1890 731 1924 Suani
756 1901 777 1923 a
800 1888 909 1923 nobis
931 1901 1008 1924 non
1040 1891 1277 1933 defecerunt,
1315 1892 1627 1938 quemadmodum

174 1939 280 1981 Lazi,
315 1939 449 1984 quibus
474 1938 631 1971 subiecti
655 1942 771 1974 erant,
827 1937 905 1970 Hoc
943 1938 1055 1981 igitur
1079 1938 1246 1979 affirmo,
1284 1949 1404 1972 servos
1441 1951 1626 1973 servorum

173 1991 380 2020 nostrorum
404 1995 591 2032 nunquam
617 1995 637 2016 a
662 1984 770 2017 nobis
795 1983 1024 2017 descivisse.“
1072 1985 1120 2017 At
1145 1996 1228 2019 rex:
1253 1984 1398 2023 „Hodie
1422 1988 1626 2030 praeterie-

174 2037 261 2066 runt
283 2032 408 2066 decem
440 2034 548 2073 anni,
585 2042 630 2064 ex
663 2042 736 2076 quo
774 2030 948 2064 suaniam
983 2031 1248 2075 occupavimus.
1298 2031 1453 2077 Legatos
1477 2034 1624 2078 saepius

173 2090 196 2111 a
219 2078 324 2113 vobis
349 2081 567 2123 excepimus,
592 2082 630 2111 et
653 2077 700 2110 ad
724 2088 788 2111 vos
816 2077 991 2110 misimus.
1046 2077 1119 2110 Cur
1133 2077 1282 2111 tandem
1306 2079 1446 2112 nullam
1464 2091 1624 2125 unquam

173 2127 396 2160 mentionem
417 2126 461 2159 de
484 2126 619 2159 Suania
639 2124 775 2157 fecistis
785 2123 822 2156 ?“
855 2122 988 2167 ‚‚Quia,
1012 2123 1136 2157 Petrus
1161 2124 1226 2164 ait,
1251 2125 1395 2158 Lazices
1418 2125 1623 2160 dominium

172 2183 254 2206 eras
281 2172 446 2219 adeptus.
493 2173 637 2205 Etenim
674 2173 705 2204 si
737 2176 774 2203 te
806 2169 1001 2212 adiissem,
1044 2174 1086 2203 ut
1120 2170 1213 2204 mihi
1251 2171 1422 2204 Suaniam
1450 2172 1622 2214 cederes,

173 2230 339 2261 causam,
379 2231 442 2253 cur
472 2219 512 2252 id
535 2219 683 2259 faceres,
713 2218 993 2261 interrogasses3
1030 2227 1140 2262 quam
1172 2217 1204 2250 si
1227 2217 1487 2253 reddidissem:
1534 2221 1622 2265 quia

173 2266 276 2299 Lazis
302 2271 358 2300 est
393 2265 563 2300 subdita:
601 2266 656 2298 An
693 2264 810 2297 nescis
825 2274 882 2296 me
917 2264 1066 2297 Lazicae
1094 2264 1282 2298 dominum
1317 2267 1485 2300 effectum
1512 2266 1620 2299 esse?

174 2314 442 2357 respondisses,
485 2322 605 2359 neque
639 2310 746 2345 nobis
789 2311 986 2356 quicquam
1021 2310 1154 2356 reliqui
1176 2310 1344 2352 >vfuisset,
1387 2313 1487 2357 quod
1522 2313 1620 2346 ultra

174 2359 300 2404 eloqui
332 2360 607 2404 potuissemus.“
661 2358 760 2400 „Ain
785 2361 847 2397 tu,
873 2358 996 2402 inquit
1031 2367 1117 2396 rex,
1167 2356 1339 2396 Suaniam
1371 2359 1474 2393 Lazis
1505 2358 1620 2394 fuisse

175 2405 402 2439 subiectam?
462 2407 540 2439 Hoc
573 2406 600 2439 si
621 2411 660 2438 tu
685 2404 821 2438 tabulis
848 2403 991 2447 scriptis
1023 2403 1179 2448 probare
1207 2403 1366 2448 poteris,
1403 2405 1616 2450 impetrabis

175 2451 278 2497 quod
301 2453 437 2486 iustum
460 2458 547 2487 est.“
594 2453 640 2486 Et
663 2453 808 2485 Petrus:
832 2449 960 2488 „Haud
983 2451 1191 2483 cunctabor.
1235 2447 1386 2485 Docebo
1411 2457 1449 2486 te
1479 2464 1614 2486 verum.

174 2498 289 2532 Vetus
315 2510 403 2540 moS,
429 2511 450 2534 o
475 2499 641 2537 domine,
666 2497 847 2536 obtinuit,
884 2495 981 2540 apud
1015 2497 1121 2529 Lazos
1146 2496 1270 2532 hicce:
1320 2511 1431 2545 quum
1457 2499 1615 2533 Suaniae

176 2545 252 2579 dux
275 2546 439 2580 subesset
458 2547 571 2587 Lazo,
595 2547 691 2578 inter
715 2545 799 2583 hos,
833 2544 896 2587 qui
921 2543 977 2575 illi
999 2543 1137 2577 tributa
1161 2544 1387 2589 pendebant,
1412 2545 1615 2590 adscriptus

177 2597 265 2625 erat.
315 2593 559 2637 Quamobrem
583 2594 694 2626 Lazus
719 2589 922 2634 accipiebat
947 2589 993 2622 ab
1022 2590 1100 2635 ipso
1125 2591 1283 2632 fructus,
1324 2592 1454 2631 mella,
1499 2593 1614 2636 pelles

176 2643 215 2671 et
238 2639 310 2671 alia
338 2639 526 2685 quaedam.
575 2639 731 2686 Quando
765 2643 885 2671 autem
911 2635 1065 2670 Suaniae
1100 2636 1268 2683 princeps
1301 2639 1375 2671 vita
1401 2638 1613 2679 excedebat,

174 2687 343 2731 suffragio
370 2688 459 2725 eius,
485 2688 548 2731 qui
574 2686 674 2719 Lazis
700 2689 877 2730 praeerat,
901 2683 1116 2729 eligebatur,
1153 2685 1217 2729 qui
1240 2686 1279 2718 in
1304 2685 1423 2718 locum
1447 2684 1612 2718 defuncti

175 2733 331 2777 regionis
355 2732 709 2768 administrationem
733 2732 942 2776 susciperet.
991 2730 1094 2764 Tunc
1117 2731 1290 2765 Lazorum
1316 2732 1520 2777 praefectus
1549 2732 1612 2766 lit-
