1924 3164
623 165 656 205 E
696 164 902 206 MALcffl
942 140 1217 205 ms'romA.
1527 142 1642 218 259

192 271 320 311 πᾶσιν
347 269 414 324 ἐφ’
443 265 526 324 ὅτῳ
569 263 776 322 ἤπειῇνετο.
833 265 1034 320 βασιλεὺς
1073 266 1120 307 δὲ
1158 261 1354 313 ἇκοόσαςΑ
1379 263 1509 306 ἱππέα
1548 265 1733 316 ἐξέ-Α.Ο.
1746 269 1812 318 '481

191 346 335 389 ’πεμψε
360 331 434 375 καί
455 335 651 387 βασίλεια
677 330 933 389 γράμματα,
961 332 1035 386 τῆς
1067 332 1146 384 μὲν
1171 331 1416 387 προθυμίας
1442 326 1570 373 αὖτόν
1595 321 1778 403 ἐ-ῘΖῐέἒέη
1795 366 1822 404 8

195 403 359 442 παινῶν
377 434 391 453 ,
431 396 610 440 κελεύων
645 400 693 441 δὲ
721 394 939 452 ἀπελθεῖν,
979 397 1036 446 ὥς
1062 397 1203 439 οὐκέτι
1229 391 1358 452 οὔσης
1382 396 1556 453 χρείας,
1583 396 1645 452 μὴ
1781 394 1787 401 ’

193 464 318 520 μόλις
358 466 632 506 καταστᾶσαν
669 465 716 505 ἐκ
750 462 946 505 τοιούτου
991 460 1122 505 σάλου
1158 461 1235 518 τὴν
1269 460 1393 504 πόλιν
1428 456 1558 512 αὖθις
1585 464 1645 512 εἰς

168 529 396 576 5ὖπόνοιαν
423 527 678 584 ἐμβαλόντες
704 525 851 585 ἑτέραν
877 527 925 570 τὸ
954 531 1238 584 θορυβεῖσθαι
1265 529 1419 585 φιλοῦν
1438 529 1500 578 εἶς
1512 530 1645 584 χείρω
1660 539 1688 573 C

195 596 271 639 καὶ
293 598 468 651 μείζονα
495 591 755 651 ἔκταράξωσι
783 591 945 637 στάσιν.
985 594 1009 635 ὁ
1039 595 1088 636 δὲ
1117 592 1247 644 αὐτὸς
1271 594 1350 647 μὲν
1376 592 1459 651 ἔφη
1486 596 1545 652 τῷ
1567 597 1651 649 βα-

193 668 310 706 σιλεῖ’
329 664 581 715 nemmem,
603 658 650 702 τὸ
685 660 733 701 δὲ
760 662 921 715 πλῆθος
949 659 1088 702 ου’κέτι
1116 657 1327 702 δύνασθαι
1354 660 1650 717 ἀναστρέφειν,

193 727 393 771 τοσοῦτόν
433 743 480 770 τε
519 727 718 781 συλλεγὲν
762 727 838 767 καί
871 727 1001 782 μέρος
1042 741 1084 767 τι
1109 725 1159 767 οὗ
1185 724 1330 782 βραχύ
1360 726 1652 770 διαναπαύων.

192 791 300 850 ὗπέρ
341 809 387 836 τε
425 792 507 848 γὰρ
552 793 706 846 τειχῶν
732 792 888 833 ου’δένα
916 790 1110 845 ἐνόμιζεν
1138 792 1257 848 αὐτῷ
1285 790 1616 846 ἄντιστήσεσθαι
1633 824 1647 846 ,

140 860 295 916 ιομήτε
321 859 529 911 ἒπάλξεως
556 858 767 913 μηδεμιᾶς
792 854 901 912 μήτε
926 853 1088 912 πύργου
1127 852 1415 911 ἑστῶτος,καί
1438 857 1651 900 εἰσελθόν-

192 932 241 969 τι
263 924 404 968 πάντα
431 923 503 968 τὸν
531 926 666 980 δῆμον
694 925 981 980 προσέσεσθαι
1011 924 1062 980 τῇ
1090 925 1173 965 τῶν
1195 922 1403 978 Ἰσαύρων
1424 922 1646 982 ἀπεχθείᾳ.

195 991 227 1036 ἃ
266 991 317 1048 δὴ
361 990 436 1034 καὶ
472 989 738 1048 φοβούμενος
772 988 925 1044 Ζήνων
961 990 1164 1042 ἐκπέμπει
1190 985 1410 1042 Πελάγιον
1443 987 1650 1043 χρήματα

194 1057 348 1113 ἔχοντα
377 1056 533 1100 πολλά·
562 1054 616 1098 τὰ
643 1057 722 1109 μὲν
751 1052 866 1112 αὖτῷ
897 1055 1140 1111 Θευδερίχῳ
1158 1085 1170 1107 ,
1200 1052 1251 1095 τὰ
1286 1055 1333 1095 δὲ
1360 1053 1436 1095 καί
1459 1057 1518 1112 τῷ
1543 1057 1586 1096 Γ
1583 1069 1650 1096 οτ-

194 1127 305 1182 θικῷ
343 1125 400 1181 τῷ
439 1120 570 1165 παντὶ
604 1121 798 1173 διδόασι,
844 1119 916 1162 καὶ
943 1115 1073 1168 ἄλλας
1100 1119 1350 1173 ὑποσχέσεις
1376 1121 1547 1175 δωρεῶν
1575 1116 1655 1161 οὔκ

146 1190 353 1246 ιδόλίγας.
409 1186 548 1231 ἐλθών
587 1189 635 1230 δὲ
676 1184 890 1241 Πελάγιος
930 1184 1006 1227 καὶ
1042 1184 1094 1227 τὰ
1121 1187 1202 1238 μὲν
1232 1182 1491 1240 ἀπειλήσας,
1520 1184 1574 1227 τὰ
1606 1186 1699 1232 δὲῐ)

193 1254 503 1310 ὑποσχόμενος,
532 1251 582 1295 τὰ
616 1254 663 1295 δὲ
691 1255 767 1294 καί
791 1258 879 1300 τοῖς
908 1250 1124 1307 χρήμασιν
1153 1247 1230 1292 οὔκ
1258 1250 1414 1304 ὀλίγοις
1443 1252 1521 1308 [τε]
1554 1247 1655 1294 οὖσι

194 1320 241 1365 τὸ
274 1318 402 1378 φύσει
434 1316 696 1376 φιλάργυρον
723 1318 800 1360 τοῦ
823 1317 980 1372 τρόπου
1009 1315 1261 1369 μετελθών,
1290 1316 1534 1369 διαπέμπει.
1582 1319 1658 1359 καὶ

194 1386 310 1439 ἔδοξε
339 1386 392 1442 δὴ
423 1386 544 1428 τοῦτο
568 1386 647 1426 τοῦ
674 1386 811 1439 φοβον
832 1383 911 1424 τοῦ
935 1383 1125 1430 πλειόνος
1154 1381 1384 1437 ἀναφέρειν
1410 1380 1488 1437 τήν
1518 1380 1656 1428 πόλιν.

196 1453 325 1496 οὐδὲν
352 1450 434 1508 γὰρ
472 1447 526 1507 ἦν
561 1451 732 1492 ἐλπίσαι
760 1445 964 1496 εἰσιόντος
992 1442 1022 1502 ἢ
1045 1443 1230 1500 πόλεμόν
1255 1462 1299 1488 τε
1327 1446 1450 1490 ἔνδον
1477 1450 1552 1491 καί
1576 1451 1656 1491 τοῦ

144 1517 350 1569 αοπαντὸς
376 1516 598 1574 ἐζιιπρησιν,
656 1511 754 1558 οὖδὲ
782 1513 862 1571 γὰρ
894 1511 934 1555 οἱ
959 1507 1154 1568 Ἴσαυροι
1190 1512 1334 1562 ἅπλῶς
1373 1512 1655 1571 ἀναχωρῆσαι

297 1621 331 1655 6.
355 1618 593 1664 ἐκταράξωσι
620 1615 758 1651 στάσιν
782 1615 838 1657 H„
863 1612 1056 1660 ἐκταράξω
1082 1613 1271 1649 σύστασιν
1293 1613 1388 1660 vulg.
1472 1617 1505 1651 8.
1523 1613 1658 1649 διανιι·

292 1664 442 1712 παύων]
469 1666 570 1700 λίαν.
591 1662 750 1700 ἀπειθές
778 1662 871 1696 coni.
904 1661 947 1695 R.
1071 1662 1122 1694 13.
1149 1662 1216 1693 καὶ
1241 1666 1326 1695 ante
1351 1658 1395 1695 τὰ
1422 1660 1495 1708 μὲν
1518 1663 1587 1696 ins.
1608 1663 1657 1698 Η.

299 1713 352 1757 14.
377 1711 531 1748 διδόναι
549 1712 642 1745 coni.
669 1710 716 1747 N.
769 1710 820 1744 16.
847 1717 887 1743 τε
910 1708 1013 1742 uncis
1025 1707 1250 1742 inclusimus.
1303 1720 1356 1753 ¹9·
1378 1707 1536 1747 ἐλπίσας
1559 1710 1656 1754 vulg.

202 1796 331 1831 urbem
354 1806 375 1828 a
399 1794 563 1840 periculo
587 1793 821 1827 liberandum
845 1791 1042 1834 accedere3
1076 1789 1141 1823 sed
1166 1789 1402 1824 manifestum
1431 1798 1509 1827 erat
1533 1795 1658 1828 omni..

202 1844 291 1884 bus,
317 1854 390 1888 qua
415 1843 460 1875 de
484 1843 591 1875 'causa
617 1843 828 1873 accurreret.
876 1839 1007 1884 Itaque
1031 1839 1254 1881 Imperator,
1289 1837 1355 1870 ubi
1387 1838 1458 1872 hoc
1492 1840 1654 1881 audivit,

202 1890 251 1923 ad
276 1901 358 1923 eum
382 1900 461 1922 cum
486 1887 620 1922 litteris
651 1886 757 1931 regiis
791 1884 954 1930 equitem
987 1883 1122 1924 mittit,
1160 1885 1322 1916 animum
1359 1890 1396 1918 et
1424 1886 1653 1920 voluntatem

203 1948 286 1982 erga
313 1948 350 1970 se
375 1934 525 1976 laudat,
550 1933 614 1967 sed
637 1932 743 1968 iubet
766 1943 850 1965 eum
873 1929 1062 1970 recedere,
1088 1930 1176 1974 quia
1200 1930 1268 1963 illo
1295 1941 1368 1964 non
1394 1933 1551 1976 amplius
1577 1932 1652 1966 sibi

201 1995 292 2030 opus
319 1989 432 2024 esset,
457 1993 504 2015 ne
529 1981 712 2014 civitatem
736 1978 798 2011 vix
819 1987 840 2010 a
865 1982 969 2010 tanto
994 1981 1096 2010 aestu
1122 1974 1320 2009 liberatam
1344 1976 1511 2012 homines
1536 1990 1652 2013 nova-

201 2043 283 2065 rum
304 2041 424 2064 rerum
450 2028 575 2073 cupidi
607 2028 647 2059 in
678 2026 787 2060 aliam
812 2023 1125 2069 perturbationem
1158 2026 1196 2056 et
1218 2023 1463 2068 suspicionem
1488 2027 1654 2060 coniice-

202 2084 286 2112 rent
331 2082 368 2111 et
401 2077 509 2119 longe
534 2073 836 2120 perniciosiorem
862 2076 899 2104 et
924 2069 1096 2102 maiorem
1122 2070 1243 2113 priore
1268 2071 1473 2105 excitarent
1497 2072 1655 2107 seditio-

201 2135 298 2158 nem.
347 2123 415 2156 Ille
438 2134 522 2156 vero
548 2119 757 2166 respondit,
784 2129 822 2151 se
841 2116 1053 2161 Imperatori
1077 2115 1356 2157 obsecuturum,
1381 2128 1504 2164 neque
1528 2124 1655 2154 tamen.

202 2181 309 2216 posse
357 2169 556 2204 exercitum
595 2168 767 2200 reducere
806 2169 951 2198 tantum
991 2168 1028 2196 et
1058 2163 1252 2195 maximam
1279 2168 1419 2207 partem
1455 2165 1554 2200 dicto
1585 2177 1653 2199 suo

201 2228 333 2263 parum
355 2216 578 2250 audientem.
627 2213 805 2258 Sperabat
824 2210 1156 2256 enimuneminem,
1179 2209 1244 2254 qui
1266 2210 1453 2245 resisteret
1468 2222 1535 2257 pro
1554 2224 1656 2248 moe-

205 2264 335 2304 nibus,
370 2274 463 2310 quae
495 2261 600 2295 nullo
634 2257 906 2306 propugnaculo
943 2261 1008 2289 aut
1039 2261 1138 2289 turre
1163 2256 1305 2289 munita
1330 2263 1457 2299 erant,
1492 2259 1565 2293 sibi
1590 2271 1656 2293 oc-

209 2322 396 2345 cursurum
413 2335 422 2351 ‚
456 2314 494 2342 et
521 2309 567 2342 ad
593 2318 629 2341 se
657 2307 697 2339 in
724 2306 850 2339 urbem
874 2303 1138 2349 ingredientem
1164 2311 1308 2336 omnem
1331 2305 1549 2349 popularem
1573 2312 1655 2340 tur-

209 2357 294 2391 bam
319 2358 541 2391 defecturam
582 2360 731 2400 propter
764 2353 890 2385 odium
909 2376 918 2391 ‚
941 2360 1013 2394 quo
1038 2350 1180 2383 Isauros
1203 2353 1504 2396 prosequebatur.
1554 2353 1656 2387 Idem

211 2406 304 2439 Zeno
327 2405 462 2438 veritus
486 2401 601 2436 mittit
614 2401 798 2446 Pelagium
823 2409 903 2432 cum
926 2397 1052 2430 multis
1071 2395 1249 2440 pecuniis,
1273 2408 1363 2442 quas
1380 2400 1511 2442 partim
1526 2399 1654 2433 Theu-

213 2450 383 2492 dericho,
406 2451 538 2496 partim
565 2448 717 2487 Gothis,
735 2446 736 2450 ’
754 2446 794 2479 in
820 2446 1026 2478 universum
1051 2441 1252 2484 divideret,
1290 2450 1327 2477 et
1351 2444 1423 2478 alia
1448 2457 1523 2480 non
1547 2457 1656 2491 parua

213 2508 363 2531 munera
395 2508 432 2530 se
467 2495 634 2529 daturum
667 2493 873 2538 sponderet.
931 2491 1060 2535 Itaque
1091 2493 1134 2522 ut
1165 2488 1329 2534 Pelagius
1365 2493 1484 2533 venit,
1522 2493 1657 2537 partim

213 2545 344 2584 minis,
368 2545 498 2588 partim
522 2541 730 2588 promissiS,
755 2539 887 2584 partim
911 2535 1121 2583 ingentibus
1143 2537 1311 2580 pecuniis
1336 2538 1528 2579 barbaros,
1562 2540 1658 2572 insi-

215 2596 290 2624 tam
327 2600 452 2623 eorum
483 2589 671 2623 avaritiam
700 2587 870 2626 adortus,
903 2583 950 2615 ad
981 2582 1223 2621 recedendum
1255 2587 1456 2618 commovit.
1505 2587 1558 2620 Ex
1583 2597 1656 2630 quo

217 2637 443 2672 existimatus
476 2641 531 2670 est
561 2647 636 2669 non
660 2645 772 2680 parvo
803 2636 901 2665 metu
928 2630 1112 2663 civitatem
1138 2630 1285 2663 levasse.
1334 2631 1426 2664 Nam
1453 2631 1660 2666 Theuderi-

217 2685 284 2718 cho
310 2683 349 2716 in
373 2683 556 2717 civitatem
582 2680 804 2720 introducto,
827 2677 925 2711 nihil
948 2675 1062 2717 aliud,
1083 2686 1192 2718 quam
1214 2676 1353 2710 bellum
1378 2679 1594 2712 intestinum
1622 2683 1660 2713 et

217 2731 427 2766 universum
458 2728 687 2772 incendium,
708 2730 912 2772 exspectare
944 2721 1146 2769 oportebat.
1211 2724 1396 2758 statutum
1427 2726 1526 2759 enim
1560 2724 1660 2772 apud
