1838 3210
717 189 1033 233 PRAEFATIO.
1532 189 1587 228 XI

245 296 311 330 His
346 295 501 341 peractis
535 293 744 340 typothetae
770 306 859 340 opus
885 294 983 329 tradi
1003 296 1166 339 poterat,
1193 291 1263 325 nisi
1281 302 1429 327 exosum
1453 291 1591 326 versio-

154 367 213 400 nis
245 365 381 399 latinae
412 375 502 399 onus
540 363 778 397 incumberet.
827 363 938 410 Quod
971 375 1083 410 quum
1117 362 1301 408 depellere
1332 371 1407 395 non
1440 356 1588 401 liceret,

157 434 473 473 Cautoclaranam,
509 441 580 477 qua
604 431 768 476 peiorem
791 430 930 464 nullam
952 432 991 466 in
1013 433 1180 466 universo
1203 430 1275 464 hoc
1296 431 1500 477 litterarum
1530 441 1592 476 ge-

156 513 244 538 nere
276 502 433 536 inveniri
464 502 504 535 in
535 500 662 546 vulgus
694 505 820 534 notum
855 504 933 542 est,
964 502 1043 535 sine
1077 501 1196 546 operis
1219 500 1394 534 dedecore
1421 499 1593 534 intactam

158 571 292 605 servari
318 581 392 604 non
414 579 520 615 posse
534 568 766 627 ¹»appar-ebat:
793 578 914 601 verum
942 571 1006 615 qui
1029 581 1066 603 se
1086 553 1448 616 ingrato-corrigendi
1473 567 1594 602 labori

159 638 283 680 daret,
317 638 549 672 inveniebam
580 639 786 681 neminem3
820 638 892 672 nisi
920 638 1115 680 classem,
1158 647 1375 684 quamquam
1411 636 1596 671 continuis

159 698 459 754 occupationibus
483 708 675 754 implicito,
700 708 830 754 pietas,
856 719 927 754 qua
951 719 1008 741 me
1031 708 1193 752 parentis
1218 696 1298 741 loco
1323 706 1423 747 colit,
1445 716 1598 752 persua-

156 778 272 812 sisset.
320 778 363 810 In
385 787 458 823 quo
484 778 630 824 negotio
655 782 831 824 quantum
855 776 967 810 taedii
1003 775 1289 810 exhauriendum
1322 774 1458 816 fuerit,
1488 785 1596 808 nemo

159 847 231 880 nisi
269 852 440 892 expertus
480 847 600 881 animo
636 847 843 892 concipiet:
882 846 976 880 illud
1020 851 1140 879 autem
1178 844 1470 879 molestissimum
1499 847 1597 884 erat,

161 914 262 961 quod
283 914 436 950 sublatis
460 915 662 949 innumeris
690 914 790 948 vitiis
818 920 939 948 tamen
962 913 1002 947 id
1025 914 1142 947 solum
1166 913 1292 958 perfici
1322 917 1466 959 poterat
1504 916 1547 945 ut
1580 922 1602 944 a

139 983 380 1018 Afoedissimis
431 983 599 1018 sordibus
644 983 861 1018 liberaretur
908 983 1024 1017 oratio
1048 997 1057 1016 :
1093 982 1134 1016 id
1172 982 1344 1023 minime,
1390 986 1433 1015 ut
1474 982 1600 1027 pulcra

159 1052 284 1094 fieret,
323 1057 494 1098 grataque
518 1052 733 1097 legentibus.
783 1051 882 1086 Idem
909 1051 1101 1086 Classenus
1124 1061 1224 1085 meus
1259 1050 1462 1096 complures
1494 1061 1601 1096 prae-

161 1120 256 1154 clare
279 1120 498 1166 excogitatas
524 1120 794 1156 emendationes
827 1118 1088 1164 suppeditavit;
1123 1119 1349 1165 singulorum
1384 1119 1603 1164 scriptorum

160 1189 330 1235 reliquiis
353 1195 563 1232 argumenta
589 1189 734 1223 addidit
752 1215 763 1232 ,
791 1187 1113 1234 chronographiam
1138 1189 1316 1232 excerptis
1341 1188 1386 1222 de
1409 1187 1603 1222 sententiis

163 1269 208 1292 ex
230 1259 396 1303 Eunapio
422 1263 460 1292 et
480 1257 701 1292 Menandro:
725 1256 951 1302 iudicesque,
985 1258 1024 1291 in
1049 1267 1140 1303 quos
1175 1256 1409 1290 utilissimum
1440 1255 1604 1289 laborem

161 1321 375 1372 insumpsit,
401 1327 577 1371 eo‘nfecit5
601 1332 643 1361 ut
667 1327 802 1361 leviora
829 1326 902 1359 alia
926 1326 1114 1367 omittam,
1146 1336 1240 1372 quae
1272 1325 1314 1359 in
1337 1325 1408 1359 hoc
1434 1325 1606 1360 volumen

163 1396 328 1430 contulit.
378 1395 482 1442 Quae
504 1396 750 1430 consideranti
778 1394 971 1441 apparebit
994 1395 1102 1441 longe
1138 1376 1431 1440 operosissimum
1466 1394 1544 1430 eius
1566 1393 1607 1428 in

164 1475 206 1501 eo
232 1465 393 1499 ornando
417 1465 529 1499 fuisse
554 1465 726 1499 laborem.

256 1533 432 1579 Superest
453 1538 494 1567 ut
518 1533 563 1567 de
583 1535 807 1580 panegyricis
833 1535 1022 1569 Anastasio
1042 1535 1162 1578 (lictis,
1189 1546 1280 1581 quos
1308 1537 1492 1581 postremo
1521 1519 1606 1566 loco

162 1602 293 1644 adieci,
317 1614 412 1649 quae
427 1604 500 1638 huc
525 1604 714 1649 pertinent
730 1604 888 1638 doceam.
926 1604 1102 1639 Oratione
1120 1604 1286 1650 Procopii
1307 1602 1441 1652 Gazaei
1455 1599 1607 1647 reliquis

163 1673 407 1706 monumentis
441 1683 535 1718 quae
557 1672 618 1706 hic
641 1674 794 1708 collecta
818 1678 962 1722 exstant
986 1673 1215 1719 adiungenda
1230 1699 1241 1715 ‚
1274 1672 1502 1707 eruditorum
1527 1681 1610 1717 gra-

163 1742 253 1775 tiam
275 1752 334 1774 me
368 1743 544 1776 meruisse
568 1748 666 1777 certe
690 1743 785 1784 scio,
840 1743 904 1788 qui
928 1752 1007 1776 eam
1030 1743 1142 1777 semel
1166 1747 1306 1776 tantum
1331 1742 1372 1774 in
1394 1740 1611 1777 Villoisonis

165 1807 426 1845 anecdotorum
457 1811 674 1846 collectione
710 1810 847 1846 editam
873 1822 950 1846 esse
973 1816 1131 1846 norunt:
1168 1814 1302 1858 quotus
1326 1810 1426 1844 enim
1451 1810 1611 1855 quisque

165 1878 206 1911 in
232 1879 425 1913 Germania
459 1880 562 1913 illam
594 1879 780 1924 possidet?
827 1880 909 1915 Mea
942 1891 1053 1926 opera
1082 1880 1122 1913 in
1154 1879 1257 1914 illius
1289 1879 1510 1924 repetitione
1533 1889 1610 1912 non

165 1947 310 1992 longius
338 1949 514 1993 processit
537 1959 646 1994 quam
671 1953 712 1981 ut
738 1949 894 1983 subinde
929 1948 1063 1999 codicis
1086 1948 1283 1983 lectionem
1310 1959 1332 1981 a
1363 1948 1442 1982 viro
1468 1947 1612 1992 egregio

164 2015 607 2052 Villoisoneimmutatam
623 2027 850 2051 revocarem:
878 2017 1043 2051 versione
1067 2017 1193 2058 latina,
1217 2021 1503 2062 argumentoque
1529 2025 1610 2048 eam

166 2085 339 2118 iustruxit
363 2096 455 2120 ame
479 2091 623 2132 rogatus
650 2087 775 2119 Franc.
801 2085 960 2119 Ritterus
976 2111 986 2127 ,
1013 2085 1104 2119 Phil.
1129 2086 1173 2119 D.
1200 2085 1263 2131 qui
1288 2085 1498 2130 nuperrime
1520 2094 1610 2129 ope-

167 2165 240 2187 ram
265 2165 364 2187 suam
392 2154 439 2188 ad
468 2155 700 2200 explicandas
733 2155 772 2189 in
806 2155 874 2189 hac
918 2156 1122 2190 litterarum
1140 2155 1377 2189 universitate
1399 2153 1612 2199 disciplinas

167 2222 408 2269 philologicas
434 2225 762 2269 profiteristatuit.
813 2224 969 2258 Editoris
1010 2224 1266 2259 annotationes
1290 2233 1384 2269 quae
1409 2222 1456 2256 ad
1488 2222 1607 2268 expli-

169 2291 299 2325 caudas
324 2303 379 2326 res
405 2293 584 2328 Anastasii
618 2299 761 2329 tantum
786 2294 1000 2336 conferunt,
1052 2298 1093 2326 ut
1119 2293 1176 2326 vel
1201 2293 1248 2326 ad
1272 2293 1427 2327 latinum
1451 2292 1610 2336 Panegy-

171 2362 285 2396 ricum
316 2362 630 2408 interpretandum
663 2363 928 2410 quodammodo
961 2362 1124 2397 sufficere
1152 2362 1294 2408 possint
1304 2362 1422 2403 ,fferre
1455 2362 1613 2406 integras

170 2431 329 2476 repetii:
354 2443 427 2478 quo
451 2433 603 2466 consilio
628 2433 744 2467 honos
780 2432 935 2466 habetur
960 2432 1126 2466 manibus
1152 2415 1359 2466 villana-onis
1384 2443 1392 2463 t
1430 2440 1550 2476 neque
1576 2430 1614 2463 ei

171 2499 322 2534 aliunde
345 2500 421 2535 ulla
443 2501 613 2536 obstabat
636 2504 726 2536 ratio
741 2527 754 2543 ,
780 2502 949 2536 extinctis
975 2501 1105 2536 dudurt
1144 2505 1181 2534 et
1211 2499 1391 2545 scriptore
1415 2503 1453 2533 et
1473 2497 1615 2532 biblio-

172 2569 358 2613 polarum,
381 2580 536 2616 quorum
560 2572 762 2617 sumptibus
795 2570 976 2606 Anecdota
1002 2571 1101 2605 edita
1133 2575 1236 2611 sunt,
1267 2568 1432 2614 negotio.
1481 2567 1616 2602 Contra

174 2643 295 2673 autem
318 2639 468 2674 minime
495 2641 606 2676 licere
631 2643 748 2676 visum
772 2653 823 2675 cs„
847 2642 885 2674 in
913 2650 1014 2674 meae
1046 2639 1220 2673 editionis
1246 2641 1502 2673 ornamentum
1528 2645 1616 2670 con-

175 2712 333 2749 vertere,
360 2720 452 2755 quae
478 2709 530 2743 ill.
553 2710 670 2744 Maius
696 2711 742 2744 ad
766 2710 926 2755 eclogas,
949 2715 1013 2744 aut
1033 2708 1250 2750 Endlicher‚
1294 2720 1323 2742 v.
1357 2708 1401 2741 cl.
1427 2705 1472 2740 ad
1499 2716 1616 2752 pane-

175 2777 512 2821 gyricumPrisciani
529 2804 539 2822 ,
567 2790 696 2824 quem,
722 2779 786 2813 diu
811 2789 830 2811 a
854 2778 1049 2826 philologis
1086 2778 1289 2817 expetitum
1315 2775 1448 2822 quibus
1473 2786 1555 2809 eum
1579 2775 1619 2808 in
