1924 3164
287 150 361 205 38
715 170 924 211 Dssxwm
973 167 1317 210 FRAGMENTA.

286 276 518 328 paraverat,
554 286 580 313 a
616 274 698 313 suis
735 271 928 312 militibus
965 272 1263 326 interemptum.
1333 272 1555 327 Imperasse
1595 277 1730 317 autem

287 338 490 381 mensibus
514 352 591 380 sex.
648 337 880 378 Trebellius
912 337 956 376 in
995 338 1177 390 triginta
1208 339 1403 389 tyrannis
1423 351 1519 394 cap.
1547 338 1717 380 XXXII
1715 366 1727 386 ,

395 405 600 458 Dexippus
628 402 842 443 Claudium
877 416 960 443 non
986 402 1085 442 dicit
1110 404 1309 454 occisum,
1338 402 1408 443 sed
1431 409 1590 444 tantum
1618 418 1731 444 mor—

286 465 429 512 tuiun:
459 484 534 509 nec
562 475 696 510 tamen
729 467 884 513 addidit
910 468 1078 519 morbo,
1118 475 1165 508 ut
1192 468 1361 509 dubium
1410 470 1559 510 sentire
1589 469 1728 510 videa·-

287 541 371 577 tur.
428 535 549 576 Idem
575 537 621 573 in
651 532 834 574 Claudio
862 547 961 590 cap.
990 533 1095 574 XII.
1461 548 1463 550 ·

401 599 647 640 Geberichus
684 601 879 653 primitias
906 602 1019 654 regni
1046 600 1107 640 sui
1134 600 1177 639 in
1204 598 1426 640 vandalica
1453 603 1570 651 gente
1595 604 1733 639 exten-

291 667 388 711 dere
422 666 585 719 cupiens
628 671 768 706 contra
811 666 1003 707 visumar
1041 679 1181 707 eorum
1207 679 1365 720 regem,
1403 664 1676 719 Asdingorum
1709 679 1733 706 e

292 733 440 786 stirpe,
467 744 570 783 quae
597 732 703 771 inter
739 745 805 771 eos
849 732 1020 783 eminet,
1058 745 1260 786 genusque
1302 730 1454 770 indicat
1478 730 1732 770 bellicosissi-

290 811 426 848 mum,
456 796 639 850 Dexippo
657 797 847 837 historico
885 797 1105 850 referente,
1140 799 1210 852 qui
1237 811 1304 838 eos
1332 797 1384 836 ab
1411 810 1559 836 oceano
1578 796 1630 835 ad
1656 809 1732 835 no—

291 868 420 903 strum
446 861 617 902 limitem
643 864 710 903 vix
745 864 788 903 in
825 865 919 904 anni
947 866 1074 918 spatio
1101 865 1329 919 pervenisse
1349 855 1522 903 testatur
1545 876 1643 916 prae
1666 862 1732 900 ni-

292 930 374 970 mia
389 933 591 971 terrarum
608 930 886 971 immensitate.
912 929 1152 970 lornandes
1173 929 1225 969 de
1254 930 1341 972 reb.
1357 927 1449 972 Get.
1479 942 1574 985 cap.
1591 927 1731 971 XXII.

337 1047 740 1096 DexippIfiagmenta,
783 1060 854 1087 uae
881 1047 984 1095 apud
999 1048 1212 1094 Sym-ellum
1233 1056 1386 1085 servata
1410 1049 1604 1095 leguntur,
1626 1049 1732 1084 cuius

432 1107 535 1130 nova
558 1093 673 1130 editio
685 1096 729 1128 ιή
779 1106 822 1131 oc
843 1106 996 1142 corpore
1018 1107 1128 1143 quum
1151 1096 1309 1130 maxime
1327 1104 1500 1141 paratur,
1516 1094 1577 1128 hic
1590 1103 1731 1142 repete-

432 1152 472 1179 re
503 1153 581 1177 non
604 1141 771 1193 placuit:
800 1140 938 1177 indicis
966 1153 1031 1189 ope
1052 1142 1179 1189 facile
1211 1140 1313 1190 apud
1334 1142 1449 1190 ipsum
1464 1139 1707 1178 invenienda.
