1924 3164
597 202 630 241 E
668 198 872 242 MALcffl
911 197 1184 241 ms‘romA.
1500 178 1611 235 255

163 300 213 345 οὗ
255 303 336 359 γάρ
377 297 429 344 ἂν
471 303 707 357 δυνηθῆναι
743 300 820 357 τήν
854 298 1074 355 Ῥωμαίων
1102 302 1163 350 εἰς
1188 302 1308 350 τέλος
1334 299 1794 361 ὖπερβάλλεινᾏ.(3.479

160 376 289 426 χεῖρα
316 366 584 422 πανταχόθεν
610 366 926 426 ιἐφεστηκότων.
955 370 1043 410 δεῖν
1072 362 1169 420 οὖν,
1199 369 1239 410 εἰ
1266 363 1384 424 avi-ccii
1410 360 1738 439 net'19mto‚{¹¹‘¹·²

160 438 342 478 ἐκλιπεῖν
358 436 438 488 μὲν
464 432 540 489 τὴν
555 430 760 489 ”Ηπειρον
783 435 858 475 καί
881 431 957 482 τὰς
977 434 1132 479 αυῗτόθι
1158 431 1312 485 πόλεις,
1341 433 1506 491 (οὐδενί
1530 432 1613 490 γὰρ
1653 411 1796 443 enon.6

161 499 268 544 εἶναι
297 499 482 558 φορητὸν
497 499 638 550 πόλεις
666 495 774 541 οὕτω
801 500 1000 554 μεγάλας,
1029 501 1114 541 τῶν
1136 496 1363 555 οἰκητόρων
1390 500 1616 555 ἐκβληθέν-

135 571 257 619 Ξτων,
285 564 354 608 ὑπ’
384 561 519 607 αὗτοῦ
545 566 833 622 κατέχεσθαι,>
878 565 1019 607 ἐλθεῖν
1061 566 1108 606 δὲ
1146 567 1206 614 εἰς
1230 562 1306 620 τὴν
1332 566 1584 621 Δαρδανίαν
1601 574 1651 618 ,Β

160 634 208 675 ἐν
236 628 264 690 ᾗ
288 631 437 688 χώραν
466 628 576 673 εἶναι
602 628 759 685 πολλήν
786 629 904 686 παρὰ
932 628 986 671 τοὶ
1016 629 1255 683 οἰκούμενα,
1285 630 1412 686 καλὴν
1437 633 1516 683 μὲν
1542 634 1717 690 καίν,57

160 693 349 753 εὔγειον,
378 698 503 740 ἐνδεᾶ
530 697 577 738 δὲ
605 694 863 752 οἰκητόρων,
900 693 954 750 ἢν
983 694 1159 738 δυ’ναται
1186 698 1384 751 γεωργῶν
1410 698 1456 739 ἐν
1484 699 1616 739 πᾶσιν

161 762 366 820 ἀφθόνοις
395 760 529 804 αὑτοῦ
557 760 631 816 τήν
659 763 883 816 στρατείαν
912 763 1082 815 διάγειν.
1121 760 1143 804 ὃ
1170 764 1217 804 δὲ
1248 761 1507 818 Θευδέριχος
1538 759 1617 804 αὖ-

159 828 229 878 τὸς
278 831 356 882 μὲν
400 829 595 881 ἐπώμνυε
642 830 779 870 ταῦτα
820 825 1077 882 βούλεσθαι,
1123 827 1175 869 οὔ
1213 829 1358 882 μέντοι
1386 829 1616 880 ἀνέξεσθαι

109 891 297 939 ιοαῦτοῦ
323 892 371 936 τὸ
400 896 583 950 πλῆθος,
612 892 746 936 πολλοὶ
773 895 852 947 μὲν
878 892 1355 950 προτεταλαιπωρηκός,
1398 891 1523 948 μόλις
1564 896 1616 936 δὲ

159 958 438 1010 ἀναπαύσεως
466 962 543 1002 νῦν
571 958 900 1013 ἐπιλαβόμενον·
929 957 1004 1008 οθς
1033 961 1087 1001 ov’
1115 959 1332 1002 δύνασθαι
1358 958 1487 1016 μήπω
1512 961 1616 1002 ἅνα-

157 1023 420 1075 πνεύσαντας
462 1020 577 1080 ἄγειν
603 1026 775 1082 μακρὰν
805 1021 919 1067 οὕτω
946 1026 1134 1081 πορείαν.
1191 1023 1300 1068 ἀλλὰ
1328 1027 1402 1069 νῦν
1428 1028 1508 1079 μὲν
1536 1028 1617 1068 av’-

159 1090 261 1142 τούς
306 1093 380 1148 ε’ᾅν
418 1091 554 1133 αὐτοῦ
591 1091 891 1145 ἐπιχειμάσαι,
936 1093 1044 1146 μήτε
1080 1090 1227 1147 πρόσω
1269 1095 1515 1148 χωροῦντας
1555 1088 1617 1135 ὦν

157 1155 303 1210 ἔχουσι
330 1154 503 1210 πόλεων,
529 1154 632 1212 μήτε
659 1156 997 1213 ἑπιφθειροντας·
1026 1159 1283 1210 συνθέμενον
1311 1160 1358 1200 δὲ
1386 1161 1486 1213 περὶ
1508 1159 1655 1207 πάν-ο

107 1224 239 1268 15τῶν
261 1224 334 1264 ἐπὶ
358 1220 521 1271 τούτοις
550 1220 639 1276 ἅμα
667 1225 724 1280 τῷ
750 1219 825 1279 ἤρι
853 1224 1020 1276 πέμψαι
1045 1222 1119 1265 τὸν
1139 1219 1290 1274 ἄξοντα
1314 1225 1386 1266 ἐπὶ
1402 1223 1479 1279 τήν
1500 1227 1618 1279 Δαρ-

158 1288 306 1331 δανίαν
324 1322 337 1341 ,
366 1286 506 1342 ἔμβως
533 1288 961 1344 ἐπακολουθήσοντας.
1019 1287 1133 1342 ἔλεγε
1173 1289 1233 1342 δὲ,
1263 1289 1320 1338 ὥς
1351 1292 1516 1343 ἕτοιμος
1552 1289 1619 1345 εἴη

155 1354 234 1411 τήν
279 1355 413 1397 αὑτοῦ
450 1354 715 1410 κατασκευὴν
754 1357 830 1397 καί
866 1354 912 1396 τὸ
943 1349 1111 1408 ἄμαχον
1138 1357 1302 1410 πλῆθος
1330 1357 1618 1409 καταθέμενος

157 1424 203 1464 ἓν
229 1420 365 1473 πόλει,
395 1416 426 1479 ᾗ
454 1420 647 1475 βούλοιτο
673 1421 897 1474 βασιλεὺς,
924 1422 1000 1462 καί
1036 1420 1225 1476 ὁμήρους
1263 1419 1501 1477 παρασχών
1541 1424 1622 1476 τῆς

156 1484 324 1543 ἁπάσης
349 1489 530 1536 πίστεως
558 1486 633 1542 τήν
659 1503 705 1528 τε
732 1488 898 1543 μητέρα
926 1487 1000 1529 καὶ
1029 1485 1242 1543 α’δελφήν,
1266 1485 1374 1539 μετὰ
1402 1484 1617 1542 ἑξακισχι-

103 1552 262 1594 2ολίων
297 1555 380 1595 τῶν
418 1552 604 1606 μάλιστα
648 1554 850 1607 μαχίμων
878 1554 1017 1596 ἐλθεῖν
1047 1551 1106 1602 ὥς
1133 1550 1315 1606 τάχιοτα
1345 1553 1388 1602 ἐς
1420 1551 1616 1611 Θρᾴκην·

157 1618 234 1660 καί
259 1620 566 1673 ὑπισχνεῖσθαι
593 1618 673 1662 σὺν
701 1617 863 1668 τούτοις
890 1619 965 1661 καὶ
989 1624 1073 1667 τοῖς
1099 1620 1317 1673 Ἰλλυριοῖς
1340 1617 1617 1673 στρατιώταις

251 1696 282 1737 4.
310 1692 568 1737 ἐκβληθέντων
591 1693 628 1725 Β.
646 1718 655 1733 ,
680 1692 921 1726 ἔκλυθέντων
941 1691 1040 1736 vulg.
1105 1693 1155 1725 13.
1181 1682 1236 1725 ὧν
1261 1690 1345 1728 add.
1369 1691 1412 1725 N.
1465 1692 1515 1735 14.
1539 1693 1617 1738 μή-

246 1749 287 1772 τε
309 1751 347 1772 τι
371 1742 500 1786 φθείρ.
530 1740 574 1774 N.
637 1741 872 1786 συνθέμενος
895 1738 989 1783 vulg.
1065 1739 1116 1772 16.
1150 1736 1311 1783 ἑτοίμως
1335 1739 1431 1771 coni.
1463 1741 1524 1779 B.‚
1549 1751 1617 1784 pro

249 1785 369 1831 ἕμβως
393 1787 572 1823 ἐπιεικῶς
607 1786 671 1828 Ν.;
713 1786 758 1820 ef.
789 1787 870 1832 ²47·
904 1797 964 1826 2.,
993 1783 1035 1818 ἐκ
1064 1777 1187 1822 ποδός
1219 1783 1444 1830 Schopenus.
1475 1786 1618 1820 ἐπακο-

248 1831 513 1875 λουθήσαντας
536 1832 633 1878 vulg.
990 1830 992 1834 '
1280 1852 1285 1856 -

159 1900 240 1937 tur,
265 1896 296 1928 si
316 1906 354 1928 se
375 1895 521 1936 audiat,
545 1894 658 1939 Epiro
684 1898 722 1927 et
746 1895 825 1927 eius
843 1894 1002 1939 regionis
1036 1894 1191 1927 urbibus
1229 1894 1366 1928 cedere.
1415 1894 1491 1929 Nec
1517 1897 1618 1930 enim

158 1943 236 1976 ullo
260 1941 369 1975 modo
391 1941 593 1982 ferendum,
618 1946 692 1974 tam
715 1951 861 1986 magnas
886 1940 1006 1980 urbes,
1031 1942 1192 1986 expulsis
1216 1941 1358 1982 incolis,
1375 1951 1457 1973 eum
1477 1948 1615 1977 tencre.

157 1988 277 2023 Abeat
301 1989 414 2034 igitur
441 1990 481 2022 in
505 1987 747 2027 Dardaniam,
786 1987 852 2020 ubi
879 1987 976 2032 regio
1003 1988 1051 2020 sit
1075 1993 1222 2031 praeter
1247 1999 1348 2028 eam,
1389 2000 1482 2033 quae
1506 1989 1618 2023 habi-

158 2041 278 2077 tatur,
315 2036 458 2080 ampla,
495 2045 646 2068 amoena
682 2040 719 2068 et
744 2033 896 2074 fertilis,
933 2044 1028 2078 quae
1061 2033 1194 2067 incolis
1225 2033 1411 2078 intligeat3
1444 2047 1552 2081 quarn
1581 2039 1614 2070 si

155 2084 276 2124 eolat,
313 2083 477 2116 omnium
503 2093 623 2115 rerum
649 2080 875 2114 abundantia
901 2080 1100 2113 exercitum
1131 2091 1240 2113 suum
1269 2081 1368 2114 alere
1396 2085 1433 2113 et
1465 2089 1613 2116 susten-

159 2135 237 2163 tare
265 2129 390 2174 possit.
440 2126 717 2163 Theuderiehus
751 2127 987 2160 iureiurando
1028 2127 1240 2168 affirmavit,
1284 2126 1324 2159 id
1355 2126 1501 2172 quidem
1538 2130 1613 2164 sibi

158 2176 262 2210 cordi
299 2187 396 2210 esse:
430 2175 496 2208 sed
527 2177 726 2209 exercitum
761 2172 866 2207 suum
900 2173 1161 2207 reluctaturum
1196 2185 1296 2214 esse,
1331 2174 1396 2218 qui
1427 2179 1484 2208 tot
1515 2177 1612 2209 mala

160 2234 372 2268 perpessus,
395 2218 456 2256 vix
482 2233 580 2254 nunc
604 2222 729 2268 quiete
754 2220 948 2254 frueretur.
997 2220 1098 2254 Fieri
1123 2222 1221 2254 enim
1244 2231 1319 2253 non
1333 2230 1460 2264 posse,
1482 2227 1525 2255 ut
1541 2225 1613 2257 mi-

160 2270 263 2310 lites,
300 2268 463 2303 nondum
487 2281 508 2302 a
531 2268 720 2302 laboribus
746 2268 985 2312 respiranteS,
1020 2271 1163 2299 tantum
1194 2266 1338 2301 itineris
1375 2264 1605 2303 ducerentur.

158 2316 233 2350 Sed
258 2322 426 2360 oportere
463 2317 560 2360 ipsos
596 2316 714 2349 sinere
749 2317 789 2348 in
824 2313 881 2346 his
913 2314 1003 2346 locis
1033 2313 1197 2347 hiemare
1229 2324 1272 2347 ea
1297 2313 1530 2357 conditione,
1565 2322 1607 2350 ut

158 2375 235 2396 non
259 2363 354 2396 ultra
377 2363 418 2396 in
442 2363 627 2396 tentandis
652 2360 807 2394 urbibus
835 2360 939 2400 aliis,
974 2371 1082 2405 quam
1107 2371 1194 2406 quas
1218 2360 1418 2402 haberent,
1449 2367 1514 2395 aut
1536 2375 1606 2408 po-

156 2409 410 2454 pulationibus
444 2409 622 2443 faciendis
654 2408 970 2453 progrederentur.
1021 2406 1166 2452 Quibus
1205 2408 1258 2441 ita
1291 2408 1521 2452 compositis,
1558 2411 1604 2443 ab

158 2457 380 2499 Imperatore
408 2456 541 2501 petiit,
585 2461 627 2489 ut
663 2456 814 2488 ineunte
838 2464 921 2487 vere
958 2454 1100 2494 virum,
1131 2454 1197 2499 qui
1227 2465 1288 2488 eos
1320 2454 1360 2487 in
1382 2455 1605 2490 Dardaniam

156 2502 366 2543 deduceret,
390 2503 572 2545 mitteret3
600 2504 698 2547 ipsos
726 2502 822 2534 enim
846 2499 1007 2534 libenter
1033 2505 1218 2534 secuturos
1243 2511 1332 2535 esse.
1380 2501 1545 2544 Addidit,
1565 2515 1604 2536 se

158 2560 300 2584 omnem
328 2560 430 2582 suum
455 2554 667 2594 apparatum
691 2547 865 2581 bellicum
889 2551 927 2580 et
950 2557 1094 2580 omnem
1118 2546 1305 2581 imbellem
1328 2549 1474 2582 turbam
1498 2561 1605 2594 para-

157 2601 236 2628 tum
262 2605 338 2629 esse
378 2597 417 2629 111
446 2607 488 2630 ea
514 2594 627 2636 urbe,
665 2606 774 2642 quam
801 2595 1002 2638 Imperator
1048 2594 1339 2638 praescripserit,
1381 2596 1601 2642 relinquere.

158 2641 271 2686 Quin,
294 2647 408 2675 matre
428 2653 580 2689 vquoque
606 2647 643 2675 et
667 2653 790 2675 sorore
815 2640 862 2672 ad
890 2639 997 2673 fidem
1023 2641 1304 2675 confirmandam
1327 2642 1518 2676 obsidibus
1538 2642 1604 2675 da-

158 2691 220 2729 tis,
254 2700 291 2722 se
321 2690 439 2733 ipsum
466 2689 657 2723 Thraciam
691 2700 772 2721 cum
806 2698 867 2720 sex
901 2686 1091 2720 hominum
1124 2685 1402 2721 fortissimorum
1438 2689 1604 2722 millibus

159 2746 268 2780 quam
290 2736 490 2779 *celerrime
523 2735 736 2780 petiturum.
785 2735 877 2768 Cum
903 2733 959 2766 his
985 2737 1022 2766 et
1047 2733 1202 2776 Illyricis
1231 2734 1414 2768 militibus
1439 2741 1476 2768 et
1499 2736 1605 2775 aliis,

158 2793 249 2828 quos
275 2782 493 2828 Imperatori
516 2781 661 2816 mittere
686 2782 886 2827 placuerit,
918 2790 956 2813 se
982 2785 1059 2814 tota
1084 2780 1240 2814 Thracia
1266 2781 1406 2816 Gothos
1433 2784 1606 2816 extermi-
