1924 3164
333 127 407 193 34
732 166 734 169 -
956 145 1162 187 ΒΕΧιΡΡι

331 247 454 289 ὁόναι
482 244 555 288 καί
580 245 659 288 ὑπο
689 276 700 286 .
730 278 738 286 .
772 242 902 296 αὖθις
931 244 1041 303 ζήλω
1069 247 1152 288 τῶν
1197 247 1532 303 προσγενομέιων
1571 245 1771 303 ἐφεδρεύ-

329 327 393 354 ειν
418 313 463 354 ἐν
488 313 546 370 τιῦ
572 306 623 353 εὖ
649 317 793 354 ποιεῖν.

439 375 508 419 ια’.
553 373 645 419 Ὅτι
664 390 884 418 πιστουται
904 390 1046 419 ευνοια
1073 376 1334 432 συμμάχων,
1380 378 1563 431 μάλιστα
1601 379 1647 421 δὲ
1673 392 1774 427 τους

328 442 675 499 προϋπάρξαντας
700 439 891 497 χάριτος·
946 436 998 497 ἧς
1025 459 1078 485 κα
1108 472 1121 486 .
1150 471 1163 487 .
1190 458 1288 493 τους
1311 441 1388 498 τὴν
1404 444 1633 496 μετουσίαν
1658 440 1772 498 ἥξειν

373 537 385 549 .
412 510 494 550 τῶν
522 504 677 560 ὅμοι’ων
704 506 778 548 ἐπὶ
802 505 879 557 τὰς
905 506 1147 563 εὐεργεσίας
1187 511 1430 564 τρέπονται·
1476 510 1691 565 χρεῶσται
1719 537 1733 550 .
1759 508 1800 551 .5

331 579 419 622 τοῖς
447 573 736 626 ἐπαγγελθεΐσι
763 573 863 628 παρ’
889 571 1009 628 ἡμῶν
1035 568 1115 630 ἤδη
1141 575 1354 628 τιθέμενοι
1381 604 1394 616 .
1422 603 1435 616 .
1461 571 1519 630 μῆ
1549 578 1772 616 συναινεῖν·

328 637 402 681 καί
438 638 788 693 πρεσβευομένοις
825 636 940 694 παρὰ
980 636 1078 689 τούς
1119 642 1308 693 βασιλεῖς
1348 641 1512 696 σπουδῇ
1553 638 1665 697 πάση
1692 655 1772 682 συν

371 734 382 745 .
423 701 542 757 ἡμῶν
587 701 661 743 καί
695 718 859 745 των..
889 707 1036 746 ελλει.
1063 733 1076 746 .
1102 702 1152 747 τοὶ
1195 706 1241 747 δὲ
1279 702 1423 786 πλήθη
1462 721 1520 754 ως
1557 706 1641 747 τῶν
1676 704 1776 746 τοῦ-

329 784 400 810 τον
427 798 439 810 .
468 796 481 809 .
509 769 718 823 πρέσβεων
743 769 1016 870 βουλομένοις
1051 766 1127 826 τὴν
1165 767 1298 819 εὐθὺς
1346 769 1542 845 ἧκίστους
1579 786 1734 821 οντες.

327 834 398 889 ἐφ’
423 828 576 875 ἑαυτὸν
606 861 618 874 .
647 862 660 875 .
1781 851 1830 876 ιο

437 895 504 952 ιβ’.
550 894 644 940 Ὅτι
674 896 711 941 οἱ
740 899 843 943 ὃει.
870 898 1223 955 ,συγχωρήσεως
1247 899 1297 946 οὗ
1327 902 1460 943 δεῖται
1489 930 1502 943 .
1527 929 1541 943 .
1568 915 1774 958 σφετερω-

325 963 468 1013 θέντες
497 964 538 1005 εἰ
574 962 766 1015 δοξάζεται
807 994 820 1006 .
848 994 861 1006 .
901 963 950 1006 τὸ
991 961 1096 1007 αὕτό
1126 972 1276 1023 πεῖραν
1314 997 1327 1008 .
1359 996 1371 1008 .
1412 963 1619 1022 ἑτοίμως.
1655 997 1668 1008 .
1705 966 1778 1010 σοὶ

326 1030 375 1071 δὲ
402 1028 610 1086 γνώριμον
647 1061 657 1072 .
695 1061 707 1072 .
749 1027 796 1079 ὃς
823 1027 1093 1084 έπιτοὶττομεν
1131 1060 1145 1074 .
1194 1061 1207 1073 .
1249 1031 1306 1081 ὥς
1344 1026 1484 1074 αὖτ’ὤν
1519 1032 1781 1087 πραγμάτων.

325 1111 496 1151 συμφορ
532 1124 546 1138 .
591 1125 603 1136 .
640 1092 841 1137 κάλλιστα
894 1125 906 1137 .
936 1125 948 1137 .
987 1096 1139 1152 καιροῦ
1177 1099 1380 1152 τυχοῦσιν
1414 1094 1488 1139 καὶ
1526 1098 1567 1139 εἰ
1606 1127 1620 1139 .
1646 1127 1660 1139 .
1696 1096 1778 1140 σύν

324 1162 404 1214 μὲν
430 1161 490 1218 τῷ
517 1189 530 1202 .
560 1185 571 1207 η,
599 1159 751 1203 τούτου
792 1163 1001 1217 βλαβερᾶς
1029 1191 1041 1203 .
1067 1192 1080 1204 .
1121 1162 1187 1204 ἐπ’
1219 1163 1482 1219 ἀμφοτέροις,
1512 1164 1586 1207 καί
1613 1161 1693 1205 συν
1717 1163 1831 1221 τῷιὸ,

331 1226 478 1283 δικαίῳ
507 1224 581 1268 καί
618 1222 708 1279 ἅμα
743 1228 1005 1282 συμφέροντι
1046 1257 1058 1268 .
1084 1257 1096 1268 .
1137 1227 1376 1283 ἀσφάλειαν
1415 1229 1596 1282 βεβαίως
1637 1222 1775 1278 ὄντες·

330 1293 513 1344 πολέμου
562 1292 609 1333 δὲ
648 1289 891 1348 παρασκευὴ
923 1290 1092 1348 φυλακή
1122 1290 1286 1348 εἰρήνης
1312 1291 1586 1349 βεβαιοτάτη·
1617 1292 1670 1336 τὰ
1697 1292 1776 1350 γὰρ

332 1386 345 1398 .
374 1388 384 1398 .
411 1358 542 1413 μέχρι
569 1354 720 1399 τούτου
751 1352 824 1398 οὖκ
853 1356 905 1399 ἂν
931 1388 944 1399 .
973 1387 986 1399 .
1014 1358 1086 1399 δὲν
1114 1356 1301 1413 πράξειν.

441 1420 508 1477 ιγ’.
554 1418 647 1465 Ὅτι
677 1452 690 1464 .
716 1452 728 1465 .
759 1421 800 1464 οἱ
827 1423 1112 1478 κρατήσαντες
1142 1422 1377 1480 ἡττηθῆναι
1405 1455 1417 1466 .
1448 1454 1460 1466 .
1490 1456 1502 1467 .

341 1592 471 1636 TOY
496 1593 726 1636 ΑΥΤΟΥ
755 1594 1388 1637 ΑΠΟΣΠΑΣΜΛΤΙΑ
1423 1594 1832 1637 ΔῙΑΦΟΡΑΔΟ

206 1691 324 1726 Rana
444 1681 678 1732 Δέξιππος·
733 1680 817 1721 ταῖν
858 1679 905 1721 δέ
949 1695 1074 1721 τινων
1110 1685 1198 1729 τοῖς
1245 1679 1470 1736 ’Υπερίδου
1511 1672 1647 1735 λόγοις
1688 1679 1780 1722 ἒπι-

334 1748 494 1800 μᾶλλον
518 1746 749 1800 ἀχθέντων.
777 1746 939 1786 Suidas
966 1761 1062 1790 voc.
1091 1745 1335 1798 ε’πιμᾶλλον.

211 1829 334 1874 R‚340
448 1809 496 1854 ‘O
525 1812 572 1853 δὲ
600 1810 725 1860 ἵππος
753 1810 867 1866 αΰτῷ
892 1804 1045 1865 ἤσκητο
1074 1805 1159 1865 ἄρα
1188 1809 1260 1866 καί
1286 1804 1385 1851 ἄνευ
1414 1810 1532 1865 ἦνίας
1558 1809 1782 1865 ἐλαυνόμε-

336 1876 408 1927 νός
442 1892 488 1919 τε
521 1875 714 1917 ὠκύτατα
755 1876 986 1931 φέρεσθαι,
1030 1871 1111 1916 καὶ
1140 1872 1275 1930 βάδην
1311 1873 1528 1932 προϊόντος
1565 1874 1779 1934 πρᾳότατα

336 1944 565 1995 ἵστασθαι,
591 1941 665 1982 καί
690 1938 961 1992 ἐκκλίνοντος,
989 1934 1102 1990 ὅπως
1128 1942 1387 1995 περιοίσεται
1412 1943 1486 1984 καί
1511 1941 1832 1995 κυκλώσεται,25

338 2007 662 2061 εὖκαμπέστατα
690 2006 967 2061 ἐπιστρέφειν.
1021 2008 1143 2048 Idem
1163 2021 1257 2047 voc.
1284 2006 1421 2059 ἵππος.

449 2068 690 2126 Παραπολύ
737 2066 1005 2112 ἀπελείποντο
1041 2071 1116 2112 τοῦ
1155 2070 1385 2113 πείθεσθαι
1419 2075 1505 2120 τοῖς
1541 2071 1781 2127 εἰσηγουμέ-

339 2153 428 2188 νοις
453 2129 639 2192 ἦσυχιόιν
663 2134 893 2192 αἱρεῖσθαι.
945 2138 1069 2178 Idem
1096 2150 1189 2179 voc.
1215 2134 1452 2191 παραπολό-

434 2227 465 2270 4.
475 2222 646 2305 1ἷζοίριτος
668 2223 711 2258 N.
727 2249 738 2267 ‚
762 2223 878 2271 χάρις
901 2223 958 2259 ecl.
1077 2237 1107 2270 7.
1135 2224 1312 2273 βασιλεῖς]
1338 2225 1458 2260 Intell.
1479 2226 1674 2261 Aridaeum
1698 2238 1779 2262 cum

432 2283 473 2306 co
506 2282 577 2315 ega.

513 2360 831 2401 EIUSDEM
881 2359 1316 2401 FRAGMENTA
1371 2361 1603 2403 VARIA.

433 2449 622 2493 Dexippus
649 2447 719 2481 ait:
745 2446 867 2493 Quum
885 2451 1006 2481 autem
1028 2446 1198 2482 nonnulli
1223 2447 1417 2493 Hyperidis
1433 2449 1553 2484 verbis
1581 2452 1693 2495 magis
1723 2451 1786 2485 of-

341 2486 436 2532 sensi
461 2495 626 2529 fuissent.

433 2543 519 2577 Eius
541 2551 654 2586 equus
675 2539 727 2575 ita
745 2541 934 2575 institutus
951 2545 1047 2582 erat,
1070 2545 1113 2574 ut
1132 2544 1170 2574 et
1190 2541 1268 2574 sine
1284 2540 1438 2576 habenis
1457 2543 1683 2578 velocissime
1704 2543 1779 2577 fer-

343 2595 462 2631 retur,
487 2592 525 2623 et
553 2587 618 2620 illo
647 2586 910 2632 pedetemptim
937 2587 1152 2628 incedente,
1174 2587 1418 2632 placidissime
1441 2594 1571 2631 staret,
1597 2595 1635 2627 et
1665 2589 1790 2629 dedi·

343 2641 454 2672 nante
474 2639 515 2669 ut
536 2634 656 2668 locum
674 2633 833 2680 aliquem
854 2633 1079 2674 circumiret,
1101 2633 1258 2679 agillime
1276 2644 1314 2667 se
1335 2640 1571 2671 converteret.

436 2681 594 2719 Multum
620 2679 767 2721 aberat,
796 2683 838 2713 ut
859 2679 925 2720 iis,
957 2680 1022 2725 qui
1041 2688 1167 2725 pacem
1183 2680 1405 2723 suadebant,
1429 2681 1730 2728 obtemperat-,ent-
1788 2726 1793 2734 ³
