1924 3164
583 155 650 196 Ex
686 155 901 198 numm
940 156 1210 200 msromA.
1546 138 1622 196 65

178 252 255 309 τήν
281 257 363 299 τῶν
391 255 675 309 πολεμούντων
703 258 898 312 ἡγεῖσθαι
926 258 1001 301 καὶ
1032 260 1235 313 νομίζειν,
1284 259 1442 303 οἰκείαν
1469 262 1518 303 δὲ
1546 259 1625 316 τὴν

178 320 262 362 ’τῶν
296 319 719 378 παρακεχωρηκότων.

288 384 340 441 η’.
385 384 477 430 Ὅτι
504 386 646 431 εἰώθει
666 387 927 438 'lavicanae
953 385 1091 446 ἆρχὴν
1117 391 1246 447 νίκης,
1271 389 1324 433 οὖ
1350 393 1535 446 πολέμου
1559 391 1624 434 τί·

181 453 352 495 θεσθαι.

152 510 178 550 5
211 569 214 572 ⁴
293 519 449 562 Τοῦτον
485 519 706 574 δεξάμενος
740 517 907 577 ἑταῖρον
946 522 1013 578 ἐφ’
1052 518 1192 581 ἑαυτῷ
1239 522 1539 577 συνιστάμενον
1561 518 1746 578 εἶ-Βαὸἳ

141 584 169 629 '1'
177 598 276 636 χεν·
329 581 401 627 εἶτ’
430 580 552 636 ἄλλος
592 584 791 643 προσῄει,
831 585 906 629 καί
942 589 1102 643 πλῆθος
1127 585 1204 644 ἦν·
1259 588 1334 631 καί
1357 586 1550 645 καθάπερ
1581 589 1624 632 οἱ

179 648 483 705 Πυθαγόρειοί
523 667 656 707 φασι,
693 652 877 704 μονάδος
924 651 996 694 ἐπὶ
1034 653 1175 695 δυάδα
1203 657 1443 710 κινηθέιὶτης
1485 655 1622 697 οὐκέτι

175 713 252 770 τὴν
281 717 364 757 τῶν
393 717 589 772 α’ριθμῶν
615 717 784 773 ἦρεμεῖν
812 717 966 773 φύσιν,
1006 717 1111 761 ἀλλὰ
1143 721 1389 773 διαχεῖσθαι
1425 719 1499 761 καὶ
1535 719 1624 776 ῥεῖν

175 780 220 830 ἒς
248 779 377 834 πολὺ,
407 779 514 824 οὕτω
530 816 544 836 ,
579 784 857 838 Χαριέττονος
885 784 1109 839 Κερκίωνα
1148 786 1475 840 προσλαβόντος,
1504 786 1554 827 αἳ
1578 800 1623 828 τε

127 843 345 902 ιοπράξεις
371 846 443 889 ἐπὶ
470 846 574 889 πολύ
606 848 841 906 προῄεσαν,
887 850 961 890 καί
986 848 1008 891 ὅ
1034 851 1117 892 τῶν
1154 851 1467 904 συνισταμένων
1496 845 1622 905 ὄχλος

175 911 376 966 ἀνάλογον
402 911 624 968 ἠκολούθει
650 919 743 963 ταῖς
769 913 982 970 πράξεσιν.
1625 918 1796 957 Cod.285

282 974 338 1019 θ’.
384 975 476 1021 Ὅτι
505 980 632 1035 φησίν
663 980 684 1020 ὅ
713 978 929 1030 Εὖνάπιος
969 982 1069 1037 περὶ
1114 981 1362 1024 Ἰουλιανοῢ·
1429 983 1621 1025 ἐνταῦθα

175 1042 222 1084 δὲ
249 1044 495 1096 γενομένους
520 1047 765 1100 μεμνῆσθαι
803 1047 1023 1101 προσῆκεν,
1064 1045 1121 1096 ὥς
1149 1048 1226 1089 νῦν
1251 1046 1278 1102 ἢ
1306 1045 1450 1103 γραφὴ
1479 1049 1621 1102 περιέ-

170 1123 241 1161 χει
267 1108 319 1150 τὰ
362 1111 436 1150 τοῦ
474 1111 693 1167 Καίσαρος
719 1110 842 1166 ἔργα,
881 1113 1012 1153 ταῦτα
1040 1113 1087 1154 δὲ
1125 1113 1281 1166 ἐγίνετο
1320 1110 1620 1154 Κωνσταντίου

126 1175 381 1227 ιόβασιλὲως
424 1175 742 1229 βασιλεύοντος.
797 1173 936 1232 ὥσπερ
978 1172 1056 1218 οὖν
1082 1178 1128 1219 ἐν
1155 1182 1244 1226 τοῖς
1270 1176 1374 1218 κατὰ
1394 1174 1624 1218 Κωνστάν-

176 1254 265 1281 τιον
294 1240 545 1296 ἀμφοτέρων
570 1243 814 1296 μεμνημένη
858 1239 912 1283 τὰ
945 1243 1024 1282 τοῦ
1049 1244 1323 1296 προκειμένου
1352 1242 1624 1284 Κωνσταντί-

176 1319 225 1346 ου
252 1307 410 1358 μᾶλλον
438 1301 571 1348 εἷλκεν
598 1308 672 1348 καί
695 1307 888 1363 παρῆγεν
911 1307 973 1355 εἷς
1005 1304 1078 1348 τὸν
1114 1305 1258 1360 λόγον,
1301 1302 1434 1355 οὕτως
1472 1305 1618 1360 ἐπειδὴ

173 1367 244 1412 τὸν
270 1367 391 1424 λόγον
417 1371 463 1412 ἐκ
490 1372 565 1426 τῆς
589 1374 784 1426 γενέσεως
811 1373 871 1421 εἰς
895 1368 1124 1415 Ἰουλιανόν
1151 1370 1324 1414 ἐλθόντα
1351 1369 1422 1413 τὸν
1449 1372 1621 1414 Καίσα-

173 1452 229 1491 ρα
265 1437 339 1478 νῦν
380 1435 640 1494 ἀναγράφει,
686 1437 958 1493 ἐπιμνήσεται
984 1436 1130 1491 πάλιν,
1171 1438 1213 1488 ἐς
1246 1434 1342 1479 ὅσον
1369 1432 1422 1479 ἂν
1450 1438 1620 1494 ἐγχωρῇ
1626 1449 1663 1492 R,
1675 1448 1745 1485 258

120 1497 250 1554 2οαῦ,
269 1504 352 1544 τῶν
379 1502 483 1546 κατὰ
512 1501 612 1552 τούς
640 1506 988 1559 παραπίπτοντας
1017 1501 1189 1559 καιροὺς
1225 1504 1285 1553 εἷς
1311 1501 1385 1545 τὸν
1413 1503 1619 1557 Καίσαρα

173 1569 459 1626 Κωνσταντίῳ
489 1569 818 1622 συντεθειμένων
843 1585 889 1611 τε
917 1568 990 1610 καί
1012 1568 1385 1626 μεμηχανημένων.

273 1631 323 1676 ‘O
358 1635 437 1687 μὲν
475 1633 554 1690 γὰρ
589 1634 796 1688 Ῥωμαῖος
839 1632 1017 1691 Μάριος
1069 1632 1142 1676 τὸν
1185 1630 1411 1676 ἀντίπαλον
1449 1630 1618 1675 Σύλλαν

270 1737 320 1758 12-
347 1722 560 1759 Ἰουλιανόν
584 1723 639 1759 ed.
742 1725 793 1759 16.
819 1721 864 1758 τοὶ
895 1726 966 1759 τοῦ
989 1723 1055 1766 Ν.,
1087 1724 1203 1759 ταῦτα
1235 1723 1291 1759 ed.
1362 1733 1428 1758 ἀο.
1453 1718 1514 1764 αὖ,
1539 1723 1615 1758 τῶν

265 1771 318 1811 Β.,
336 1771 462 1806 αὐτῶν
488 1771 544 1805 ed.
1430 1770 1432 1773 ’

175 1839 230 1872 ius
255 1839 396 1879 incolae
423 1840 529 1873 armis
558 1839 783 1882 resisterent;
807 1845 1054 1875 verumtamen
1077 1841 1180 1874 illam
1203 1840 1374 1886 propriae
1406 1839 1520 1872 instar
1548 1835 1616 1871 ha-

174 1885 321 1927 berent,
353 1897 447 1932 quae
472 1887 544 1919 iam
568 1886 625 1919 sui
650 1886 877 1920 deditionem
901 1887 1055 1921 fecisset.

265 1934 297 1967 8.
325 1951 327 1953 -
346 1933 506 1966 Iulianus
530 1944 604 1966 non
627 1943 806 1978 pugnam,
829 1933 897 1966 sed
919 1933 1107 1966 victoriam
1132 1931 1289 1966 exordiri
1316 1930 1469 1965 solebat.

262 1979 367 2012 Hunc
392 1981 431 2013 in
458 1979 687 2012 sodalitatem
711 1984 895 2023 receptum
920 1979 1027 2013 lateri
1051 1990 1115 2012 suo
1153 1977 1411 2012 adhaerentem
1434 1974 1614 2010 habebat:

172 2030 250 2059 tum
277 2026 369 2059 alius
395 2025 617 2066 accedebat,
642 2025 825 2073 fiebatque
848 2037 1029 2060 numerus.
1083 2026 1129 2058 Et
1153 2024 1456 2071 quemadmodum
1482 2022 1618 2067 Pytha-

173 2073 264 2118 gorii
288 2073 392 2106 aiunt
416 2073 629 2113 monadem,
667 2073 698 2105 si
724 2072 769 2105 ad
794 2071 946 2116 dyadem
970 2072 1183 2113 adficiatur,
1218 2070 1317 2105 haud
1352 2072 1423 2104 iam
1457 2070 1616 2104 retinere

173 2120 358 2153 solitariae
382 2125 492 2153 notae
518 2120 696 2153 rationem
713 2145 723 2160 ‚
748 2119 811 2152 sed
839 2119 993 2152 diffundi
1019 2125 1128 2164 atque
1155 2119 1194 2151 in
1219 2118 1397 2163 pluralem
1423 2126 1614 2150 numerum

173 2176 349 2208 crescere;
373 2166 426 2200 ita
449 2171 638 2212 postquam
666 2165 851 2200 Charietto
875 2165 1083 2199 Cercionem
1107 2165 1178 2198 sibi
1201 2164 1391 2204 adiunxit,
1414 2164 1517 2208 plura
1539 2162 1613 2195 iam

172 2213 333 2246 facinora
357 2212 557 2247 edebantur
571 2238 581 2255 ,
610 2218 648 2246 et
671 2213 745 2245 iam
771 2211 1056 2256 conspirantium
1079 2210 1187 2245 turba
1209 2216 1358 2257 propter
1379 2211 1529 2244 felicem
1554 2209 1611 2242 fa-

170 2263 307 2293 ctorum
332 2270 531 2293 successum
557 2258 786 2305 sequebatur.

261 2318 293 2351 9.
341 2306 437 2340 Haec
469 2307 521 2340 ait
555 2306 600 2340 de
634 2306 775 2339 Iuliano
800 2303 1004 2348 Eunapius:
1033 2301 1078 2337 At
1106 2314 1151 2337 ue
1174 2302 1244 2336 hoc
1269 2301 1341 2335 iam
1366 2302 1446 2335 loco
1473 2301 1607 2335 memi-

169 2352 267 2385 nisse
292 2352 418 2394 decet‚
443 2364 539 2386 nunc
562 2353 708 2399 quidem
733 2351 922 2385 historiam
955 2350 1048 2384 facta
1108 2352 1238 2384 aesaris
1271 2349 1479 2394 complecti,
1513 2358 1605 2394 quae

195 2398 318 2432 uidem
353 2398 565 2433 Constantio
589 2400 749 2443 Augusto
773 2403 943 2442 regnante
976 2401 1116 2442 patrata
1149 2397 1305 2430 fuerunt.
1361 2395 1476 2428 Sicuti
1509 2403 1606 2438 ergo,

170 2410 256 2478 dum
270 2444 472 2479 Constantii
496 2457 551 2479 res
575 2446 834 2486 narrabantur,
862 2444 1048 2489 utriusque
1072 2445 1208 2477 mentio
1232 2444 1272 2476 in
1294 2441 1447 2475 historia
1473 2439 1606 2481 fiebat,

169 2491 222 2524 ita
246 2495 365 2525 tamen
390 2497 442 2533 ut,
469 2494 555 2539 quia
581 2493 810 2527 Constantius
832 2491 1030 2536 praecipua
1051 2500 1204 2536 persona
1227 2494 1314 2530 erat,
1338 2489 1383 2522 ad
1406 2488 1504 2521 hunc
1527 2498 1605 2520 ma-

168 2538 266 2571 xime
288 2537 465 2572 tenderet
497 2545 746 2584 spectaretque
782 2539 919 2580 oratio;
953 2538 1004 2570 ita
1035 2547 1150 2577 nunc,
1184 2537 1268 2581 quia
1300 2536 1346 2569 de
1370 2535 1511 2567 Iuliano
1555 2533 1602 2565 ab

169 2585 247 2617 eius
272 2585 459 2618 nativitate
482 2597 596 2632 usque
619 2586 664 2619 ad
689 2585 849 2618 Caesaris
873 2583 1084 2628 dignitatem
1107 2584 1294 2617 scribimus
1308 2608 1318 2623 ,
1341 2592 1460 2615 rursus
1486 2590 1605 2624 quan-

168 2635 246 2664 tum
270 2641 325 2663 res
343 2631 506 2672 tulerint,
529 2632 678 2666 insidias
692 2631 947 2676 machinasque
971 2630 1262 2672 memorabimus,
1285 2640 1372 2676 quas
1396 2630 1602 2672 opportuno

169 2681 330 2722 tempore
357 2677 525 2712 adversus
553 2679 739 2713 Caesarem
765 2676 995 2711 Constantius
1020 2678 1202 2714 instruxit,

261 2723 513 2758 Adversarium
537 2725 671 2769 Syllam
702 2725 835 2759 Marius
860 2724 1036 2758 Romanus
1069 2724 1180 2758 feram
1211 2719 1451 2756 bimembrem
1473 2717 1602 2765 appel-

217 2791 424 2838 Dexippus,
449 2793 645 2839 Eunapius
670 2802 734 2828 etc.
1318 2789 1338 2822 5
