1924 3164
273 101 390 185 424
863 130 1144 176 EXCERETA

88 239 253 276 A.c.58=
378 235 458 280 κοί.
503 234 597 281 Ὅτι
625 236 696 278 ἐπὶ
718 237 831 291 τρεῖς
851 233 1014 290 ἡμέρας
1039 232 1220 288 πόλεμος
1241 231 1468 288 Ῥωμαίοις
1492 237 1573 279 καί·
1599 233 1729 290 ’Λβά-

102 287 365 379 Ἱῖἰῖῒῐξίξροις
405 301 711 359 συνεκροτὴθη,
751 300 961 355 μηδεμιᾶς
988 300 1206 353 δυνάμεως
1227 298 1473 357 ιΡωμαϊκῆς
1513 301 1619 344 κατὰ
1649 300 1748 357 τήν·

273 369 376 427 πρὸς
428 367 655 425 Δαλματία
699 367 892 422 γέφυραν
940 367 1215 423 ἐπιφανείσης
1236 399 1250 420 ,
1294 368 1439 409 καίτοι
1483 366 1726 424 σαθρότατα

273 435 474 490 ἔχουσαν.
521 431 630 475 ἀλλὰ
673 430 755 488 γὰρ
786 430 860 473 καί
886 428 908 472 ὅ
933 427 1070 486 Ἀψίχ
1099 431 1173 474 καί
1196 431 1242 474 τὸ
1272 436 1365 475 κατ’
1402 431 1528 476 αὐτὸν
1549 429 1728 489 ’Λβαρι-

230 501 344 548 Βκὸν
373 497 510 542 αὐτοῦ
533 497 827 557 ἐφεδρεύοντες
843 496 1044 554 πρότερον
1060 496 1270 555 τοσαύτην
1298 496 1606 556 καταφρόνησιν
1635 498 1756 541 ἕπε-5

276 569 462 618 δείξαντο
481 564 586 608 κατὰ
610 563 864 619 (Ρωμαίων,
903 561 1008 606 ὥστε
1034 568 1343 621 μετενεχθῆναι
1380 567 1494 621 σφᾶς
1533 562 1639 607 κατὰ
1675 561 1724 619 δη

272 632 347 687 την
375 630 521 687 ἑτέραν
548 633 760 688 γέφυραν,
791 625 920 686 ἄλλην
958 646 1004 672 τε
1045 632 1223 684 δύναμιν
1258 632 1540 688 προστεθῆναι
1575 633 1627 687 τῇ
1655 632 1731 672 δυ·-

273 697 398 751 νάμει
424 698 927 754 Βαϊανοῦ.“πιεζο,ιιένων
955 698 1176 753 τοιγαροῦν
1202 699 1284 739 τῶν
1309 699 1354 740 ἐν
1380 699 1439 755 τῷ
1465 698 1626 754 Σιρμίῳ
1666 699 1749 738 λι-’

271 768 338 822 μῷ
365 766 574 822 μεγίστῳ,
614 759 693 820 ἤδη
722 779 768 805 τε
796 763 1043 817 ἁπτομένων
1074 764 1285 817 ἀθεμίτων
1311 765 1495 820 τροφῶν.
1517 764 1577 821 τῷ
1616 764 1731 805 ἐστε-
1777 786 1784 811 5

273 834 434 886 ρῆσθαι
461 833 545 873 τῶν
572 826 808 884 ἀναγκαίων
836 832 909 871 καί
945 831 1273 886 γεγεφυραῖσθαι
1301 829 1378 885 τὴν
1414 827 1612 883 διάβασιν
1649 829 1728 869 τοῦ
1734 838 1781 872 1‘0

269 898 411 948 Σαοῦ,
456 896 532 938 καί
577 898 818 949 Σολομῶνος
859 898 1088 951 τηνικαῦτα
1139 897 1400 951 προεστῶτος
1434 897 1518 937 τοῦ
1544 895 1730 950 Σιρμίου

270 959 547 1016 ἑκμελέστατά
573 977 662 1011 πως
691 962 999 1015 διατελοῦντος,
1037 960 1110 1004 καί
1136 963 1271 1018 μηδὲν
1313 958 1451 1004 ὁτιοῦν
1482 958 1732 1017 στρατηγίας

271 1028 472 1082 ἐχόμενον
500 1028 856 1080 ἐπιδεικνυμένου·
900 1026 1006 1083 πρός
1032 1043 1080 1082 γε
1108 1027 1182 1070 καὶ
1207 1030 1292 1070 τῶν
1318 1030 1394 1083 τῆς
1421 1029 1582 1078 πόλεως
1611 1023 1733 1068 οἷπει-

273 1094 454 1150 ρηκότων
481 1099 569 1143 τοῖς
595 1098 818 1148 χαλεποῖς,
849 1094 1174 1150 ὀλοφυρομένων
1200 1110 1245 1136 τε
1272 1094 1346 1137 καί
1375 1095 1419 1143 ἐς
1444 1091 1522 1143 τὰς
1549 1088 1733 1147 ἐσχάτας

274 1162 448 1210 ἐλπίδας
489 1156 855 1216 ἔξωλισθηκότων,
882 1162 1275 1217 καταμεμφομένων
1313 1176 1360 1202 τε
1394 1166 1482 1209 τοῖς
1504 1158 1786 1213 “Ρωμαίων15

146 1234 182 1269 Ρ.
201 1234 264 1279 175
279 1225 466 1281 ἡγεμόσι·
516 1225 737 1282 Θεόγνιδός
765 1242 810 1267 τε
852 1223 985 1267 αὐτοῦ
1015 1226 1296 1283 ὄλιγοχειρίαν
1332 1228 1573 1275 νοσοῦντος·
1598 1226 1740 1267 ταῦτα-

143 1296 261 1334 v.118
281 1296 472 1348 Τιβέριος
485 1291 507 1333 ὅ
522 1291 722 1347 βασιλεὺς
740 1292 993 1346 κατέμαθεν,
1007 1290 1279 1349 αἱρετώτερον
1293 1290 1552 1348 ἡγησάμενος
1561 1289 1619 1347 μὴ
1631 1307 1732 1333 συν-

273 1375 316 1400 αι
318 1361 672 1414 χμαλωτισθῆναι
697 1360 751 1415 τῇ
770 1356 890 1400 πόλει
910 1361 994 1400 ταῖν
1009 1358 1236 1414 οἰκητόρων
1257 1357 1329 1400 τὸν
1357 1355 1515 1411 ὅμιλον,
1533 1358 1577 1399 ἐν
1593 1353 1732 1412 γράμ-

269 1440 378 1477 μασι
406 1423 564 1465 κελεύει
598 1421 792 1478 Θεόγνιδι
818 1425 1053 1465 καταλῦσαι
1082 1422 1158 1466 τὸν
1189 1420 1370 1477 πόλεμον
1398 1425 1469 1465 ἐπὶ
1504 1424 1729 1476 σπονδαῖς,

272 1487 331 1538 ὥς
358 1487 601 1540 ὑπεξελθεῖν
635 1488 883 1544 παμπληθεί
917 1487 1018 1538 τοὺς
1044 1490 1144 1545 τῇδε
1174 1490 1398 1542 οἰκοῦντας,
1421 1490 1552 1544 μηδὲν
1580 1489 1784 1545 ἐπιφε-αο

275 1555 478 1611 ρομένους
504 1557 589 1597 τῶν
607 1550 812 1609 οἶκείωνῆ
839 1552 967 1607 μόνον
993 1553 1038 1596 τὸ
1067 1555 1143 1612 ζῇν
1172 1553 1246 1596 καί
1264 1553 1487 1611 παρασχὸν
1517 1551 1628 1596 οὕτω
1656 1570 1733 1596 71³5--⁴

275 1619 495 1677 ριβόλαιον
523 1620 582 1664 ἓν.
619 1618 695 1662 καὶ
726 1618 779 1675 δὴ
819 1622 1059 1676 συνέβησαν
1101 1621 1174 1663 ἐπὶ
1214 1626 1310 1670 ταῖς
1347 1621 1534 1663 τοιαῖσδε
1575 1616 1731 1675 ξυνθή-

348 1745 379 1771 1.
407 1737 507 1780 τρεῖς
533 1725 731 1770 ἐνιαυτοὺς
754 1732 797 1767 Ν.
900 1733 931 1778 4.
960 1732 1129 1776 ἔχουσαν
1150 1734 1187 1766 Β.
1203 1758 1212 1774 ,
1237 1731 1398 1779 ἐχούσης
1420 1733 1515 1778 vulg.
1595 1733 1629 1768 8.
1654 1730 1751 1766 roilv-

348 1780 432 1814 add.
457 1781 500 1815 N.
570 1781 692 1827 λοιμῷ
704 1780 799 1825 vulg.
871 1791 908 1814 n
943 1780 1010 1814 τοῦ
1034 1791 1152 1823 τηνικ.
1165 1779 1209 1813 Ν.
1287 1781 1468 1816 ι6.ταῦ’τα
1492 1781 1576 1815 ἐπεὶ
1593 1781 1669 1824 Τιβ.
1685 1777 1729 1813 N.

368 1883 425 1907 21.
473 1872 623 1906 Romani
652 1878 689 1907 et
700 1872 830 1907 Avares
856 1883 921 1919 per
945 1878 1017 1907 tres
1039 1873 1117 1908 dies
1148 1873 1189 1907 in
1215 1874 1485 1918 exspectatione
1519 1868 1731 1906 decertandi

274 1917 447 1959 fuerunt,
479 1919 543 1952 sed
569 1931 649 1952 cum
674 1920 795 1953 nullae
826 1921 1066 1954 Romanorum
1092 1922 1216 1966 copiae
1242 1926 1482 1965 apparerent,
1518 1930 1612 1964 quae
1633 1929 1730 1963 pon-

273 1970 349 1999 tem
366 1991 375 2007 ,
403 1976 476 2012 qua
509 1967 582 2000 itur
619 1968 658 2000 in
689 1968 934 2008 Dalmatiam,
967 1968 1109 2001 tametsi
1133 1979 1259 2012 parum
1284 1969 1444 2005 munitus
1467 1970 1578 2005 esset,
1607 1975 1731 2009 oppu-

274 2017 447 2057 gnarent,
481 2012 656 2057 Apsichus
690 2019 727 2047 et
763 2014 828 2060 qui
857 2025 937 2047 cum
966 2025 1009 2048 eo
1035 2019 1139 2048 erant
1165 2015 1323 2054 Avares,
1368 2013 1431 2059 qui
1454 2013 1532 2046 illic
1558 2012 1656 2057 prius
1683 2010 1732 2043 ad

276 2060 401 2103 pontis
429 2060 629 2093 custodiam
656 2060 919 2103 consederant,
949 2067 1022 2095 tam
1045 2061 1144 2105 parvi
1171 2063 1348 2094 Romanos
1372 2059 1582 2099 faciebant,
1614 2063 1655 2090 ut
1683 2056 1732 2091 ad

276 2105 390 2139 alium
421 2111 571 2151 pontem
595 2118 634 2140 se
659 2108 893 2149 conferrent,
928 2113 965 2141 et
987 2118 1097 2141 novas
1134 2108 1255 2152 copias
1287 2107 1401 2152 copiis
1420 2100 1560 2139 'Baiani
1590 2103 1731 2137 adiice-

275 2157 370 2185 rent,
417 2153 464 2186 At
491 2154 556 2199 qui
590 2153 629 2188 in
653 2154 784 2188 Sirmio
825 2160 929 2188 erant
952 2155 1091 2198 ingenti
1115 2154 1210 2188 fame
1234 2154 1415 2199 oppressi,
1445 2151 1535 2185 cibis
1563 2150 1731 2185 nefandis

277 2209 315 2230 se
346 2199 624 2241 sustentabant,
657 2202 743 2246 quia
783 2212 903 2234 rerum
939 2201 1218 2234 necessariarum
1249 2201 1376 2245 inopia
1407 2197 1642 2238 laborabant,
1693 2203 1731 2231 et

276 2243 399 2277 hostes
425 2251 574 2289 pontem
601 2246 638 2279 in
670 2247 738 2280 Sao
762 2247 934 2281 fecerant.
983 2248 1171 2281 Praeterea
1195 2248 1391 2287 Salomon,
1426 2246 1488 2292 qui
1519 2251 1606 2279 tunc
1636 2249 1731 2277 tem-

276 2291 376 2335 poris
413 2291 542 2326 Sirmio
581 2299 768 2338 praeerat,
800 2306 926 2339 parum
966 2294 1161 2338 diligenter
1195 2305 1252 2327 res
1281 2292 1576 2331 administrabat,
1608 2301 1732 2338 neque

280 2347 318 2368 se
343 2338 457 2370 ullum
487 2340 538 2372 rei
563 2340 734 2373 militaris
760 2353 862 2374 usum
890 2341 1026 2374 habere
1055 2340 1282 2375 ostendebat.
1330 2342 1455 2385 Itaque
1484 2339 1576 2371 cives
1609 2343 1645 2371 et
1672 2350 1731 2371 ur-

279 2382 336 2416 bis
361 2383 501 2418 incolae
526 2385 594 2418 hac
619 2387 825 2420 calamitate
851 2387 1000 2428 afflicti,
1026 2388 1276 2429 eiulabantur,
1302 2392 1339 2421 et
1371 2398 1451 2419 cum
1481 2384 1526 2418 ad
1551 2389 1729 2418 extremas

280 2440 360 2473 spes
386 2431 524 2465 redacti
555 2439 694 2475 essent,
731 2435 891 2467 omnium
918 2436 1069 2467 istorum
1093 2429 1268 2468 malorum
1297 2444 1433 2467 causam
1459 2433 1499 2465 in
1523 2431 1632 2464 duces
1658 2432 1732 2464 Ro-

279 2486 405 2510 manos
432 2477 658 2512 reiiciebant.
709 2480 891 2514 Postremo
921 2479 1104 2524 Theognis
1129 2482 1311 2526 paucitate
1342 2479 1499 2513 militum
1529 2477 1734 2511 laborabam

279 2523 379 2556 Haec
400 2522 466 2557 ubi
489 2523 662 2557 Tiberius
691 2525 844 2567 didicit,
871 2528 992 2572 potius
1022 2539 1098 2561 esse
1132 2527 1256 2569 duxit,
1288 2527 1419 2561 civium
1457 2525 1731 2559 multitudinem

284 2580 359 2602 non
395 2582 476 2604 cum
500 2571 578 2616 ipsa
604 2571 693 2604 urbe
719 2573 757 2605 in
780 2573 1005 2607 deditionem
1034 2575 1186 2608 venire:
1224 2575 1348 2620 itaque
1373 2583 1437 2616 per
1458 2573 1600 2605 litteras
1626 2570 1734 2604 iussit

284 2615 536 2660 Theognidem
559 2617 698 2650 bellum
735 2619 792 2652 his
829 2620 1103 2654 conditionibus
1138 2621 1289 2660 solvere,
1314 2625 1356 2653 ut
1383 2619 1512 2652 liceret
1548 2616 1732 2658 omnibus,

284 2663 348 2708 qui
374 2664 413 2696 in
438 2663 528 2698 urbe
554 2663 794 2705 habitabant,
834 2667 941 2705 salvis
978 2672 1015 2701 et
1045 2667 1290 2701 incolumibus
1321 2666 1442 2706 exire,
1473 2675 1594 2711 neque
1631 2665 1734 2709 quic-

282 2720 390 2755 quam
422 2720 566 2746 suarum
591 2723 708 2746 rerum
735 2711 822 2746 iude
847 2718 1030 2759 asportare
1054 2719 1198 2760 praeter
1233 2714 1344 2749 vitam
1369 2717 1406 2746 et
1443 2723 1550 2746 unam
1585 2715 1732 2746 vestem.
