1924 3164
576 166 610 207 E
647 166 933 210 MENANDm
953 155 1248 211 ἨιεΤοωΑ.
1528 138 1636 219 Ani

178 261 380 318 ποταμόν.
408 260 657 322 Μαυρύειος
676 262 724 310 δὲ
731 267 991 324 χαρακώσας
1001 269 1168 327 ὑπῆρχε
1189 269 1264 321 τὰς
1282 271 1392 327 ἄμφ’
1405 267 1537 314 αὖτὸν
1557 272 1689 320 dih-A.
1705 284 1742 319 C.
1760 285 1823 321 581

178 328 325 384 νάμεις
343 332 389 374 ἐν
407 334 464 389 τῷ
477 331 528 387 δὴ
542 335 750 391 λεγομένῳ
758 333 1049 391 Μονόκαρτον,
1062 337 1109 379 ἒν
1137 336 1359 396 α’γχιθύρῳ
1367 339 1638 380 mamam·-
1655 331 1733 388 113‘1·
1751 334 1791 378 ¹4

178 412 252 452 νης
263 399 336 453 τῆς
362 396 536 447 πόλεως.
556 397 646 440 ἔστι
662 397 744 455 γάρ
761 398 894 455 δήπου
918 399 971 443 τά
990 401 1091 458 περὶ
1108 402 1155 444 τό
1170 402 1451 460 Μονόκαρτον
1471 401 1638 447 ἅπαντα
1651 379 1779 417 'hbet‘
1791 380 1814 426 4

178 461 334 519 ἔνυδρά
362 479 408 505 τε
445 463 520 506 καί
543 462 752 519 ἱππόβοτα
781 464 855 507 καί
881 469 1054 525 στρατῷ
1096 467 1438 525 ἐνσκηνήσασθαι
1479 469 1637 524 α’γαθοί.

151 526 290 571 ὄοῧτω
317 532 397 583 μὲν
435 525 547 572 οὗτοι
573 530 938 588 ἀ’πεταφρεύοντο.
983 533 1090 589 ἆτάρ
1133 534 1157 576 ὅ
1178 531 1381 590 Ἀνδίγαν
1417 533 1480 577 ἔτι
1519 537 1638 585 ξυνε-

178 594 341 651 στιόσης
380 598 453 652 τῆς
492 596 711 653 ἐκκλησίας
738 599 894 651 ἐχρᾶτο
922 600 995 641 καί
1021 602 1184 651 πτοίαις
1223 601 1312 644 τισί
1352 602 1425 644 καί
1461 617 1635 658 φενακι-

176 668 312 714 σμοῖς,
338 663 536 720 Ζαχαρίζκ
554 663 860 718 ὑποδηλῶν,ὦς
889 663 1017 715 αὐτὸς
1030 665 1094 722 εἴη
1120 664 1248 720 μόνος
1268 667 1291 709 ὅ
1306 667 1552 709 διακωλύων
1563 664 1675 709 τὸνΒ

181 728 413 784 Ταχοσδρώ
435 727 514 784 τήν
528 728 776 786 ςΡωμαῖκῆν
794 734 872 785 γῆν
891 738 1143 775 κατασεῖσαι
1166 730 1348 777 ἅπασαν.
1386 731 1519 788 τυχὸν
1538 730 1638 789 γιὶρ,

175 795 222 836 ἐν
251 788 286 853 ᾧ
315 793 605 849 διαλεγόμενος
645 791 700 852 ἧν
724 830 737 850 ‚
778 796 1029 853 α’νεφαίνετό
1081 815 1146 848 τις
1182 797 1347 842 τούτων
1383 799 1435 855 δὴ
1474 801 1557 841 τῶν
1595 800 1641 848 ἐς

124 859 301 914 ιοτάχος
327 859 621 915 ἱππαζομένων
646 878 690 904 τε
718 863 793 904 καί
817 862 896 914 τὰς
925 860 1123 918 ἆγγελίας
1150 868 1208 923 τῷ
1233 864 1358 920 τάχει
1384 867 1470 908 ταῖν
1499 866 1638 908 ἵππων

171 926 524 980 διακομιζόντων,
554 927 835 982 πλαττόμενος
862 930 909 971 ἐκ
935 932 1015 971 τοῦ
1048 929 1281 988 Ταχοσδρώ
1311 928 1534 973 ἐστάλθαι.
1563 931 1640 972 καὶ

165 993 218 1050 δὴ
250 991 323 1036 τὸν
348 989 558 1048 ’Λνδίγαν
584 995 672 1054 ἰδίᾳ
701 995 932 1049 λαμβάνων
970 996 1198 1052 ἐνεχειριζὲ
1243 995 1283 1039 οἱ
1311 995 1562 1053 ἐπιστολὴν,
1589 997 1637 1038 ἐν

163 1055 194 1118 ᾗ
227 1061 465 1116 ἐνεφέρετο,
497 1059 553 1110 ὥς
574 1059 806 1117 Ταχοσδρώ
827 1063 960 1117 δῆθεν
986 1061 1253 1120 γεγραφότος,
1286 1058 1358 1106 οἷα
1388 1063 1633 1105 α’καθέκτου

165 1120 298 1181 οὔσης
323 1128 398 1180 τῆς
427 1129 614 1181 Περσῶν
642 1130 866 1182 στρατιᾶς,
899 1126 1017 1181 μάλα
1056 1144 1103 1171 τε
1134 1128 1332 1185 ὁρμώσης
1359 1129 1439 1182 μὲν
1468 1126 1521 1183 δὴ
1551 1129 1629 1181 ἐμ·-

123 1195 316 1246 ιόβαλεῖν
344 1193 388 1241 ἐς
414 1190 489 1247 τῆν
512 1192 774 1248 “Ρωμα”ι“κη’ν.
802 1196 981 1237 τοιαῦτα
1009 1196 1274 1251 ψευδομένης
1299 1197 1375 1251 τῆς
1400 1195 1636 1248 ἐπιπολῆς,

172 1254 456 1311 συνεψεύδετο
485 1264 572 1308 τοῖς
598 1261 903 1314 γεγραμμένοις
931 1262 1006 1302 καί
1031 1257 1054 1301 ὅ
1085 1259 1312 1317 κονιορτὸς,
1336 1258 1386 1310 ὃς
1411 1261 1470 1318 τῷ
1498 1258 1625 1313 ἄγγε-

169 1320 390 1380 λιαφόρῳ,
420 1319 495 1365 ἅτε
526 1318 621 1379 ἄρτι
649 1325 865 1383 α’φιγμένῳ
893 1327 939 1367 ἐκ
967 1329 1043 1382 τῆς
1084 1325 1356 1381 ὁδοιπορίας,
1385 1327 1674 1379 eumenia-C

169 1389 317 1442 σμένος
343 1405 390 1431 τε
419 1388 494 1432 καί
518 1390 717 1442 ἐνιζάνων
742 1389 874 1442 πολύς
900 1390 1001 1448 περὶ
1023 1390 1102 1446 τὴν
1133 1388 1268 1447 κόμην
1292 1391 1493 1447 ὑπῆρχεν.
1534 1387 1627 1444 ἅμα
1639 1396 1678 1431 V.
1696 1408 1758 1443 ¹¹7

170 1457 216 1497 δὲ
245 1457 318 1497 καί
343 1455 366 1498 ὃ
393 1456 598 1512 Ἀνδίγαν
626 1456 919 1511 διαλεγόμενος
945 1461 1004 1515 τῷ
1031 1454 1130 1513 ἤθει
1159 1457 1428 1514 ὑπεκρίνετο,
1469 1455 1545 1498 καὶ
1578 1459 1628 1514 τῇ

115 1516 275 1578 αοᾶλλῃ
309 1521 470 1576 κινήσει
497 1524 574 1564 τοῦ
600 1521 797 1576 σώματος
834 1523 1091 1581 ὑπεφαίνετο
1121 1518 1190 1565 οἶα
1215 1521 1275 1579 μῆ
1307 1524 1526 1580 ἐφιέμενος
1551 1537 1631 1563 πο-

166 1589 312 1642 λέμου.
347 1587 396 1630 τὸ
423 1586 532 1642 μετὰ
560 1591 696 1631 ταῦτα
723 1587 828 1632 κατὰ
857 1589 908 1645 δὴ
947 1588 1020 1632 τὸν
1058 1590 1253 1645 ξύλλογον
1281 1586 1438 1632 ἑαυτὸν
1474 1589 1628 1642 ἀναμι-

259 1677 291 1722 4.
315 1676 507 1723 ἱππόβατα
530 1679 605 1714 Par.
679 1681 731 1715 13.
756 1678 975 1714 ἄκαθέκτου
1000 1680 1062 1722 Η.,
1085 1680 1280 1714 καθὲκτου
1303 1679 1402 1726 vulg.

169 1766 268 1808 drus,
295 1768 481 1802 Persarum
509 1769 594 1811 dux,
619 1782 701 1805 cum
729 1771 888 1806 exercitu
900 1772 1042 1806 Persico
1069 1778 1183 1806 castra
1208 1770 1374 1805 habebat
1401 1771 1447 1805 ad
1475 1770 1631 1816 Mygdo-

168 1815 271 1848 nium
305 1826 475 1857 amnem,
508 1818 602 1851 circa
627 1817 785 1852 Nisihim
808 1820 848 1852 in
880 1819 1016 1862 campis
1050 1821 1213 1864 equestri
1251 1829 1394 1865 pugnae
1426 1823 1464 1851 et
1497 1818 1630 1851 alendo

169 1863 353 1907 equitatui
398 1873 574 1909 perquam
619 1865 849 1908 opportunis.
916 1866 1115 1898 Mauricius
1154 1875 1239 1898 vero
1278 1866 1374 1899 vallo
1415 1865 1631 1898 continebat

167 1919 251 1941 suos
277 1909 413 1943 milites
449 1910 487 1943 in
522 1911 602 1945 loco
620 1937 633 1952 ,
661 1922 770 1956 quem
796 1916 928 1945 vocant
955 1912 1207 1945 Monocartum
1226 1937 1236 1953 ,
1265 1922 1381 1956 prope
1410 1917 1535 1955 portas
1563 1921 1631 1943 ur-

165 1955 225 1989 bis
250 1954 522 1990 constantinae.
549 1958 641 1991 Sunt
664 1960 761 1991 enim
784 1958 907 1991 omnia
931 1959 1010 1991 ioca
1039 1959 1131 1991 circa
1154 1958 1407 1991 Monocartum
1442 1968 1577 2003 aquosa
1592 1961 1632 1991 et

167 2013 343 2048 equorum
369 2005 528 2047 pastioni
554 2004 754 2046 commoda,
785 2011 822 2039 et
848 2005 1026 2038 exercitui
1049 2004 1117 2038 sub
1140 2004 1302 2049 pellibus
1330 2003 1503 2037 habendo
1529 2008 1626 2049 apta.

165 2049 222 2083 Ad
245 2049 343 2083 hunc
366 2050 512 2083 modurn
539 2053 596 2085 illi
621 2063 658 2085 se
692 2052 787 2085 fossa
823 2054 860 2085 et
895 2052 993 2085 vallo
1027 2051 1246 2085 munierant.
1309 2049 1477 2083 Ceterum
1513 2050 1630 2084 Andi-

167 2107 254 2141 gan,
295 2097 379 2130 dnm
409 2097 528 2130 adhuc
557 2099 594 2132 in
629 2099 784 2132 concilio
810 2104 948 2139 essent,
988 2104 1169 2132 exterrere
1203 2096 1406 2131 Zachariam
1446 2102 1483 2131 et
1520 2095 1628 2130 delu'-

160 2142 257 2176 dere
285 2149 341 2177 est
363 2155 548 2190 aggressus
572 2159 581 2179 :
618 2158 655 2179 se
680 2146 777 2178 enim
804 2146 922 2179 solum
947 2145 1209 2190 impedimento
1236 2145 1349 2177 fuisse
1379 2142 1631 2189 praedicabat,

168 2190 363 2235 quominus
389 2192 615 2226 'rachosdrus
641 2204 769 2226 omues
807 2194 1051 2226 Romanorum
1085 2202 1188 2237 agros
1222 2192 1302 2237 igni
1337 2190 1509 2236 ferroque
1541 2201 1630 2235 pro-

167 2236 359 2271 scinderet.
411 2239 504 2272 Tum
533 2240 627 2273 forte
658 2241 786 2273 eodem
808 2244 986 2284 tempore,
1012 2250 1085 2284 quo
1110 2249 1192 2272 cum
1216 2239 1281 2271 illo
1305 2237 1415 2271 verba
1440 2236 1604 2271 faciebat
1619 2262 1631 2279 ,

168 2295 213 2316 ex
238 2286 438 2328 composito
464 2286 502 2318 in
526 2297 651 2319 eorum
678 2292 910 2331 conspectum
937 2287 1040 2319 venit
1069 2296 1162 2319 unus
1185 2296 1231 2319 ex
1258 2283 1338 2324 his,
1362 2295 1516 2330 quorum
1542 2290 1631 2318 sunt

166 2336 286 2374 partes
317 2331 399 2365 citis
436 2334 539 2378 equis
573 2333 812 2378 adequitare,
850 2340 887 2367 et
919 2334 1069 2367 nuntios
1107 2343 1286 2379 equorum
1318 2331 1514 2366 velocitate
1544 2341 1630 2376 per-

164 2376 285 2418 ferre,
330 2380 395 2423 qui
431 2391 468 2413 se
502 2391 521 2412 a
558 2379 766 2413 Tachosdro
801 2381 950 2413 missum
986 2379 1159 2425 fingebat.
1207 2380 1241 2412 Is
1275 2378 1445 2424 Andigan
1481 2383 1622 2412 secreto

166 2423 342 2464 abducit,
374 2431 411 2459 et
436 2428 649 2472 epistolam,
679 2432 852 2473 tanquam
878 2439 897 2465 a
924 2426 1133 2460 Tachosdro
1159 2427 1357 2471 scriptam,
1385 2424 1509 2458 tradit.
1545 2424 1626 2458 Hae

168 2469 449 2513 continebatur,
492 2476 689 2507 exercitum
732 2475 919 2507 Persarum
960 2474 1112 2507 minime
1151 2473 1335 2506 contineri
1364 2483 1494 2518 posse,
1531 2471 1623 2517 quin

158 2518 407 2552 Romanorum
433 2526 547 2554 terras
574 2521 721 2554 invadat
749 2525 785 2554 et
808 2520 847 2552 in
873 2531 932 2553 eas
959 2521 1137 2566 impetum
1166 2520 1287 2554 saciat.
1334 2520 1431 2552 Huic
1453 2518 1623 2552 mendaci

166 2563 344 2608 epistolae
369 2571 406 2599 et
428 2566 508 2608 his,
542 2578 635 2614 quae
660 2570 700 2600 in
726 2567 789 2600 illa
814 2567 947 2612 scripta
976 2572 1092 2609 erant,
1116 2567 1339 2611 congruebat
1368 2566 1491 2611 pulvis
1507 2590 1519 2605 ,
1555 2564 1623 2611 qni

163 2612 319 2651 nuntio,
354 2617 527 2659 tanquam
552 2626 675 2648 recens
701 2614 749 2647 de
770 2615 829 2649 via
854 2614 1088 2655 adventanti,
1113 2625 1157 2647 ex
1181 2614 1330 2648 fictione
1357 2613 1499 2658 capillis
1523 2611 1622 2644 mul-

164 2663 223 2690 tus
250 2658 368 2692 inerat
427 2661 592 2707 Audigau
621 2671 767 2707 quoque
794 2672 874 2694 cum
898 2661 1030 2695 nuntio
1057 2661 1237 2695 disserens
1249 2676 1261 2702 ‚·
1289 2660 1432 2694 vultum
1468 2667 1621 2703 compo-

157 2704 299 2746 nebat,
328 2710 365 2738 et
389 2708 488 2740 omni
514 2709 673 2753 corporis
699 2714 799 2741 motu
826 2707 1042 2749 simulabat,
1077 2718 1116 2742 se
1147 2707 1299 2741 minime
1332 2705 1471 2739 bellum
1506 2713 1621 2749 appe·

163 2756 252 2786 tere·-
300 2751 347 2786 Et
364 2753 478 2798 paulo
500 2760 587 2802 post
604 2767 716 2803 quum
740 2754 787 2789 ad
810 2755 1036 2803 colloquium
1059 2754 1260 2800 rediisset„
1286 2752 1478 2789 Zachariae
1500 2749 1619 2795 dixit,
