1924 3164
626 186 697 226 Ex
740 182 1154 232 ommmonoRO.
1213 193 1215 198 v
1493 168 1601 249 461¹

167 289 380 330 ἐθέλοντα.
436 286 547 341 λέγει
567 288 616 328 δὲ
641 286 829 343 καὶπερὶ
852 288 929 330 τοῦ
952 288 1166 343 τρίβωνος,
1197 283 1255 337 ὥς
1281 282 1359 337 οὔκ
1377 287 1474 343 ἐξῆν
1501 287 1606 330 κατά

165 353 245 403 τοὶς
271 350 458 407 Ἀθήνας
496 354 804 408 περιβαλέσθαι
839 351 970 395 αὐτόν
995 370 1112 406 τινα,
1151 351 1226 395 καί
1265 353 1451 407 μάλιστα
1478 355 1608 406 ξένον,

164 412 283 476 ᾧῗμὴ
309 419 393 460 τῶν
430 419 642 474 σοφιστῶν
681 417 710 473 ἧ
736 416 881 474 γνιόμη
917 419 1129 475 ἐπέτρεπε,
1169 420 1243 461 καί
1282 419 1328 461 αἱ
1365 418 1469 462 κατὰ
1512 417 1612 467 τούς

163 483 432 541 σοφιστικούς
459 482 610 538 νόμους
648 486 812 526 τελεταὶ
836 485 1058 538 ἐβεβαίουν
1089 483 1135 526 τὸ
1166 485 1345 539 ἀξίωμα.
1401 481 1454 540 ἦν
1479 486 1527 528 δὲ
1553 482 1606 527 τοὶ

138 552 395 605 δηλούμενα
421 552 614 594 τοιαῦτα.
666 551 832 606 πρῶτον
869 551 949 603 μὲν
974 549 1201 607 κατήγοντο
1240 553 1311 594 ἐπὶ
1335 549 1382 593 τὸ
1410 549 1612 607 δημόσιον

159 619 381 670 βαλανεῖον
407 613 497 658 ὅσοι
522 613 740 672 νεήλυδες,
767 610 821 658 ἄν
848 631 892 658 τε
917 617 1075 672 μικροί,
1103 610 1156 659 ἄν
1181 632 1228 659 τε
1252 615 1438 672 μεγάλοι.
1468 619 1526 670 ἷέξ
1551 613 1612 661 ὧν

158 681 233 723 καὶ
258 680 298 723 οἱ
335 679 442 736 πρός
478 679 551 723 τόν
576 682 761 736 τρίβωνα
790 680 1019 737 ἐπιτήδειοι
1056 682 1222 736 ἡλικίας
1251 678 1331 738 ἤδη
1360 686 1512 738 καιροῦ
1539 699 1611 739 γε-

156 744 329 801 γονότες·
358 744 431 795 οὓς
473 747 534 795 εἷς
561 748 692 799 μέσον
729 743 905 800 ἔβαλλον
952 745 992 789 οἱ
1033 748 1281 802 κατάγοντες
1323 749 1608 802 σχολαστικοί.

155 809 248 854 εἶτα
287 813 370 854 τῶν
404 813 484 866 μὲν
527 812 767 868 ἔμπροσθεν
803 813 1038 868 τρεχόντων
1063 813 1137 855 καί
1162 811 1420 867 κωλυόντων,
1448 817 1531 857 ταῖν
1559 816 1607 856 δὲ

105 877 383 924 ιοαῗθούντων
417 876 492 920 καί
515 876 779 933 {riegrim-0022,-
818 875 979 921 πάντων
996 880 1054 922 ,δὲ
1080 879 1162 922 τῶν
1189 876 1437 922 κωλυόντων
1464 881 1603 923 ταῦτα

153 942 361 999 βοώντων·
388 946 514 999 ,,στᾶ,
542 947 631 998 στᾶ,
662 947 714 986 ου’
739 943 899 998 λούει,”
924 951 1199 1001 κατακρατεῖν
1235 947 1365 1001 δῆθεν
1388 949 1465 988 τοῦ
1491 947 1604 1002 ἀγῶ-

140 1025 223 1060 νος
249 1008 420 1052 ἐδόκουν
458 1009 499 1052 οἱ
525 1006 810 1059 ἆντωθοῦντες
849 1011 908 1059 εἷς
927 1009 1048 1065 τιμὴν
1076 1012 1156 1052 τοῦ
1183 1012 1466 1065 καταγομένου
1495 1020 1638 1067 σχο-Ι)

152 1078 367 1122 λαστικοῦ.
423 1071 540 1125 ὅστις
567 1075 674 1129 μετὰ
703 1075 860 1131 πολλὴν
880 1072 998 1132 ὥραν
1025 1074 1212 1125 στάσεως
1239 1078 1392 1132 πολλῆς
1422 1079 1495 1120 ἐπὶ
1514 1085 1603 1128 τοῖς

151 1143 433 1196 προαχθεῖσιν
460 1142 625 1195 ἐθίμοις
651 1141 813 1198 ῥήμασι
840 1144 1167 1197 προγενομένης,
1197 1140 1409 1196 εἰσάγεται
1435 1144 1496 1192 εἰς
1529 1141 1601 1186 τὸν

100 1205 310 1260 ιόθερμὸν
337 1202 449 1248 οἶκον
479 1205 554 1248 καί
573 1204 841 1248 α’πολοόεται.
902 1203 991 1248 εἶτα
1019 1207 1302 1260 ἐνδυσάμενος
1330 1208 1496 1262 ἐδέχετο
1524 1208 1600 1264 τὴν

149 1272 230 1312 τοῦ
251 1270 452 1327 τρίβωνος
487 1272 705 1324 ἐξουσίαν,
740 1273 814 1314 καί
840 1269 1023 1314 αὐτόθεν
1050 1270 1159 1325 μετὰ
1198 1275 1274 1314 τοῦ
1324 1275 1517 1327 τριβωνος
1551 1277 1599 1317 ἐκ

139 1336 226 1377 -τοῦ
251 1339 478 1390 βαλανείου
514 1337 664 1395 §vt-1:112«)
706 1337 779 1379 καί
803 1334 1006 1394 περιδόξῳ
1035 1337 1406 1393 δορυφορούμενος
1452 1341 1598 1398 πομπῇ

148 1400 288 1458 ἀπῄει,
318 1401 508 1452 δαπάνας
553 1401 747 1457 ἐπιγνούς
788 1401 978 1459 φανερὰς
1024 1403 1085 1452 εἰς
1121 1401 1220 1453 τούς
1247 1405 1332 1447 τῶν
1370 1406 1598 1461 διατριβῶν

147 1465 400 1525 προστάτας,
427 1467 528 1518 τούς
559 1469 806 1523 λεγομένους
829 1468 1111 1524 Ἀκρωμιζτας.

93 1554 174 1580 20.
246 1531 337 1577 “On
365 1533 405 1577 οἱ
435 1532 674 1577 Ου’άνδαλοι
699 1532 799 1585 τους
836 1536 877 1577 Γ
876 1532 1029 1585 ότθους
1065 1531 1278 1591 Τρούλους
1305 1538 1495 1592 καλοῦσι,
1523 1536 1596 1581 διιὶ

145 1600 191 1647 τὸ
222 1602 331 1659 λιμῷ
357 1602 626 1655 πιεζομένους
654 1600 809 1650 αὐτοὺς
835 1603 1011 1657 τροῦλαν
1036 1604 1157 1644 σι’του
1189 1601 1306 1658 παροὶ
1338 1605 1424 1647 τῶν
1454 1604 1596 1648 Odan-

132 1667 288 1710 ’δάλων
314 1663 535 1722 ἀγοράζειν
571 1663 661 1716 ἑνὸς
697 1666 915 1723 χρυσίνου.
977 1666 1004 1722 ἦ
1042 1668 1090 1709 δὲ
1129 1670 1288 1724 τροῦλα
1326 1671 1426 1713 οὐδὲ
1453 1670 1593 1727 τρίτον
1605 1681 1696 1719 Ρ.ιι

147 1735 293 1786 ξέοι-ου
319 1738 467 1788 χωρεῖ’.

145 1869 206 1911 ni,
240 1869 453 1914 praesertim
475 1879 561 1903 vero
587 1873 711 1902 extero
738 1866 900 1908 homini,
923 1866 1077 1901 Athenis
1102 1867 1142 1901 id
1165 1873 1303 1913 gestare
1330 1870 1496 1904 licuisse:
1521 1873 1595 1906 nisi

145 1915 388 1960 sophistarum
411 1915 579 1960 suffragio
605 1916 683 1949 eius
709 1914 859 1960 gestatio
883 1913 939 1946 illi
968 1924 1138 1948 concessa
1154 1940 1164 1956 ,
1184 1916 1414 1963 dignitasque
1439 1919 1507 1952 ista
1531 1930 1594 1952 so-

143 1962 350 2008 phistarum
374 1962 495 2007 legum
518 1962 650 1996 ritibus
675 1966 771 1995 esset
789 1961 1007 1993 confirmata.
1058 1961 1159 1995 Ritus
1184 1968 1326 2005 autem,
1353 1965 1419 2010 qui
1443 1975 1594 2010 perage-

143 2009 303 2050 bantur,
342 2009 434 2042 tales
471 2013 584 2042 crant.
633 2009 788 2042 Primum
814 2007 860 2040 ad
884 2006 1072 2052 publicum
1106 2008 1279 2042 balneum
1317 2009 1594 2046 deducebantur

144 2056 211 2101 qui
233 2056 366 2090 novitii
389 2055 639 2095 advenissent,
663 2056 738 2089 sive
762 2054 886 2099 parvi,
911 2054 990 2087 sive
1015 2055 1247 2098 grandiores,
1270 2061 1381 2102 atque
1405 2058 1503 2092 inter
1524 2058 1593 2092 hos

143 2101 255 2135 etiam
281 2102 309 2136 ii
325 2127 335 2143 ,
371 2102 434 2148 qui
467 2112 533 2146 per
559 2107 716 2135 aetatem
749 2101 795 2134 ad
818 2100 970 2145 pallium
1011 2101 1227 2135 sumendum
1249 2105 1326 2149 apti
1350 2109 1471 2146 erant,
1495 2117 1587 2151 quos

144 2149 186 2182 in
210 2149 372 2182 medium
397 2148 664 2194 protrudebant
691 2146 918 2187 scholastici,
952 2157 972 2178 a
997 2146 1130 2192 quibus
1158 2147 1456 2191 deducebantur,
1481 2151 1587 2190 dein,-

146 2194 194 2228 de
215 2196 298 2229 aliis
329 2194 650 2241 praecurrentibus
685 2199 795 2240 atque
827 2191 1135 2238 prohibentibus,
1171 2195 1252 2229 aliis
1282 2196 1585 2240 protrudentibus

144 2243 329 2275 et'contra
361 2242 622 2275 tendentibus:
655 2245 837 2287 quotquot
863 2245 984 2273 autem
1007 2239 1255 2284 prohibebant
1280 2242 1584 2278 vociferantibus:

142 2283 240 2328 ‚‚Sta,
264 2294 336 2330 sta,
361 2300 436 2322 non
460 2289 557 2323 lavat
568 2289 599 2322 :''
624 2288 863 2330 nihilominus
878 2291 999 2319 tamen
1023 2285 1063 2320 in
1086 2288 1283 2322 certamine
1309 2288 1339 2323 ii
1365 2290 1586 2326 videbantur

145 2333 330 2376 obtinere,
352 2335 418 2381 qui
442 2335 482 2369 in
506 2335 682 2368 honorem
706 2332 926 2374 scholastici,
952 2343 1060 2377 quem
1093 2333 1335 2377 deducebant,
1363 2337 1584 2372 obsistentes

143 2380 391 2415 retrudebant.
444 2381 609 2415 Tandem
633 2386 716 2426 post
738 2380 882 2425 longam
906 2389 1044 2412 moram
1079 2379 1305 2428 multamque
1340 2382 1389 2416 ob
1410 2384 1515 2418 illata
1538 2395 1584 2419 ex

143 2437 245 2460 more
270 2427 363 2462 ultro
392 2431 557 2474 citroque
592 2427 700 2461 verba
731 2427 1006 2460 contentionem
1039 2426 1097 2467 is,
1123 2427 1188 2472 qui
1213 2427 1425 2472 deducitur,
1451 2431 1492 2464 in
1525 2443 1586 2465 ca-

141 2473 257 2506 lidam
291 2474 418 2508 cellam
453 2475 658 2514 inducitur,
692 2473 820 2518 ibique
852 2472 1024 2505 abluitur.
1071 2472 1120 2506 At
1156 2479 1351 2521 postquam
1375 2487 1414 2510 se
1438 2476 1585 2520 induit,

142 2518 251 2564 pallii
277 2519 485 2564 dignitatem
510 2521 660 2565 accipit,
687 2524 797 2565 atque
827 2518 958 2551 exinde
986 2529 1067 2551 cum
1089 2520 1202 2564 pallio
1223 2532 1243 2555 e
1267 2522 1422 2564 balneo,
1448 2524 1585 2561 celebri

145 2570 184 2598 et
206 2565 405 2600 honorifica
433 2569 585 2613 stipatus
610 2577 762 2611 pompa,
787 2565 1008 2611 digreditur,
1033 2564 1186 2600 decretis
1209 2567 1406 2604 luculentis
1430 2571 1586 2616 sumpti-

143 2611 213 2645 bus
238 2612 277 2643 in
302 2611 502 2648 scholarum
528 2615 710 2648 antistites
728 2637 740 2653 ‚
769 2614 830 2658 qui
864 2612 1036 2645 dicuntur
1066 2613 1281 2649 Acromitae.

191 2664 194 2667 '
239 2657 396 2692 Vandali
434 2660 572 2695 Gothos
610 2659 800 2705 appellant
838 2657 968 2692 Trulos
984 2683 995 2698 ,
1027 2665 1221 2704 propterea
1256 2663 1355 2707 quod
1388 2662 1428 2696 hi
1467 2664 1587 2697 enecti

145 2702 344 2749 aliquando
383 2704 502 2747 fame,
523 2707 650 2742 xtritici
683 2706 816 2739 trulam
850 2715 871 2736 a
902 2703 1075 2738 Vandalis
1109 2717 1219 2742 aureo
1257 2719 1331 2743 uno
1356 2705 1607 2745 redimerent.'

147 2748 261 2784 Trula
283 2761 369 2790 vero
397 2752 560 2787 nondum
584 2753 726 2788 tertiam
761 2750 908 2787 sextarii
931 2755 1071 2796 partem
1094 2754 1200 2800 capit.
