1838 3210
693 201 1010 244 PRAEFATIO.
1513 200 1607 240 xm

163 307 244 342 lom
265 307 374 341 etiam
386 305 424 339 in
434 303 492 338 his
506 303 651 349 eelogis‚
678 313 770 348 quae
782 302 934 349 editorta
950 301 1099 336 licentia
1117 296 1282 336 mutandi
1300 299 1440 334 alienus
1467 305 1508 334 ut
1521 304 1606 334 sunt

165 375 337 410 mendosa
374 374 581 420 relinquere
614 372 777 417 cogitur:
813 372 908 408 illud
944 377 1066 406 tamen
1097 380 1181 404 vere
1214 369 1425 415 praedicare
1455 380 1603 413 possum

165 445 235 479 hac
258 444 421 479 editione
438 443 637 489 perfectum
665 451 742 476 esse
758 447 801 476 ut
824 442 1054 481 utilissimae,
1076 450 1279 486 magnaque
1306 451 1350 473 ex
1372 444 1476 484 parte
1502 449 1604 483 egre-

165 515 307 558 giorum
332 512 545 557 scriptorum
569 509 749 556 reliquiae
769 534 779 550 ,
803 520 897 556 quae
920 509 1073 543 antehac
1095 509 1136 542 in
1160 508 1312 552 singulis
1328 509 1469 554 paginis
1493 508 1605 541 innu-

167 594 265 617 mera
287 582 459 616 vitiorum
483 577 721 613 multitudine
745 578 906 623 legentes
930 576 1193 622 impediebant,
1216 577 1289 610 iam
1312 577 1418 622 longe
1445 576 1603 610 maxima

168 663 213 686 ex
245 655 348 696 parte
381 648 506 683 faciles
541 647 724 682 evaserint
754 652 866 692 atque
894 650 1041 691 apertae
1066 645 1114 678 ad
1142 644 1432 691 intelligendum.
1479 642 1604 689 Quum

166 719 298 765 igitur,
329 727 424 764 quae
453 716 629 750 hactenus
653 714 816 760 neglecta
850 712 1043 754 iacebant,
1076 715 1155 748 sine
1189 713 1306 747 dubio
1340 713 1457 748 multo
1482 712 1602 758 pluri-

165 788 234 822 bus
261 798 368 833 quam
392 789 499 819 antea
532 785 782 824 innotescent,
808 782 931 816 oblata
958 787 1014 816 est
1038 783 1199 824 occasio,
1226 782 1420 828 praeclaris
1445 781 1603 827 ingeniis

166 855 266 890 haud
288 854 458 900 indigna,
485 853 550 886 ubi
577 852 629 886 vis
662 850 852 885 divinandi
876 862 915 885 se
938 856 1104 885 exerceat
1126 855 1164 884 et
1185 851 1280 884 bene
1307 855 1434 896 coepta
1458 851 1602 895 longius

166 923 353 971 producat.
409 922 463 956 Ex
505 919 824 955 emendationibus
863 929 951 966 quas
967 934 973 938 ·
988 919 1209 964 recepimus,
1248 919 1385 953 multae
1421 917 1604 953 Hoesche-

166 986 258 1027 lium
280 990 418 1027 habent
443 993 648 1030 auctorem,
670 989 711 1021 in
738 987 899 1032 margine
926 987 1100 1022 editionis
1125 988 1203 1022 eius
1225 989 1451 1033 propositae:
1493 998 1604 1033 quas,

167 1062 243 1095 sive
269 1059 376 1094 nobis
402 1059 643 1104 probarentur
685 1058 762 1091 sive
784 1057 924 1098 minus,
959 1057 1144 1102 designavi
1178 1057 1268 1102 sigla
1285 1059 1332 1092 H.
1383 1057 1484 1091 Idem
1505 1057 1605 1091 Hoe-

167 1129 326 1164 schelius
352 1128 417 1161 ubi
441 1127 623 1173 geminum
647 1126 810 1160 codicem
833 1124 1034 1161 adhibebat
1049 1151 1060 1167 ‚
1083 1131 1120 1160 et
1142 1125 1283 1160 Schotti
1309 1131 1347 1160 et
1369 1125 1578 1158 Bavaricum
1592 1150 1603 1166 ,

168 1199 313 1244 quoties
337 1196 377 1230 hi
400 1197 497 1230 inter
519 1205 558 1228 se
579 1195 779 1235 variarent,
809 1193 1054 1228 diversitatem
1087 1192 1215 1227 itidem
1250 1192 1291 1225 in
1317 1193 1478 1238 margine
1503 1192 1604 1226 indi-

168 1267 284 1306 cavit,
323 1264 480 1310 praefixa
510 1263 600 1307 sigla
625 1263 676 1297 al.
724 1263 796 1296 Has
820 1263 1014 1295 varietates
1038 1273 1108 1308 mg.
1137 1264 1183 1296 H.
1209 1261 1414 1307 designavi:
1438 1272 1505 1306 pro
1529 1271 1603 1307 quo

166 1344 251 1367 var.
272 1333 315 1366 Η.
345 1314 501 1366 scrihere
525 1335 622 1366 certe
642 1331 902 1377 praestitissem
927 1340 1050 1364 verum
1078 1331 1118 1364 in
1141 1341 1180 1364 re
1204 1335 1277 1364 tam
1299 1330 1373 1364 levi
1406 1329 1604 1374 reprehen-

167 1401 309 1434 sionem
333 1401 393 1433 vix
415 1405 549 1434 metuo.
599 1398 752 1433 Gravius
775 1405 830 1433 est
862 1399 960 1445 quod
984 1398 1181 1445 aliquando
1206 1398 1271 1432 ubi
1293 1398 1457 1444 plagulas
1486 1397 1604 1442 inspi-

150 1479 247 1504 rcere
272 1468 479 1503 domesticis
503 1467 597 1501 curis
621 1466 817 1512 impeditus
841 1467 980 1501 fueram
1004 1479 1072 1513 mg.
1088 1467 1136 1503 H.
1161 1466 1334 1512 ponitur,
1359 1477 1472 1514 quum
1485 1472 1608 1501 tamen

163 1538 372 1572 coniectura
399 1534 620 1581 designanda
644 1540 755 1569 esset:
782 1535 851 1568 hoc
873 1537 911 1570 in
929 1535 1105 1569 addendis
1133 1536 1284 1569 correxi.

259 1605 372 1640 Scrib.
400 1606 549 1646 Bonnae,
567 1609 678 1651 pontr-
703 1603 795 1639 Non.
820 1604 900 1640 Oct.
925 1604 1210 1639 MDCCCXXIX.
