1924 3164
315 145 417 203 160
908 155 1186 203 exeram

117 277 162 313 Δ.
175 275 213 310 C.
230 274 296 320 465
310 271 484 325 γμένους
511 265 570 321 μή
601 266 770 312 δικαίως
795 277 997 318 χρηματα
1028 264 1160 305 αἰτεῖν
1187 266 1286 319 παρ’
1320 242 1475 306 αὐτῶν.
1529 264 1756 322 ἔπρεσβεύκ

153 323 413 413 ΙΑὲῑζξξῇῧσαῑτο
443 334 489 375 δὲ
516 330 632 387 παρὰ
661 332 739 383 μὲν
770 328 1019 383 Βανδηλους
1046 329 1155 386 υπὲρ
1190 330 1356 372 Ἰταλῶν
1390 330 1598 381 Τατιανὸς
1635 335 1680 376 ἐν
1705 333 1758 391 τῇ

274 382 391 443 9των
417 396 647 477 πατρικίων
675 395 772 452 ἀξία
800 394 1146 448 καταλεγόμενος,
1201 392 1318 449 παρὰ
1349 396 1394 457 δὲ
1424 395 1600 451 Πέρσας
1626 402 1754 440 Κων-

302 465 513 516 στάντιος,
547 462 686 516 τρίτον
712 463 791 514 μὲν
820 459 897 515 τήν
925 456 1118 515 ν’παρχον
1146 459 1290 515 λαχών
1320 460 1469 517 ἀρχὴν,
1498 461 1627 518 πρὸς
1618 465 1677 506 δὲ
1706 463 1759 521 τῇ

306 531 485 585 ὖπατικῇ
513 529 608 584 αξία
636 542 708 568 και
737 528 812 581 τῆς
839 525 1155 582 πατρικιότητος
1183 524 1339 580 τυχών.
1744 525 1780 573 5

125 605 165 638 A.
180 604 218 638 C.
232 603 300 646 465
422 594 486 643 ις’.
531 590 626 635 (Ότι
654 591 758 645 μετὰ
789 589 861 633 τὸν
885 590 1128 647 εμπρησμὸν
1156 594 1231 648 τῆς
1258 592 1421 642 πόλεως
1439 593 1512 636 τὸν
1528 591 1600 635 ἐπὶ
1624 595 1762 636 Λέον-

189 650 380 711 Ῑ“(1·3τος
418 655 515 715 ἧκεν
557 657 580 699 ὃ
614 659 655 700 Γ
654 657 819 712 ωβαζης
857 673 937 699 συν
975 655 1184 715 Διονυσίω
1225 658 1269 707 ἐς
1304 656 1378 713 τὴν
1419 658 1760 712 Κωνσταντίνου,

109 740 111 742 ’
158 697 267 730 Leon
279 709 573 783 9Περσικὴν’
555 723 665 779 ε’χων
692 721 841 778 στολήν
869 739 939 764 και
968 724 1027 780 τῶ
1054 724 1238 780 Μηδικω
1269 723 1636 780 δορυφορούμενος
1662 723 1762 781 τρό-

304 808 397 850 πῳ.
455 789 505 833 ὅν
544 789 583 832 οἱ
613 786 730 846 οἷμφί
760 788 814 830 τοὶ
854 788 1051 843 βασίλεια
1092 788 1309 842 δεξάμενοι
1337 787 1538 845 πρότερον
1579 792 1659 843 μὲν
1685 792 1763 832 τοῦ

200 864 236 898 Ρ.
249 862 294 908 44
305 857 589 913 νεωτερισμοῦ
615 855 950 908 κατεμέμψαντο,
979 853 1123 896 ἔπειτα
1146 855 1193 897 δὲ
1223 854 1630 910 φιλοφρονησάμενοι
1651 854 1812 902 εἶπέ-16

303 932 501 976 πεμψαν·
557 917 642 964 εἷλε
667 919 748 976 γὰρ
780 919 934 970 αὐτούς
961 922 1014 977 τῇ
1035 934 1079 962 τε
1106 919 1269 978 θωπείᾳ
1301 922 1385 961 τῶν
1414 919 1574 975 λόγων,
1602 922 1676 963 καί
1703 913 1758 963 wi

303 989 384 1032 τῶν
414 987 685 1045 Χριστιανῶν
712 984 1013 1042 ἐπιφερόμενος
1040 986 1250 1039 σύμβολα.

110 1048 179 1083 ⁰·-A
189 1048 296 1094 C.467
417 1053 483 1104 ιζ’.
530 1049 617 1095 Ὅτι
646 1053 790 1107 Σκίροι
819 1067 890 1092 και
910 1052 952 1092 Γ
950 1047 1071 1093 οτθοι
1098 1052 1158 1100 εἰς
1189 1051 1368 1104 πόλεμον
1395 1050 1663 1101 συνελθόντες
1690 1050 1764 1095 καὶ

127 1095 252 1177 1,θέΞά
254 1097 656 1177 ιῗδιαχωρισθέντες
684 1115 924 1173 ἀμφότεροι
960 1115 1065 1172 πρὸς
1103 1117 1343 1171 συμμάχων
1383 1116 1638 1173 μετάκλησιν
1677 1134 1762 1160 πα-

304 1183 627 1242 ρεσκευάζοντο·
684 1185 730 1225 ἐν
764 1178 826 1232 οἷς
854 1199 925 1224 και
955 1182 1072 1239 παρὰ
1098 1183 1196 1232 τούς
1224 1179 1351 1241 ἓωόυς
1377 1179 1521 1238 ἦλθον.
1581 1185 1653 1226 καί
1681 1179 1814 1232 ''A-15

302 1267 415 1305 σπαρ
446 1252 525 1304 μὲν
554 1249 696 1306 ἡγεῖτο
718 1250 962 1304 μηδετέροις
986 1253 1238 1303 συμμαχεῖν,
1267 1246 1289 1289 ὅ
1317 1250 1363 1291 δὲ
1392 1246 1657 1305 αὐτοκράτωρ
1669 1251 1762 1294 As'-

306 1333 366 1359 ων
399 1312 592 1369 ἐβούλετο
621 1314 787 1370 Σκίροις
814 1314 1066 1370 ἐπικουρεῖν.
1114 1313 1189 1355 καί
1218 1313 1269 1369 δὴ
1300 1314 1529 1370 γράμματα
1558 1313 1663 1371 πρὸς
1689 1313 1761 1357 τὸν

303 1383 350 1425 ἐν
375 1382 594 1437 Ἰλλυριοῖς
625 1377 859 1434 στρατηγὸν
887 1377 1094 1432 ἔπεμπεν,
1150 1377 1439 1434 ἐντελλόμενός
1481 1391 1627 1436 σφισιν
1653 1378 1760 1423 κατὰ

305 1447 390 1489 τῶν
416 1447 589 1488 Γότθων
623 1442 826 1499 βοήθειαν
853 1443 928 1499 τὴν
957 1445 1252 1500 προσήκουσαν
1282 1446 1471 1498 πέμπειν.

111 1516 223 1552 c...AC
229 1515 297 1559 468
418 1512 484 1567 ιη’.
529 1507 617 1553 ‘'On
643 1504 715 1566 ἧκε
742 1508 850 1551 κατὰ
885 1511 1034 1551 τοῦτον
1061 1508 1132 1552 τὸν
1165 1508 1321 1565 χρόνον
1361 1509 1479 1566 παρὰ
1506 1511 1590 1552 τῶν
1614 1510 1815 1566 'Arni-26

122 1562 267 1645 Leole‘l
274 1563 362 1642 ξλα
387 1578 550 1619 παίδων
577 1592 634 1625 ως
662 1574 736 1618 τὸν
762 1577 940 1629 βασιλέα
970 1577 1138 1617 Λέοντα
1179 1574 1397 1631 πρεσβεία,
1426 1574 1501 1625 τὰς
1529 1578 1667 1625 αἰτίας
1698 1579 1758 1618 δι’

268 1641 497 1689 Βαλυουσα
536 1642 610 1698 τῆς
653 1639 978 1696 προϋπαρξάσης
1006 1642 1239 1697 διαφορᾶς,
1292 1657 1362 1682 και
1391 1656 1450 1689 ως
1484 1658 1570 1698 χρη
1599 1640 1757 1691 αυτούς

404 1738 436 1762 2-
461 1726 530 1759 Hic
553 1729 591 1758 et
613 1735 720 1770 supra
745 1736 780 1770 p.
804 1725 867 1770 146
893 1731 931 1759 et
961 1725 1035 1759 158.
1061 1723 1279 1766 Βανδὴλους
1303 1735 1368 1769 pro
1391 1723 1598 1762 Βανδίλους
1620 1726 1761 1771 scripsi,

404 1771 632 1806 constantiae
659 1782 774 1805 causa.
787 1771 830 1804 N.
903 1773 934 1805 3.
951 1769 1324 1812 mendruogVal„
1348 1773 1639 1808 Κωνσταντῒνος
1662 1773 1758 1818 vulg.

413 1820 464 1854 13.
478 1820 618 1864 Σκίροι
644 1817 743 1851 Cant.
758 1816 941 1861 ,Σκύθαι
965 1817 1058 1863 vulg.
1159 1819 1210 1852 15.
1230 1816 1380 1863 ’Λοπαρ
1407 1817 1522 1859 Cant,
1547 1815 1643 1865 ἅπερ
1666 1818 1761 1864 vulg.-

313 1890 355 1922 in
379 1898 417 1920 se
446 1884 671 1930 receperint,
700 1886 850 1918 minime
870 1886 964 1918 iuste
999 1896 1058 1918 eos
1083 1885 1127 1918 ab
1161 1885 1250 1930 ipsis
1283 1885 1475 1929 pecuniam
1507 1890 1642 1930 petere.
1690 1885 1762 1919 Le-

315 1934 497 1981 gationem
535 1931 583 1964 ad
611 1932 795 1966 vandalos
821 1932 980 1976 suscepit
1008 1933 1204 1973 Tatianus,
1241 1933 1451 1976 patriciatus
1485 1932 1661 1976 dignitate
1698 1942 1762 1964 or-

316 1986 443 2015 natus:
481 1978 527 2011 ad
557 1979 678 2012 Persas
714 1990 798 2013 vero
826 1977 1081 2019 Constantius,
1118 1979 1184 2024 qui
1207 1983 1263 2011 ter
1286 1979 1487 2024 praefectus
1511 1979 1595 2014 urbi
1619 1979 1761 2020 suerat,

318 2032 356 2061 et
389 2025 437 2059 ad
471 2025 676 2059 consulatus
704 2024 992 2070 patriciatusque
1018 2024 1194 2059 honorem
1218 2030 1371 2059 evectus.

415 2074 467 2107 16.
515 2073 598 2105 Post
623 2071 832 2105 incendium
859 2071 1017 2105 civitatis
1033 2096 1042 2112 ,
1069 2071 1169 2116 quod
1195 2071 1326 2105 accidit
1341 2071 1408 2105 sub
1433 2071 1577 2112 Leone,
1599 2070 1762 2104 Gobazes'

317 2121 420 2155 venit
438 2118 793 2163 Constantinopolim
815 2129 893 2150 cum
920 2117 1115 2161 Dionysio,
1149 2118 1241 2151 stola
1262 2119 1400 2152 Persica
1423 2117 1595 2159 indutus,
1622 2123 1659 2151 et
1681 2117 1762 2151 Me-

321 2167 450 2200 dorum
498 2167 538 2198 in
574 2175 710 2198 morem
749 2164 969 2198 satellitibus
1001 2165 1164 2209 stipatus.
1215 2164 1320 2197 Hunc
1363 2164 1565 2210 Imperator
1597 2164 1761 2209 excepit,

322 2217 360 2246 et
397 2213 551 2257 primum
585 2211 732 2257 quidem
759 2212 806 2244 ob
827 2221 1000 2244 novarum
1021 2221 1139 2244 rerum
1163 2211 1321 2245 studium
1338 2211 1577 2256 vituperavit,
1627 2209 1762 2244 deinde

325 2261 474 2292 comiter
493 2269 574 2292 eum
594 2259 779 2302 amplexus
799 2258 946 2291 dimisit.
996 2257 1155 2291 Gobazes
1179 2259 1275 2292 enim
1302 2256 1589 2291 Christianorum
1613 2257 1764 2301 symbo-

323 2305 362 2338 la
395 2310 601 2345 ostentans,
627 2303 762 2337 blanda
791 2305 952 2338 oratione
983 2316 1065 2338 eum
1083 2304 1189 2349 cepit.

395 2368 397 2371 .
423 2363 473 2395 ¹7·
522 2351 616 2384 Sciri
641 2355 678 2384 et
701 2350 815 2385 Gothi
841 2351 916 2384 acie
944 2350 1190 2392 decertantes,
1225 2355 1262 2383 et
1285 2361 1305 2382 a
1328 2360 1447 2394 pugna
1481 2350 1627 2394 utrique
1661 2359 1763 2383 recca

326 2397 475 2438 dentes,
498 2396 543 2429 ad
570 2397 783 2431 accersenda
812 2397 948 2431 auxilia
982 2399 1140 2431 animum
1168 2396 1384 2430 adiecerunt.
1436 2395 1518 2440 Qua
1547 2396 1592 2428 de
1621 2407 1659 2429 re
1689 2397 1763 2429 Ro-

325 2454 451 2478 manos
489 2444 695 2477 orientales
733 2444 911 2478 adierunt.
959 2445 1071 2489 Aspar
1110 2443 1257 2490 quidem
1295 2443 1459 2483 censuit,
1507 2443 1646 2475 neutris
1677 2442 1761 2487 opi-

325 2489 516 2525 tulandum
537 2500 623 2522 esse.
671 2486 742 2524 Sed
771 2491 971 2535 Imperator
994 2492 1066 2524 Leo
1091 2491 1218 2524 statuit
1256 2489 1364 2523 Sciris
1405 2500 1509 2534 opem
1534 2488 1638 2527 ferre.
1667 2489 1762 2521 Ita-

329 2548 400 2583 que
426 2537 564 2569 litteras
591 2536 636 2569 ad
664 2538 886 2581 praefectum
921 2537 1058 2582 lllyrici
1084 2538 1208 2577 misit,
1253 2536 1432 2581 iussitque
1465 2535 1586 2582 quoad
1615 2540 1762 2569 necesse*

329 2588 445 2624 esset,
470 2581 660 2615 auxiliares
680 2584 801 2627 copias
817 2584 926 2618 Sciris
950 2585 1117 2619 adversus
1137 2582 1275 2616 Gothos
1299 2583 1484 2628 praebere.

388 2654 390 2656 ψ
425 2632 476 2664 8.
524 2627 658 2661 Eodem
686 2635 850 2674 tempore
876 2631 987 2666 venit
1013 2635 1051 2664 et
1079 2629 1124 2663 ad
1156 2630 1314 2663 Leonem
1345 2629 1602 2673 Imperatorem
1624 2628 1760 2673 legatio

328 2689 350 2710 a
367 2675 452 2708 filiis
470 2674 626 2716 Attilae,
646 2680 687 2708 ut
715 2677 883 2710 omnibus
910 2677 1056 2711 omnino
1077 2676 1355 2722 praeteritorum
1385 2674 1616 2709 dissidiorum
1644 2675 1760 2708 causis

329 2722 495 2757 resecatis
510 2746 521 2764 ,
542 2731 667 2767 pacem
688 2722 844 2764 inirent,
867 2728 904 2757 et
924 2725 1021 2760 inter
1037 2732 1094 2764 se,
1118 2728 1158 2757 ut
1178 2722 1264 2758 olim
1284 2727 1360 2757 erat
1391 2723 1431 2756 in
1456 2732 1556 2758 more
1579 2721 1757 2768 positum,

1914 179 1924 412 13..·s›.2.=..=.4...—....2.
1918 139 1924 167 .,-
1922 110 1924 114 .
1920 81 1924 98 1.
1914 34 1924 62 ..ι
1916 0 1924 22 ,ι

1918 513 1924 557 ,m
1915 455 1924 507 .4Αἶ
1912 415 1924 448 ὁμῇ
