1924 3164
342 171 360 205 1
372 169 407 223 9
415 152 448 217 4
916 162 1196 205 EXCERPTA

148 275 321 320 A.C.448
334 268 408 312 τόν
435 270 480 310 δὲ
508 267 580 310 &nl
603 272 696 315 ταῖς
723 262 857 313 δίκαις
887 263 1143 320 μακρότερον
1161 297 1173 317 ,
1218 259 1269 306 ὃν
1297 261 1405 306 οὕτω
1431 264 1573 320 τύχοι,
1599 265 1771 321 χρόνον,

141 322 408 402 Τὴεέῗιᾱ·ἱ“τῆς
433 336 510 377 τοῦ
540 333 704 374 δικαίου
733 331 930 383 προνοίας
957 330 1147 384 γίνεσθαι
1173 328 1324 385 χάριν,
1363 327 1472 371 ὥστε
1507 329 1567 386 μὴ
1598 331 1772 386 σχεδιά-

271 394 473 453 ὀζοντας
499 396 595 446 τούς
624 393 824 444 δικαστὰς
850 397 925 449 τῆς
952 391 1165 450 ἀκριβείας
1194 398 1453 452 διαμαρτεῖν,
1481 398 1771 450 λογιζομένους

334 463 505 519 όίμεινον
543 459 652 504 εἶναι
697 458 776 516 ὄψὲ
812 461 943 516 πέρας
971 461 1218 516 ἐπιτεθῆναι
1246 460 1364 517 δίκῃ,
1400 457 1429 516 ἢ
1456 461 1772 512 ἐσπουδακότας

331 530 389 585 μὴ
419 527 549 583 μόνον
578 522 802 583 ἄνθρωπον
830 523 1000 579 ἇδικεῖν,
1030 526 1136 568 ἀλλὰ
1165 529 1224 577 εἰς
1253 525 1327 568 τὸν
1356 527 1431 570 τοῦ
1459 527 1622 569 δικαίου
1651 527 1799 583 εὗρε-5

330 595 407 650 τὴν
435 592 536 638 θεὸν
563 597 830 649 πλημμελεῖν.
885 594 1049 651 κεῖσθαι
1081 593 1126 634 δὲ
1153 591 1249 642 τούς
1275 592 1433 646 νόμους
1460 590 1566 634 κατά
1592 589 1770 645 πάντων,

331 658 435 701 ιδ’στε
467 655 613 707 αὐτοῖς
640 660 715 699 καί
739 659 917 712 βασιλέα
946 658 1201 711 πείθεσθαι,
1242 657 1315 699 καί
1356 654 1436 712 οὐχ
1477 657 1535 706 ὦς
1560 659 1613 714 τῇ
1641 658 1773 699 αὐτοῦ

330 725 463 766 ἔνεστι
492 722 742 781 κατηγορίᾳ,
788 719 849 764 ὅτι
876 738 922 776 γε
952 722 1002 778 δὴ
1035 722 1074 763 οἱ
1103 717 1273 778 εῧποροι
1301 722 1401 772 τούς
1437 724 1615 778 πένητας
1657 720 1773 764 ἆκιν-

331 791 465 839 δόνως
491 789 716 843 βιάζοιντο,
746 789 786 831 εἷ
812 786 870 843 μή
897 804 942 842 γε
971 786 1186 829 διαλαθών
1215 806 1279 838 τις
1311 789 1439 844 φύγοι
1468 787 1543 844 τήν
1571 791 1699 844 δίκην.
1729 784 1773 830 ὅ-

329 872 403 911 περ
436 856 511 896 ου’κ
539 853 710 895 ἐπὶτῶν
738 854 962 906 πλουσίων,
991 851 1098 894 ἀλλὰ
1137 852 1211 894 καί
1236 852 1420 907 πενήτων
1457 851 1575 910 εὕροι
1601 871 1666 904 τις
1694 849 1829 895 όίνἸο

326 920 663 975 πλημμελοῦντες
695 917 776 974 γάρ
808 918 908 959 ου’δὲ
937 917 1060 959 αὐτοὶ
1085 917 1239 977 ἀπορία
1276 919 1458 973 ἐλέγχων
1500 921 1610 962 δοῖεν
1642 921 1772 968 δίκας.

288 985 405 1026 Dama*
428 987 548 1026 τοῦτο
579 981 694 1039 παρὰ
724 985 852 1036 πᾶσι,
893 984 966 1024 καί
993 984 1045 1024 ου’
1078 982 1194 1038 παρὰ
1239 978 1466 1037 Ῥωμαίοις
1497 983 1626 1038 μόνον
1661 1000 1772 1037 συμ-

326 1048 472 1105 βαῖνόν
502 1052 603 1092 ἐστι.
629 1046 760 1105 χάριν
788 1050 835 1091 δὲ
869 1049 1081 1103 ὁμολογεῖν
1107 1050 1160 1105 τῇ
1187 1047 1294 1106 τύχῃ
1323 1051 1395 1091 ἐπὶ
1417 1050 1468 1106 τῇ
1495 1046 1610 1106 αὐτῷ
1633 1049 1772 1106 ὕπαρ-

326 1115 429 1172 ξάσῃ
461 1114 704 1171 ἐλευθερίᾳ,
755 1115 831 1155 καί
865 1112 924 1168 μὴ
954 1115 1010 1170 τῷ
1049 1112 1121 1156 ἐπὶ
1147 1112 1329 1167 πόλεμον
1359 1114 1543 1168 ἐξάγοντι
1571 1115 1772 1172 δεσπότῃ,

326 1178 433 1222 ὥστε
463 1178 588 1222 αὐτὸν
622 1180 678 1220 δι’
709 1179 903 1235 ἀπειρίαν
932 1174 959 1233 ἢ
986 1176 1070 1220 ὑπὸ
1097 1181 1180 1220 τῶν
1207 1180 1415 1231 πολεμίων
1435 1179 1724 1235 ἀναιρεθῆναι,
1744 1175 1825 1234 ἢι5

326 1244 538 1302 φεύγοντα
571 1243 655 1286 ὑπὸ
686 1246 763 1286 τοῦ
790 1245 1050 1299 κτησαμένου
1079 1241 1343 1294 κολάζεσθαι.
1400 1239 1571 1298 ἄμεινον
1615 1246 1662 1286 δὲ
1698 1243 1774 1289 καὶ

323 1317 407 1360 τοῖς
447 1311 625 1358 οἰκέταις
670 1311 908 1351 διατελοῦσι
946 1308 1147 1362 Ῥωμαῖοι
1181 1308 1419 1365 χρώμενοι.
1474 1311 1664 1366 πατέρων
1690 1309 1771 1366 γὰρ

323 1371 352 1430 ἢ
382 1373 647 1416 διδασκάλων
675 1375 719 1423 ἐς
741 1370 898 1423 αὐτούς
923 1372 1025 1430 ἔργα
1053 1372 1372 1427 ἐπιδεικνύντες,
1402 1376 1469 1431 ἐφ’
1490 1369 1526 1432 ᾤ’
1550 1376 1634 1416 τῶν
1659 1372 1772 1431 φαύ-

324 1445 409 1482 λων
437 1441 727 1494 ἀπεχομένους
751 1442 939 1493 μετιέναι
971 1437 1078 1495 ἅπερ
1113 1436 1258 1487 αὐτοῖς
1283 1438 1389 1480 καλά
1412 1438 1666 1493 νενόμισται,
1688 1455 1772 1482 σω-

326 1505 576 1561 φρονίζουσι
603 1507 717 1562 σφᾶς
749 1504 821 1546 ἐπὶ
842 1511 926 1555 τοῖς
952 1504 1257 1559 ἁμαρτήμασιν,
1289 1501 1425 1559 ὥσπερ
1466 1504 1564 1554 τους
1593 1505 1824 1554 οἰκείουςῖο

222 1580 263 1615 V.
279 1572 495 1624 4271ac'd‘ag.
554 1570 604 1611 οὔ
642 1568 693 1626 δὴ
732 1568 808 1626 γὰρ
847 1570 947 1612 οὐδὲ
987 1567 1129 1618 αὐτοῖς
1157 1566 1524 1626 θάνατον,-ὦ’σπερ
1555 1572 1768 1624 Σκύθαις,

418 1672 451 1708 5,
476 1668 545 1705 τὸν
568 1682 637 1704 om.
661 1670 755 1715 vulg.
876 1682 906 1715 7.
933 1671 983 1707 ὥς
1005 1670 1105 1712 vat,
1131 1669 1153 1704 δ’
1178 1671 1236 1712 Β.,
1275 1668 1314 1707 ὃς
1333 1671 1426 1716 vulg.
1546 1672 1596 1705 18.
1622 1669 1770 1704 ἐπιδει-

418 1717 568 1755 κνύντες
600 1717 667 1759 CL,
690 1716 971 1753 ἐπιδείκνυνται
995 1717 1088 1762 vulg.

322 1817 386 1846 tet.
437 1812 546 1856 Quod
581 1812 626 1844 ad
660 1811 807 1856 longum
841 1815 983 1856 tempus
1009 1812 1157 1850 attinet,
1182 1811 1280 1857 quod
1306 1811 1344 1844 in
1369 1810 1497 1844 litibus
1523 1811 1768 1851 consumitur,

323 1860 351 1891 si
373 1858 518 1903 quando
545 1858 584 1891 id
610 1859 743 1898 evenit,
767 1857 806 1890 id
831 1858 920 1890 iuris
950 1857 1201 1901 providentius
1228 1857 1374 1891 dicendi
1399 1858 1511 1902 gratia
1539 1859 1590 1898 fit,
1602 1868 1648 1890 ne
1669 1856 1769 1902 judi-

323 1916 380 1938 ces
406 1909 641 1950 properantes
666 1903 712 1934 ab
739 1909 903 1937 accurata
926 1904 1113 1937 iudicandi
1134 1905 1274 1938 ratione
1299 1903 1477 1937 aberrent.
1508 1904 1567 1936 Sic
1588 1904 1685 1936 enim
1709 1904 1768 1935 iu-

324 1951 448 1984 dicant
470 1951 599 1984 melius
626 1961 726 1991 esse,
759 1949 898 1983 tardius
938 1950 1046 1983 finem
1073 1949 1202 1983 litibus
1226 1950 1432 1995 imponere,
1457 1961 1566 1995 quam
1590 1949 1767 1982 festinan-

323 2004 378 2031 tes
416 2009 489 2030 non
529 1996 646 2029 solum
670 1997 837 2042 iniquum
877 1997 932 2029 ius
966 1998 1005 2030 in
1032 1996 1218 2030 hominem
1243 2002 1422 2037 statuere,
1446 2006 1569 2029 verum
1593 1995 1701 2028 etiam
1725 1996 1766 2028 in

324 2045 445 2085 deum,
470 2043 632 2076 iustitiae
657 2044 894 2083 inventorem,
919 2053 1078 2087 peccare.
1127 2043 1239 2088 Leges
1270 2047 1390 2076 autem
1414 2043 1453 2081 in
1478 2051 1599 2074 omnen
1624 2041 1765 2085 positae

322 2096 429 2130 sunt,
455 2094 495 2122 ut
519 2089 593 2122 illis
621 2089 731 2123 etiam
756 2089 834 2135 ipse
859 2091 1056 2134 Imperator
1078 2095 1214 2134 pareat.
1263 2089 1411 2133 Neque,
1435 2087 1475 2120 id
1498 2087 1596 2133 quod
1620 2092 1682 2120 tua
1707 2098 1768 2120 ac-

325 2137 510 2169 cusatione
549 2136 775 2175 continetur,
821 2136 1045 2179 potentiores
1082 2136 1112 2169 si
1150 2134 1378 2178 tenuioribus
1414 2134 1486 2167 vim
1519 2133 1698 2174 inferant,
1724 2132 1765 2166 id

322 2183 397 2215 inis
426 2187 480 2215 est
506 2183 677 2226 impune,
701 2182 772 2214 nisi
798 2182 879 2227 quis
904 2181 999 2215 forte
1034 2183 1150 2215 latens
1180 2192 1336 2226 poenam
1361 2180 1541 2225 effugerit3
1568 2179 1666 2225 quod
1688 2191 1763 2214 non

322 2228 437 2261 solum
464 2228 661 2268 divitibus,
687 2227 750 2260 sed
786 2229 895 2261 etiam
920 2227 1092 2273 inopibus
1126 2228 1342 2277 plerumque
1366 2238 1432 2261 usu
1456 2228 1578 2260 venit:
1609 2236 1691 2258 nam
1722 2226 1763 2260 hi

323 2285 493 2319 quoque,
529 2275 558 2307 si
600 2279 808 2319 argumenta
841 2274 1034 2316 deficiunt,
1071 2281 1300 2320 peccatorum
1337 2283 1470 2318 poenas
1507 2283 1582 2306 non
1605 2272 1762 2306 solvunt.

323 2319 433 2364 Quod
456 2330 529 2352 non
555 2321 671 2353 solum
695 2320 793 2365 apud
817 2321 1014 2362 Romanos,
1052 2320 1116 2359 sed
1140 2322 1248 2358 etiam
1273 2319 1410 2365 ubique
1433 2320 1593 2363 gentium
1617 2318 1762 2354 accidit.

323 2367 484 2400 Gratiam
508 2376 591 2398 vero
616 2367 806 2410 plurimam
831 2368 950 2412 ipsum
974 2378 1038 2411 pro
1059 2373 1202 2414 recepta
1227 2366 1395 2400 libertate
1420 2365 1587 2398 fortunae
1614 2364 1761 2407 debere,

322 2422 442 2458 :neque
481 2422 558 2445 eam
594 2412 739 2446 domino
778 2419 961 2458 acceptam
993 2413 1137 2447 referre.
1195 2414 1285 2447 Cum
1317 2412 1413 2444 enim
1450 2411 1595 2444 eumin
1620 2410 1760 2445 bellum

324 2458 513 2498 eduxerit,
539 2460 699 2502 potuisse
714 2459 758 2492 ab
794 2459 961 2493 hostibus
993 2466 1142 2504 propter
1165 2460 1218 2492 rei
1250 2457 1416 2494 militaris
1449 2457 1668 2502 imperitiam
1699 2467 1760 2491 oo-

324 2505 416 2546 cidi,
440 2510 506 2536 aut
528 2504 557 2536 si
589 2503 760 2547 fugisset,
787 2505 833 2537 ab
860 2517 914 2547 eo,
942 2507 980 2538 in
1017 2507 1117 2539 cuius
1143 2505 1305 2539 dominio
1330 2509 1428 2543 erat,
1452 2504 1589 2547 puniri.
1636 2504 1758 2549 Longe

324 2557 445 2584 autem
487 2550 635 2582 Romani
684 2551 874 2596 benignius
912 2553 1022 2585 servis
1065 2552 1332 2587 consuluerunt.
1393 2549 1535 2583 Patrum
1567 2550 1665 2582 enim
1694 2554 1758 2583 aut

323 2601 596 2642 praeceptorum
621 2597 786 2630 affectum
811 2609 893 2641 erga
930 2609 989 2631 eos
1015 2597 1211 2638 exhibent,
1240 2602 1276 2629 ct
1299 2601 1340 2629 ut
1366 2606 1386 2627 a
1411 2596 1515 2629 malis
1538 2595 1758 2637 abstineant,

327 2648 475 2684 curant,
500 2647 537 2676 et
559 2650 701 2683 eorum‘,
729 2653 822 2688 quae
850 2643 1001 2677 honesta
1026 2645 1179 2684 ducunt,
1203 2642 1398 2687 participes
1424 2642 1591 2676 efficiunt.
1640 2642 1757 2675 Deni-

328 2701 400 2735 que
437 2690 619 2735 corrigunt
659 2699 718 2722 eos
753 2690 793 2723 in
829 2688 905 2732 his,
943 2700 1035 2735 quae
1060 2689 1298 2735 delinquunt,
1323 2689 1416 2722 sicut
1439 2694 1478 2723 et
1500 2699 1583 2723 suos
1608 2688 1755 2723 liberos.
