1838 3210
313 171 472 216 xxxvi
613 170 684 215 DE
721 147 1007 210 Excssnr‘ris
1045 164 1416 208 LEGAnONUM.

314 278 435 324 atque
461 272 500 309 in
519 268 700 319 elencho,
728 269 799 322 qui
821 268 867 306 ei1
885 266 1106 316 subiicitur,
1136 266 1186 305 de
1213 267 1362 306 Seviris
1386 261 1410 305 e
1432 280 1603 320 quorum
1633 268 1744 308 libris

315 336 471 389 eclogas
509 336 574 384 de:
591 334 853 388 legationibus
882 332 1140 371 Hoeschelius
1170 333 1292 372 edidit
1309 362 1319 380 ,
1350 334 1499 371 omittit
1523 334 1747 388 Dexippum

316 409 355 440 et
391 403 633 453 Eunapium.
702 398 859 437 Scilicet
885 412 931 438 ex
970 398 1032 436 his
1059 397 1162 436 nihil
1189 399 1229 436 in
1258 405 1414 436 tomum
1442 398 1669 452 eclogarum
1695 400 1746 440 de

315 465 577 519 legationibus
597 466 870 502 Romanorum
899 463 950 502 ad
979 470 1113 516 gentes
1142 461 1298 502 illatum
1326 470 1424 502 erat.

426 531 499 569 His
529 529 709 581 expositis
736 543 819 567 non
848 542 945 581 opus
983 529 1058 567 erit
1085 528 1267 580 pluribus
1292 527 1424 567 verbis
1451 528 1646 581 probare,
1677 543 1746 583 ge·

317 599 470 636 minum
497 596 613 633 fuisse
633 594 856 648 eclogarum
881 594 929 633 de
957 594 1218 647 legationibus
1236 594 1412 644 titulum,
1440 607 1614 647 quorum
1631 593 1748 645 alter,

317 663 492 702 XXVII.
526 675 547 698 e
583 674 840 698 numerorum
868 660 1032 710 ordine,
1078 661 1229 712 integer
1266 673 1358 697 cum
1398 659 1642 712 praefatione
1679 673 1749 698 ex-

320 735 422 777 stat,
452 726 615 764 alterius
632 726 822 779 praefatio
852 726 986 775 abest,
1016 739 1096 778 qua
1138 726 1279 764 amissa
1309 726 1391 763 eius
1419 739 1608 773 num-erus
1637 725 1750 777 igno-

319 800 430 830 ratur
452 806 463 841 3
510 806 629 845 quem
655 799 788 830 tamen
816 798 886 829 aut
911 791 1062 829 XXVI.
1091 797 1161 829 aut
1185 791 1380 829 XXVIII.
1412 790 1531 829 fuisse
1561 791 1664 828 ratio
1690 790 1748 829 rei

320 858 447 910 cogit:
479 857 665 910 denique,
694 871 796 910 quae
821 871 866 895 ex
893 863 1064 909 utroque
1087 863 1300 908 supersunt
1320 857 1362 893 in
1381 853 1597 894 Schottano
1615 855 1752 897 codice

319 924 532 962 coniuncta
552 924 754 961 exstitisse.
797 922 882 960 Iam
901 935 997 960 vero
1026 922 1262 974 perspicitur
1288 935 1366 974 qua
1393 924 1546 961 ratione
1573 922 1750 961 evenerit

319 995 366 1026 ut
384 990 502 1026 etiam
522 990 562 1026 in
579 986 1025 1040 Polybianis-plurimae
1045 986 1201 1038 eclogae
1218 1000 1262 1024 ex
1291 999 1427 1024 earum
1455 1001 1622 1026 numero
1650 1002 1750 1040 quas

319 1052 492 1092 Ursinus
521 1052 644 1091 edidit
671 1066 695 1090 a
716 1052 905 1091 Bavarico
939 1051 1069 1090 absint
1089 1052 1162 1102 ⁵⁷):
1193 1052 1327 1106 agitur
1350 1054 1456 1090 enim
1483 1052 1539 1092 ibi
1567 1053 1618 1091 de
1645 1051 1753 1107 lega-

320 1119 496 1157 tionibus
523 1133 622 1171 quas
651 1118 821 1157 Romani
857 1110 1068 1155 miserant:
1101 1117 1309 1169 idemque,
1350 1118 1383 1156 si
1416 1119 1505 1170 quis
1532 1118 1582 1156 de
1609 1118 1752 1157 Dionis

322 1183 577 1237 Appianique
596 1184 738 1236 eclogis
757 1190 935 1235 quaeret,
953 1182 1130 1221 inveniat
1145 1196 1302 1237 necesse
1322 1190 1391 1223 est.
1425 1184 1563 1238 Itaque
1580 1197 1602 1221 a
1616 1197 1753 1236 repre-

322 1248 512 1288 hensione
540 1248 733 1287 liberatur
761 1262 937 1287 summus
954 1247 1214 1286 Casaubonus
1231 1276 1242 1297 ,
1270 1249 1356 1300 qui,
1384 1263 1507 1301 quum
1536 1250 1578 1287 in
1606 1248 1752 1288 biblio-

321 1314 438 1353 theca
463 1314 622 1353 Thuani
648 1314 823 1366 primum
865 1313 1008 1351 harum
1036 1312 1260 1365 eclogarum
1289 1320 1445 1352 tomum
1472 1321 1622 1353 exstare
1655 1314 1753 1354 scri-

322 1379 466 1435 beret,
505 1394 585 1432 quo
613 1387 745 1417 tamen
773 1393 910 1417 earum
938 1392 1039 1431 quae
1068 1392 1089 1416 e
1123 1378 1292 1432 Polybio
1316 1381 1462 1431 petitae
1492 1380 1570 1420 sint
1595 1380 1755 1419 nonnisi

322 1435 427 1498 pars*
442 1439 711 1484 contineretur
721 1446 790 1495 ⁵8),
806 1445 968 1482 minime
989 1442 1162 1482 errabat.
1221 1443 1282 1483 Ac
1299 1444 1382 1482 fieri
1410 1451 1540 1497 potest
1565 1431 1611 1483 u't
1627 1443 1754 1498 quum

325 1510 392 1549 alii
421 1511 703 1567 ,Theodosium
743 1506 814 1549 τὸν
850 1505 1026 1560 μικρὸν,
1061 1509 1235 1548 Ursinus
1270 1516 1402 1547 autem
1431 1511 1621 1549 Ioannem
1647 1510 1755 1549 Con-

324 1564 725 1628 stantinopolitanum
743 1606 753 1626 ,
785 1576 887 1614 hanc
916 1574 1189 1613 collectionem
1217 1576 1472 1615 concinnasse
1501 1575 1754 1626 tradiderint,

324 1633 431 1680 illius*
459 1633 587 1680 labori
612 1638 830 1694 legationes
857 1640 1162 1690 ad-Romanos,
1191 1639 1310 1679 huius
1337 1641 1476 1679 titulus
1504 1641 1682 1680 XXVII.
1712 1640 1756 1680 in

325 1707 528 1763 codicibus
558 1692 741 1745 *tributus
772 1707 837 1745 sit.
894 1707 1048 1745 Vereor
1094 1713 1227 1744 tamen
1265 1720 1315 1744 ne
1342 1706 1392 1745 de
1432 1706 1658 1745 Theodosio
1686 1705 1755 1746 illo

325 1785 437 1810 error
465 1773 516 1810 sit
539 1801 551 1822 ,
580 1786 704 1824 quum
729 1766 952 1817 Θεοδόσιος
979 1767 1001 1808 ὅ
1016 1766 1166 1823 μικρὸς
1201 1772 1363 1810 Graecis
1378 1771 1603 1825 Byzantinis
1621 1771 1755 1811 Theo-

323 1837 481 1876 dosium
511 1838 710 1876 Minorem
737 1837 1021 1889 Imperatorem
1050 1836 1254 1888 significet.

433 1903 495 1941 Ut
523 1903 651 1941 omnis
680 1903 722 1940 in
749 1909 953 1955 posterum
978 1901 1138 1940 errandi
1165 1902 1317 1940 occasio
1333 1901 1512 1952 tollatur,
1542 1909 1756 1956 utramque

323 1967 597 2022 collectionem
613 1998 624 2018 ,
654 1982 726 2020 per
751 1967 925 2020 singulos
958 1974 1138 2005 auctores
1166 1964 1360 2017 divisam,
1387 1981 1459 2006 suo
1492 1967 1680 2020 inscripto
1701 1968 1755 2007 ti-

322 2032 409 2071 tulo
431 2063 441 2081 ,
474 2030 656 2071 distinxi:
689 2032 796 2072 velut
823 2047 864 2085 p.
893 2023 981 2070 121.
1014 2039 1052 2070 et
1086 2032 1194 2081 155„
1229 2032 1327 2085 ¹39·.
1351 2038 1390 2070 et
1426 2030 1514 2071 166.

434 2099 574 2150 Itaque
601 2112 682 2136 non
710 2105 790 2136 tres
810 2128 820 2146 ‚
853 2097 921 2136 sed
961 2103 1133 2149 quatuor
1164 2110 1186 2134 6
1221 2095 1470 2135 collectaneis
1505 2096 1754 2138 Constantini

322 2161 659 2215 Porphyrogeniti
681 2163 871 2201 habemus
889 2162 1024 2200 titulos
1037 2191 1048 2211 ,
1068 2167 1276 2213 postquam
1304 2160 1363 2199 ill.
1378 2161 1509 2200 Maius
1523 2191 1535 2212 ,
1562 2163 1604 2200 in
1624 2160 1755 2200 lucem

322 2226 479 2279 prolata
512 2228 681 2266 maxima
714 2228 821 2266 tituli
850 2228 900 2266 de
931 2227 1131 2266 sententiis
1164 2233 1300 2278 parte,
1346 2226 1639 2266 immortalibus
1671 2228 1753 2267 suis

324 2291 375 2330 de
403 2306 446 2329 re
474 2288 666 2330 litteraria
693 2292 854 2345 publica
882 2293 1032 2331 meritis
1060 2290 1266 2329 cumulum
1292 2290 1452 2330 adiecit.

345 2377 404 2424 57)
427 2378 572 2460 ΕειὶιὲιέὃιΙ
587 2388 774 2411 recensum
795 2379 948 2423 praebet
970 2376 1163 2422 Schweigh.
1186 2375 1275 2411 ibid.
1295 2388 1330 2423 p.
1350 2377 1491 2412 XXVII.
1586 2376 1751 2425 58)1bi‹1.

412 2435 447 2470 p.
573 2449 581 2456 .
