1924 3164
323 137 396 194 80
829 197 831 201 f
901 150 1176 194 EXCERPTA

206 254 460 315 Β.α75γῳδόν
495 271 588 299 τινα
616 254 686 298 διὰ
721 253 798 308 τήν
825 252 1019 307 Νέρωνος
1046 253 1104 301 εἰς
1140 252 1271 294 ταῦτα
1303 254 1544 308 φιλοτιμίαν
1570 251 1769 302 ἐκπεσόνο,
1916 251 1924 311 1

320 340 373 367 τα
398 324 471 378 τῆς
502 321 687 377 Ῥώμης,
733 316 822 360 εἶτα
849 318 1086 359 πλανᾶσθαι
1113 314 1238 369 δόξαν
1265 316 1378 374 αύτῷ
1403 314 1475 358 καί
1497 315 1543 359 τὸ
1570 319 1644 373 τῆς
1669 334 1761 374 φω-
1916 314 1924 379 ξ

325 390 400 444 νῆς
432 388 711 440 πλεονέκτημα
758 381 864 439 πρὸς
904 381 1155 437 ἀνθρώπους
1187 379 1506 438 ἧμιβαρβοίρους
1532 379 1762 424 ἐπιδεικνῦα

321 468 412 506 ναι,
459 451 533 494 καί
566 452 793 504 παρελθεῖν
831 449 891 496 εἷς
929 444 1083 503 ταύτην
1110 446 1292 502 μεγάλην
1333 444 1454 489 πόλιν
1483 448 1556 489 καὶ
1582 444 1761 490 πολυάν-
1917 444 1924 486 ’ἒ

315 521 511 573 θρωπον,
563 505 879 569 συναγεῖραι”τε
911 511 1065 563 αὐτούς
1091 514 1150 562 εἰς
1175 514 1357 568 ’θέατρον
1375 542 1387 553 .
1440 510 1514 553 καὶ
1539 511 1786 558 συνελθόν-5

319 598 400 626 των
437 579 511 635 τήν
545 581 625 633 μὲν
662 577 829 634 πρώτην
855 578 1017 635 ἡμέραν
1045 580 1257 634 σφαλῆναι
1283 579 1355 632 τῆς
1376 577 1628 627 ἐπιδείξεως·
1662 575 1763 619 οὐδὲ

324 647 405 702 γὰρ
460 645 537 700 τήν
586 637 687 697 ὄψιν
725 641 1028 697 ὑπομείναντας
1077 641 1177 692 τούς
1218 641 1399 697 θεατὰς,
1447 638 1517 684 ἅτε
1561 637 1656 696 ἄρτι
1691 640 1766 682 καὶ

322 713 485 768 πρῶτον
523 707 784 766 ἑωρακότας,
824 709 993 766 φεύγειν
1022 710 1300 763 θλιβομένους
1335 706 1434 764 περὶ
1474 705 1666 762 ἀλλήλοις
1692 707 1767 748 καὶ

322 776 622 829 πατουμένους.
677 775 734 823 ὥς
762 775 808 817 δὲ
837 774 862 815 ὅ
891 772 1103 832 τραγῳδὸς
1153 776 1240 832 ἰδία
1267 773 1366 823 τούς
1404 771 1593 828 πρώτους
1621 771 1764 814 αὐτῶν

323 838 548 894 ἀπολαβών
588 839 662 895 τήν
697 855 741 882 τε
779 842 856 882 τοῦ
892 838 1157 896 προσωπείου
1211 838 1341 895 φύσιν
1376 836 1535 880 ἐδείκνυ
1563 836 1637 878 καὶ
1662 834 1816 886 τούςιο

323 905 591 962 ὄκρίβαντας,
629 905 705 961 ὑφ’
734 899 791 947 ὧν
819 904 867 946 τὸ
895 906 1072 959 μέγεθος
1100 904 1158 954 εἰς
1185 899 1294 956 ὕψος
1336 905 1650 960 παρατείνεται,
1693 900 1767 943 καὶ

323 972 568 1022 συνέπειθεν
604 966 734 1020 οὕτως
776 966 1040 1024 ἀνασχέσθαι
1085 970 1159 1011 καί
1192 971 1338 1024 τλῆναι
1384 967 1459 1023 τήν
1500 963 1623 1021 όψιν,
1670 964 1764 1009 τότε

323 1034 545 1091 παρελθών
583 1037 645 1085 εἷς
693 1031 944 1091 ἀνθρώπους
982 1035 1054 1076 καί
1090 1034 1146 1084 ὥς
1181 1032 1304 1087 μόλις
1345 1030 1652 1089 ὑφισταμένους
1686 1029 1764 1087 τήν

323 1103 430 1144 θέαν
456 1099 501 1143 τὸ
529 1103 607 1155 μὲν
633 1104 799 1158 πρῶτον
826 1102 1016 1150 ἐπιεικῶς
1042 1099 1116 1142 καί
1139 1101 1319 1156 μετρίως
1345 1101 1417 1155 τῆς
1440 1099 1580 1155 φωνῆς
1608 1095 1765 1148 αὐτούς

325 1169 513 1222 διέγευσε
544 1168 616 1209 καί
650 1169 724 1209 τοῦ
761 1168 927 1220 μέλους,
971 1169 990 1224 (
1000 1163 1233 1222 Εὐριπίδου
1275 1167 1321 1208 δὲ
1369 1163 1445 1221 τήν
1479 1164 1817 1220 Ἆνδρομέδανιό

324 1233 566 1289 ὑπεκρίνετο
576 1235 609 1289 ,)
668 1231 826 1288 προϊών
872 1235 919 1274 δὲ
966 1230 1247 1288 σφοδρότερον
1283 1225 1441 1286 ἤχησε,
1487 1230 1560 1273 καὶ
1601 1229 1761 1286 ὑφῆκεν

326 1294 475 1351 αὖθις,
503 1294 591 1340 εἶτα
624 1298 830 1353 ἐπήγαγεν
861 1298 1065 1354 ἁρμονίαν
1093 1294 1314 1350 σύντονον,
1352 1298 1424 1339 ἐπὶ
1447 1293 1578 1354 ταύτῃ
1607 1297 1654 1338 δὲ
1680 1293 1766 1338 ’ποί-
1791 1320 1793 1322 -

324 1367 390 1405 λιν
418 1365 477 1413 εἰς
503 1361 576 1419 τήν
602 1367 798 1417 γλυκεῖαν
825 1361 1108 1418 περιήνεγκεν.
1176 1358 1267 1417 αῗρα
1313 1363 1359 1404 δὲ
1396 1358 1449 1417 ἦν
1490 1364 1644 1418 θέρους
1685 1357 1766 1415 δ’,τι

324 1444 402 1484 περ
432 1428 735 1481 ἀκμαιότατον,
785 1427 859 1470 καὶ
885 1426 933 1469 τό
963 1430 1143 1484 θέατρον
1171 1430 1407 1482 κατείχετο.
1462 1426 1535 1469 καὶ
1561 1423 1582 1469 ὃ
1607 1442 1766 1484 τραγῳ-

326 1492 398 1542 δὸς
438 1490 818 1548 ἀναπαυσαμένους
859 1490 975 1549 ἠξίου
1022 1495 1134 1550 σφᾶς
1172 1496 1319 1552 φοιτᾷν
1355 1492 1427 1536 ἐπὶ
1449 1491 1526 1548 τήν
1546 1512 1549 1515 ·
1567 1490 1819 1549 ἅκρόασιναο

324 1558 425 1615 περὶ
458 1557 667 1615 λήγουσαν
706 1558 780 1601 καί
816 1559 1131 1614 ἄποψύχουσαν
1170 1557 1351 1615 ἡμέραν·
1408 1558 1448 1601 οἱ
1483 1561 1530 1601 δὲ
1566 1555 1647 1615 πρὸ
1681 1559 1766 1599 τῶν

325 1625 466 1666 ποδῶν
518 1622 711 1674 πεσόντες
749 1625 822 1666 καί
878 1624 1189 1678 κυλινδούμενοι
1229 1623 1367 1673 πάσας
1405 1624 1586 1680 οἷφίεσαν
1623 1620 1766 1679 φωνὰς

327 1689 487 1745 μήποτε
523 1688 679 1740 αύτούς
707 1691 988 1746 α’ποστερῆσαι
1020 1687 1213 1746 τοιαύτης
1239 1686 1544 1746 μακαριότητος
1574 1687 1647 1736 καὶ
1665 1688 1768 1744 ἡδο-

429 1791 456 1813 ι.
477 1771 544 1821 τὴν
568 1790 636 1813 om.
669 1778 724 1814 ed.
828 1780 1047 1824 4.τοιαύτην
1073 1780 1166 1812 coni.
1191 1780 1243 1820 Β.,
1260 1776 1410 1824 Ταρσὸν
1432 1777 1475 1811 N.
1552 1757 1764 1832 asperim&

424 1824 480 1858 ed.
542 1838 592 1872 19.
620 1825 642 1860 o‘
665 1837 735 1861 om.
765 1825 821 1861 ed.
880 1838 935 1861 20.
963 1825 1280 1872 ἀναπαυσόμενος
1297 1826 1340 1860 Ν.
1412 1837 1465 1860 21.
1491 1834 1589 1871 προς
1613 1823 1668 1858 ed.

329 1915 418 1949 muli
444 1916 579 1950 invidia
602 1916 711 1951 Roma
742 1917 910 1963 pulsum,
941 1928 1053 1964 quum
1078 1918 1113 1951 ei
1148 1916 1369 1962 peregrinari
1399 1916 1570 1950 libuisset
1605 1925 1764 1962 suaeque

330 1963 418 1996 artis
442 1965 699 2006 praestantiam
723 1963 976 1998 semibarbaris
1001 1963 1209 1998 hominibus
1226 1969 1418 2005 ostentare,
1443 1964 1582 1997 venisse
1608 1962 1648 1995 in
1669 1961 1765 1996 hanc

330 2019 492 2052 maguam
519 2016 627 2056 atque
650 2011 781 2044 incolis
807 2010 1114 2044 affluentissimam
1146 2011 1347 2051 civitatem,
1411 2021 1474 2042 uos
1511 2010 1550 2042 in
1580 2008 1764 2043 theatrum

330 2066 414 2088 mox
438 2056 616 2089 invitavit.
665 2056 740 2101 Qui
762 2069 873 2103 quum
897 2058 1159 2097 convenissent,
1181 2056 1295 2102 prima
1318 2021 1464 2102 quidem
1487 2054 1547 2089 die
1571 2055 1666 2090 nihil
1681 2065 1765 2100 age-

332 2112 371 2133 re
397 2102 536 2145 potuit:
562 2113 681 2148 neque
705 2105 801 2136 enim
828 2110 1012 2148 aspectum
1037 2102 1263 2137 sustinebant
1285 2107 1521 2147 spectatores,
1545 2103 1610 2147 qui
1633 2102 1694 2135 vix
1717 2111 1762 2135 eo

330 2148 486 2192 primum
509 2149 607 2189 viso,
640 2150 830 2183 confertim
855 2151 941 2184 ilico
975 2155 1084 2196 atque
1109 2150 1260 2183 invicem
1291 2149 1539 2194 proculcantes
1563 2148 1761 2193 fugiebant-

333 2194 403 2226 Sed
436 2207 544 2240 quum
578 2195 709 2229 deinde
746 2197 936 2242 tragoedus
969 2194 1196 2241 principibus
1232 2206 1354 2228 eorum
1391 2196 1538 2229 seorsim
1569 2194 1762 2239 appellatis

333 2239 587 2276 declaravisset
610 2248 647 2276 et
669 2253 843 2287 personae
866 2249 1030 2277 naturam
1055 2249 1092 2277 et
1114 2242 1255 2287 pulpita
1271 2267 1280 2282 ‚
1315 2240 1447 2286 quibus
1481 2243 1610 2274 actoris
1635 2251 1763 2285 proce-

333 2286 420 2319 ritas
447 2293 698 2333 exaggeratur,
723 2295 832 2334 atque
857 2290 931 2324 illis
956 2290 1204 2335 persuasisset,
1229 2293 1270 2321 ut
1293 2287 1494 2333 spectaculo
1519 2286 1686 2321 adessent
1711 2287 1763 2320 il-

332 2331 470 2377 ludque
495 2335 715 2378 perferrent;
748 2340 826 2368 tum
850 2337 889 2370 in
913 2347 1055 2371 scenam
1078 2335 1225 2381 publice
1257 2346 1437 2379 egressus,
1470 2334 1650 2378 principio
1674 2333 1761 2379 qui-

335 2377 417 2412 dem
453 2380 585 2413 leniter
625 2393 666 2414 ac
699 2382 883 2416 moderate
920 2389 1061 2428 gustum
1098 2392 1183 2415 suae
1215 2382 1310 2414 vocis
1344 2386 1466 2419 cantus
1495 2391 1539 2413 ue
1574 2379 1760 2425 praebuit,

335 2430 446 2470 atque
470 2426 652 2470 Euripidis
676 2427 938 2463 Andromedam
963 2430 1057 2474 egit:
1081 2439 1166 2462 mox
1206 2437 1397 2472 augescens
1429 2437 1471 2460 ve
1500 2426 1677 2460 ementius
1701 2424 1761 2460 in-

337 2471 460 2504 sonuit
499 2483 697 2519 vocemque
732 2476 853 2508 statim
877 2476 1065 2518 submisit3
1097 2474 1229 2508 deinde
1258 2474 1386 2508 intulit
1407 2473 1656 2515 vehementem
1679 2470 1763 2506 har-

337 2518 516 2559 moniam,
554 2530 660 2564 quam
683 2532 802 2554 rursus
835 2523 875 2555 in
897 2533 1041 2557 suavem
1063 2521 1174 2556 flexit.
1221 2520 1307 2554 Erat
1329 2525 1448 2554 autem
1472 2518 1560 2552 hora
1586 2519 1660 2552 diei
1685 2518 1761 2553 fer-

336 2564 563 2604 ventissima,
588 2571 624 2598 et
647 2566 824 2600 theatrum
849 2568 1058 2602 horninibus
1082 2567 1342 2612 constipatum:
1366 2577 1476 2611 quare
1500 2572 1597 2599 actor
1619 2570 1762 2610 specta-

337 2616 433 2644 tores
465 2611 623 2654 rogabat‚
647 2618 688 2645 ut
710 2613 1056 2659 inter-quiescerent,
1093 2620 1202 2659 atque
1235 2612 1281 2645 ad
1305 2611 1523 2646 audiendum
1552 2612 1762 2656 refrigerata

337 2657 411 2690 iam
434 2662 471 2691 et
494 2656 681 2692 desinente
705 2658 764 2692 die
787 2659 956 2695 redirent.
1005 2662 1063 2694 Illi
1086 2672 1169 2694 vero
1197 2658 1350 2703 pedibus
1377 2658 1454 2692 eius
1478 2658 1654 2699 advoluti,
1675 2657 1760 2691 infi-

282 2743 283 2746 ,
338 2703 405 2737 mis
428 2703 594 2750 precihus
625 2716 709 2740 eum
729 2706 911 2751 rogabant,
935 2719 981 2742 ne
1005 2719 1043 2742 se
1065 2707 1131 2741 tali
1160 2704 1388 2745 beatitudine
1420 2716 1462 2738 ac
1487 2705 1672 2751 voluptate
1695 2702 1761 2746 de-
