1924 3164
748 165 1113 221 FRAGMENTA(
1484 188 1491 197 ·
1564 156 1636 232 37

182 296 267 322 ¹*cae
287 282 500 332 historiae,
524 279 692 320 docente
712 282 809 320 item
823 282 1023 334 Dexippo,
1045 278 1199 319 Graeco
1219 286 1404 330 auctore,
1423 282 1642 331 potuerunt

186 348 426 390 addiscere·
473 348 542 401 qui
570 347 723 386 etiamsi
746 346 952 397 breviter,
976 346 1027 386 ad
1058 346 1179 385 fidem
1194 353 1330 386 tamen
1351 346 1487 385 omnia
1505 359 1641 399 perse-

182 417 309 468 -quuti
338 422 446 455 sunt.
503 413 624 454 Idem
651 413 696 452 in
720 411 956 452 Gordianis
979 425 1074 468 cap.
1107 412 1173 452 ΙΙ.

303 480 431 520 Filius
454 479 672 532 (Gordiani)
708 477 862 532 legatus
896 480 1048 531 patris,
1089 477 1268 531 exemplo
1302 478 1561 531 Scipionum,
1591 480 1686 517 utR
1701 479 1767 524 342

193 545 399 598 Dexippus
419 546 594 584 Graecae
623 543 814 582 historiae
855 543 995 583 auctor
1029 548 1089 583 est
1109 573 1122 596 ,
1166 543 1287 598 gladii
1326 549 1522 597 potestate
1549 557 1638 582 suc-

193 613 346 652 cinctus
377 618 452 651 est.
509 609 630 650 Idem
655 608 811 650 ibidem
836 623 935 663 cap.
963 609 1040 652 IX.
1075 609 1079 611 ’

301 679 506 730 Dexippus
536 684 676 730 putat,
704 677 789 715 eius
818 675 946 714 filium
971 689 1055 714 esse
1086 676 1337 714 Gordianum
1355 676 1542 726 tertium,
1569 677 1639 728 qui

184 751 282 797 post
315 743 413 782 haec
456 757 549 782 cum
578 741 747 781 Balbino
779 749 819 781 et
842 742 1048 795 Pupieno,
1090 743 1174 781 sive
1207 742 1412 791 Maximo,
1448 741 1640 795 puerulus

193 811 360 865 adeptus
382 808 442 849 est
472 811 702 862 imperium.
760 807 882 847 Idem
909 806 1014 848 ibid.
1040 820 1138 861 cap
1169 795 1288 846 XIX.

301 877 506 929 Dexippus
533 882 760 925 asseverat,
792 888 837 913 ex
863 873 945 912 filio
975 873 1169 912 Gordiani
1191 875 1357 912 tertium
1389 873 1639 913 Gordianum

188 957 272 982 esse
291 950 444 984 natum.
498 940 620 982 Idem
639 940 743 980 ibid.
765 953 862 994 cap.
888 938 1056 978 XXIII.

296 1010 501 1062 Dexippus
545 1015 584 1046 et
626 1005 855 1045 Arabianus
895 1006 1116 1044 Maximum
1159 1012 1199 1044 et
1241 988 1454 1044 Balbinum
1500 1006 1639 1045 dicunt

186 1074 333 1113 electos
372 1081 512 1113 contra
547 1073 809 1111 Maximinum
842 1078 932 1125 post
961 1070 1202 1110 Gordianos.
1270 1069 1392 1111 Idem
1428 1072 1474 1110 in
1511 1072 1637 1114 Max

122 1137 131 1150 ⁵
189 1148 230 1180 et
256 1141 382 1181 Balb.
402 1153 498 1194 cap.
517 1140 553 1179 Ι.

298 1207 503 1258 Dexippus
538 1206 784 1243 Graecorum
811 1183 990 1255 scriptor
1006 1203 1228 1241 Maximum
1261 1210 1300 1241 et
1323 1201 1570 1241 Balbinum
1560 1217 1637 1241 im-

187 1279 391 1326 peratores
422 1271 518 1309 dicit
544 1270 669 1308 factos
697 1276 880 1308 contrai
867 1269 1133 1306 Maximinum
1174 1274 1265 1320 post
1293 1267 1517 1306 Gordianos
1538 1268 1640 1306 duos

186 1345 226 1377 et
264 1352 287 1376 a
324 1338 499 1376 Maximo
538 1335 691 1375 victum
729 1335 992 1373 Maximinum
1007 1363 1020 1385 ,
1059 1347 1143 1372 non
1191 1347 1215 1372 a
1250 1333 1448 1387 Pupieno.
1515 1333 1638 1373 Idem

187 1402 292 1446 ibid.
323 1416 423 1457 cap.
456 1401 554 1441 XV.
1263 1427 1269 1431 -

167 1507 171 1510 ,
293 1468 378 1507 Sub
408 1468 471 1507 his
497 1474 720 1521 pugnatum
747 1474 774 1506 ‘a
813 1468 955 1521 Carpis
983 1473 1125 1506 contra
1152 1466 1312 1504 Moesos
1343 1465 1444 1516 fuit,
1475 1473 1515 1504 et
1538 1465 1637 1519 Scy-

182 1535 279 1575 thici
318 1533 414 1574 belli
457 1535 700 1587 principium
739 1541 795 1582 et⁸
813 1534 988 1572 Histriae
1031 1532 1227 1571 excidium
1281 1546 1329 1571 eo
1356 1539 1563 1584 tempore;
1591 1539 1638 1570 ut

184 1609 318 1640 autem
345 1601 550 1653 Dexippus
577 1600 690 1650 dicit,
718 1599 917 1638 Histricae
939 1599 1127 1638 civitatis.
1183 1598 1388 1651 Dexippus
1423 1597 1638 1636 Balbinum

183 1668 278 1707 satis
314 1666 452 1706 laudat
466 1696 477 1717 ,
529 1673 568 1705 et
606 1665 702 1704 dicit
740 1665 834 1704 forti
878 1666 1012 1703 animo
1040 1663 1235 1702 militibus
1262 1664 1482 1702 occurrisse
1514 1670 1635 1716 atque

182 1733 463 1783 interfectum3
500 1739 547 1770 ut
581 1738 754 1770 mortem
786 1745 869 1769 non
897 1732 1080 1770 timeret:
1124 1743 1244 1782 quem
1271 1730 1314 1767 in
1340 1729 1527 1768 omnibus
1573 1729 1638 1767 di-

183 1799 360 1852 sciplinis
389 1800 628 1837 instructum
649 1797 770 1836 fuisse
798 1797 910 1835 dicit.
967 1797 1234 1835 Maximinum
1258 1809 1355 1835 vero
1369 1802 1489 1849 negat
1530 1795 1636 1834 eius-
1664 1815 1667 1817 ·

185 1865 295 1903 modi
335 1865 469 1903 virum
513 1863 655 1913 fuisse,
684 1861 844 1915 qualem
873 1862 1017 1899 Graeci
1043 1861 1225 1913 plerique
1252 1861 1451 1904 dixerunt.
1508 1859 1637 1898 Addit

181 1937 404 1983 praeterea,
431 1935 572 1968 contra
592 1928 815 1966 Maximum
836 1926 1158 1978 Aquileiensium
1181 1933 1341 1964 tantum
1369 1925 1508 1963 odium
1535 1925 1634 1964 fuis-

181 2010 247 2046 se,
276 2003 322 2035 ut
348 1995 399 2034 de
426 1994 603 2033 crinibus
630 1992 846 2031 mulierum
878 2005 1040 2030 suarum
1062 1991 1235 2030 arcubus
1261 2005 1408 2030 nervos
1435 1992 1633 2040 facerent,

181 2069 302 2114 atque
342 2062 399 2100 ita
430 2062 591 2114 sagittas
628 2059 869 2097 emitterent.
935 2057 1141 2109 Dexippus
1181 2064 1221 2096 et
1250 2056 1502 2096 Herodianus
1519 2087 1531 2108 ‚
1561 2059 1631 2111 qui

181 2127 330 2165 horum
372 2127 599 2179 principum
642 2124 851 2163 historiam
888 2123 1119 2175 persequuti
1164 2127 1278 2173 sunt,
1331 2124 1552 2162 Maximum
1590 2131 1631 2162 et

181 2193 395 2232 Balbinum
423 2193 544 2231 fuisse
571 2192 771 2244 principes
808 2189 947 2228 dicunt
966 2188 1139 2227 delectos
1166 2202 1190 2226 a
1218 2196 1358 2227 senatu
1386 2195 1527 2229 contra
1538 2192 1630 2229 Ma-

181 2260 376 2297 ximinum
403 2265 494 2311 post
519 2259 731 2296 interitum
763 2256 936 2294 duorum
958 2254 1255 2293 Gordianorum
1281 2255 1324 2293 in
1352 2254 1504 2306 Africa,
1533 2271 1627 2295 cum

182 2324 328 2377 quihus
359 2326 478 2363 etiam
505 2337 605 2377 puer
630 2322 775 2393 tertius
803 2320 1033 2360 Gordianus
1066 2319 1215 2359 electus
1242 2327 1316 2359 est.
1373 2319 1496 2361 Idem
1521 2322 1626 2364 ibid.

182 2403 277 2445 cap.
307 2389 430 2429 XVI.

289 2456 418 2495 Docet
431 2456 636 2508 Dexippus
649 2485 662 2507 ‚
702 2455 843 2494 Titum
870 2451 1079 2492 tribunum
1096 2453 1356 2503 Maurorum,
1385 2454 1455 2506 qui
1484 2467 1509 2492 a
1533 2454 1624 2492 Ma-

180 2521 329 2560 ximino
370 2523 475 2560 inter
510 2522 688 2574 privatos
707 2520 869 2559 relictus
894 2519 1024 2558 suerat
1036 2550 1050 2569 ,
1070 2520 1216 2558 timore
1235 2517 1437 2576 violentae
1457 2520 1624 2569 mortis,

180 2592 225 2626 ut
240 2586 307 2624 alii
327 2587 489 2636 dicunt,
519 2589 691 2627 invitum
712 2600 810 2626 vero
831 2592 870 2624 et
884 2599 908 2623 a
925 2584 1118 2623 militibus
1146 2589 1343 2634 coactum,
1370 2589 1417 2623 ut
1441 2584 1625 2637 plerique

180 2657 382 2703 asserunt,
431 2653 648 2706 imperasse
661 2683 673 2702 ,
703 2657 823 2705 atque
855 2650 963 2689 hunc
991 2652 1097 2690 intra
1123 2664 1272 2703 paucos
1300 2650 1384 2689 dies
1412 2654 1504 2703 post
1531 2651 1622 2688 vin-

167 2718 352 2776 ,dicatam
388 2717 648 2758 defectionem
663 2747 675 2769 ‚
704 2731 825 2770 quam
850 2716 1069 2756 consularis
1100 2717 1164 2756 vir
1196 2717 1366 2769 Magnus
1403 2715 1622 2755 Maximino
