1924 3164
636 172 671 212 E
707 169 881 214 musci
920 162 1193 214 msT‘omA.
1526 156 1629 226 ¹97

190 270 395 325 πλούτου,-
424 274 632 315 συνοίσειν
658 273 706 314 δὲ
731 273 975 326 ἐπιμένοντα
1002 275 1054 330 τῇ
1081 273 1222 331 οἰκείᾳ,
1250 268 1337 326 (τὸν
1355 269 1436 327 γὰρ
1456 273 1534 314 τοῦ
1561 274 1628 313 δε·
1639 280 1805 327 Α.0.448

191 337 342 380 σπότου
370 338 681 395 καταπραΰνειν
706 337 871 392 θυμὸν,
900 340 967 395 ἐφ’
997 335 1059 389 οἷς
1087 335 1216 381 αὗτὸν
1244 336 1490 393 ὄργι’ζεσθαι
1516 335 1625 378 κατιὶ
1636 329 1768 408 {al-'d

187 403 415 457 Ῥωμαίων
452 402 703 458 συμβαίνει)
741 398 769 459 ἢ
811 402 930 459 παρὰ
967 406 1080 460 σφᾶς
1115 401 1297 445 ἐλθόντα
1332 405 1447 460 αἰτίᾳ
1473 399 1628 456 ὗπάγε-
1641 385 1742 457 1),ἕὲ
1772 374 1821 418 '4¹

192 473 309 523 σθαι,
337 472 461 525 ἕτερα
489 465 595 525 ἤπερ
632 467 772 526 ἐκείνῳ
810 470 926 510 δοκεῖ
949 467 1300 523 διαπραξάμενον.
1352 470 1487 510 ταῦτα
1516 470 1631 523 εἰρη-

169 534 299 588 5κώς,
337 536 443 589 κάμὲ
481 537 697 578 ποιεῖσθαι
733 532 811 588 τὴν
849 533 956 589 πρὸς
994 534 1119 577 αὐτὸν
1157 533 1414 589 ἡγησάμενος
1454 531 1632 584 ἔντευξιν

191 603 291 656 περὶ
326 595 385 643 ὧν
411 602 700 642 πυνθάνεσθαι
736 596 872 641 αὐτοῦ
904 600 1163 654 βουλόμεθα,
1194 600 1262 656 (οὗ
1290 597 1370 656 γάρ
1399 601 1458 657 τῷ
1486 602 1635 649 Magn-

190 667 310 723 μίνῳ,
339 665 397 715 ὥς
434 667 480 707 ἐν
509 667 604 723 α’ξίᾳ
631 667 830 718 τελοῦντι,
859 664 1041 720 συνεχὴς
1067 665 1273 721 πρόσοδος
1302 661 1353 720 ἦν
1385 662 1630 721 εὖπρεπης,)

192 729 412 787 ἀνεχώρει.
470 730 550 785 ἐγώ
589 732 636 773 δὲ
674 730 731 787 τῇ
758 731 963 789 ὑστεραία
1005 732 1063 780 εἰς
1098 729 1171 773 τὸν
1206 728 1385 786 Ἀττήλα
1414 731 1634 786 περιβολον

192 793 478 852 ἀφικνοῦμαι,
508 798 626 850 δῶρα
653 798 704 852 τῇ
733 792 865 838 αὐτοῦ
893 797 1074 849 κομίζων
1102 799 1278 853 γαμετῇ·
1334 798 1480 852 Κρέκα
1516 797 1562 838 δὲ
1589 791 1636 836 ὅ-

141 876 299 915 ιονομα
329 862 437 918 αὐτῇ
451 895 464 915 ,
492 862 536 912 ἐξ
562 856 614 916 ἧς
640 862 756 920 αῦτῷ
782 863 931 910 παῖδες
956 862 1203 916 ἐγεγόνεσαν
1226 867 1361 918 τρεῖς,
1390 856 1448 904 ὧν
1476 861 1497 902 0‘
1527 877 1627 917 πρε-

191 924 392 983 σβύτερος
419 923 525 983 ἦρχε
552 929 637 970 τῶν
660 927 918 982 Ἀκατζίρων
946 929 1019 969 καί
1043 929 1128 969 τῶν
1165 929 1322 970 λοιπῶν
1349 928 1484 969 ἐθνῶν
1511 930 1665 980 arepto-B

190 994 325 1047 μένων
353 991 430 1048 τήν
466 991 572 1049 πρὸς
607 991 680 1035 τὸν
707 990 874 1045 Πόντον
903 990 1127 1047 Σκυθικήν.
1181 991 1301 1035 ἔνδον
1338 994 1385 1034 δὲ
1415 994 1489 1034 τοῦ
1517 1008 1637 1048 περι-

191 1058 315 1113 βόλον
343 1063 518 1100 πλεῖστα
545 1056 770 1113 ἐτύγχανεν
798 1059 1006 1113 οἰκήματα
1022 1091 1035 1114 ‚
1076 1057 1127 1101 τὰ
1166 1061 1245 1111 μὲν
1286 1060 1333 1101 ἐκ
1363 1059 1543 1101 σανίδων
1570 1060 1638 1113 ἑγ-

192 1123 365 1180 γλύφων
395 1126 468 1165 καί
492 1124 769 1180 ἡρμοσμένων
796 1125 855 1174 εἰς
895 1124 1174 1180 εὐπρέπειαν,
1235 1122 1286 1167 τοὶ
1337 1126 1383 1168 δὲ
1422 1126 1468 1166 ἑκ
1508 1126 1638 1165 δοκῶν

145 1190 516 1245 ιόκεκαθαρμένων
542 1188 616 1231 καί
650 1188 756 1245 πρὸς
782 1187 996 1244 εὐθύτητα
1038 1190 1340 1242 ἐπεξεσμένων,
1381 1190 1640 1244 ἐμβεβλημέ-

194 1272 276 1298 νων
313 1257 360 1297 δὲ
399 1252 536 1306 ξύλοις
570 1256 859 1298 ἀποτελοῦσιν.
915 1254 954 1297 οἱ
991 1257 1038 1297 δὲ
1076 1254 1219 1297 κύκλοι
1255 1257 1302 1296 ἐκ
1341 1257 1420 1297 τοῦ
1450 1254 1639 1309 ἐδάφους

193 1319 417 1378 ἀρχόμενοι
444 1323 488 1371 ἐς
511 1317 623 1374 ὕψος
651 1317 871 1374 ἀνέβαινον
897 1323 1091 1376 μετρίως.
1140 1322 1326 1363 ἐνταῦθα
1354 1322 1430 1375 τῆς
1453 1318 1639 1374 Ἀττήλα

193 1389 516 1442 ἓνδιαιτωμένης
541 1388 734 1442 γαμετῆς,
764 1385 835 1428 διά
874 1388 959 1428 τῶν
986 1385 1093 1441 πρὸς
1118 1388 1170 1444 τῇ
1196 1385 1312 1445 θύρᾳ
1338 1383 1568 1442 βαρβάρων
1596 1385 1639 1428 ἔα

192 1468 322 1507 τύχον
349 1451 538 1507 εἰσόδου,
566 1451 639 1494 καί
665 1450 799 1507 αὐτὴν
826 1451 898 1494 ἐπὶ
933 1450 1178 1507 στρώματος
1212 1454 1410 1505 μαλακοῦ
1447 1454 1639 1507 κειμένην

142 1520 451 1572 αοκατέλαβον,
494 1524 581 1568 τοῖς
623 1509 670 1560 ἐκ
696 1521 771 1573 τῆς
807 1519 930 1574 ἐρέας
967 1522 1164 1567 πιλωτοῖς
1207 1518 1283 1560 τοῦ
1325 1515 1514 1574 ἐδάφους
1550 1532 1646 1558 σκε-

195 1586 394 1638 πομένου,
427 1580 533 1626 ὥστε
559 1585 627 1630 ἐπ’
655 1584 795 1626 αὐτῶν
821 1586 1021 1636 βαδίζειν.
1049 1589 1237 1639 περιεῖπε
1267 1585 1315 1625 δὲ
1343 1582 1479 1639 αὐτὴν
1503 1586 1744 1639 θερα-ν,43

197 1649 360 1692 πόντων
386 1651 545 1705 πλῆθος
572 1648 733 1707 κύκλῳ·
761 1649 834 1692 καί
858 1650 1119 1705 θεράπαιναι
1147 1651 1220 1692 ἐπὶ
1245 1653 1326 1691 τοῦ
1353 1647 1540 1705 ἐδάφους
1569 1649 1682 1698 οἷν-(3

197 1715 316 1773 τικρύ
361 1718 491 1771 αὐτῆς
526 1715 764 1773 καθήμεναι
802 1715 959 1767 ὀθόνας
992 1715 1195 1772 χρώμασι
1224 1717 1523 1769 διεποίκιλλον,
1551 1716 1644 1759 ἐπι-

296 1831 324 1852 ι.
350 1810 562 1874 γὰρ]’παρι“ι
579 1819 740 1859 οοηὶεΒ.,
754 1818 898 1854 sublata
922 1819 1220 1863 interpunctione
1234 1823 1318 1851 ante
1332 1808 1411 1851 τὸν.
1459 1817 1492 1850 3.
1523 1815 1643 1860 ὕποὶγ.

290 1867 350 1906 Β.,
375 1866 476 1910 ἐπαγ
501 1866 592 1910 vulg.
664 1878 697 1910 7.
720 1865 918 1912 εὐπρεπῶς
942 1865 1005 1906 Η.,
1040 1863 1243 1909 εὐπρεπεῖς
1272 1864 1367 1908 vulg.
1443 1863 1494 1906 14.
1521 1861 1646 1896 δοκῶν

294 1912 467 1954 Cantocl„
492 1911 616 1957 λόγων
641 1912 734 1957 vulg.
813 1914 866 1947 16.
889 1910 1016 1951 ξύλοις
1036 1911 1198 1947 κύκλους
1220 1909 1479 1944 ἀποτελοῦσιν
1503 1910 1594 1942 coni.
1605 1910 1644 1942 B.

201 1991 281 2015 rum
305 1980 412 2014 rebus
452 1980 662 2014 adiumento
701 1980 863 2013 futurum
878 2005 888 2019 ,
927 1980 1064 2024 quippe
1088 1978 1154 2024 qui
1177 1978 1317 2012 domini
1341 1978 1432 2010 iram
1458 1977 1645 2022 placaret,

202 2028 392 2074 siquibus
427 2028 467 2062 in
493 2028 600 2061 rebus
626 2028 795 2060 Romanis
829 2028 1066 2066 irasceretur,
1099 2037 1208 2070 quam
1240 2026 1271 2057 si
1305 2023 1351 2057 ad
1384 2035 1446 2058 eos
1470 2024 1645 2057 accedens

202 2075 449 2108 criminationi
474 2085 512 2107 se
537 2074 734 2113 obiiceret,
760 2073 791 2105 si
815 2073 910 2106 forte
945 2071 1035 2116 quid
1081 2077 1206 2104 contra
1241 2082 1350 2116 quam
1371 2071 1507 2104 Attilae
1531 2072 1647 2104 ratio-

201 2121 313 2154 nibus
347 2121 572 2155 commodum
602 2120 788 2154 videretur
834 2119 979 2152 faceret.
1041 2117 1143 2163 Quae
1175 2129 1256 2150 cum
1294 2117 1447 2152 dixisset
1479 2123 1516 2150 et
1548 2117 1645 2151 mihi

201 2168 346 2201 veniam
385 2167 548 2201 dedisset
583 2178 666 2201 eum
692 2166 737 2199 de
767 2166 850 2206 his,
879 2176 974 2210 quae
998 2176 1042 2199 ex
1066 2165 1145 2208 ipso
1175 2163 1383 2208 intelligere
1414 2174 1646 2208 cuperemus,

202 2214 375 2256 adeundi,
396 2214 611 2260 (Maximino
637 2214 733 2247 enim
758 2213 797 2246 in
819 2211 994 2256 dignitate
1019 2211 1216 2244 constituto
1238 2221 1363 2255 parum
1389 2209 1541 2243 decorus
1566 2215 1646 2243 erat

203 2263 399 2295 continuus
432 2259 675 2306 congressus,)
708 2258 808 2292 abiit.
857 2257 1035 2291 Postridie
1071 2257 1118 2290 ad
1150 2257 1279 2290 domus
1308 2257 1442 2290 Attilae
1466 2257 1645 2290 interiora

205 2312 309 2351 septa
340 2320 398 2342 me
435 2308 574 2342 contuli
611 2307 708 2340 dona
738 2305 857 2340 ferens
878 2306 957 2338 eius
994 2305 1115 2345 uxori,
1153 2315 1247 2348 quae
1284 2302 1395 2336 Cerea
1434 2303 1643 2338 vocabatur.

205 2354 260 2386 Ex
293 2367 336 2389 ea
370 2361 443 2389 tres
476 2354 533 2386 illi
564 2353 702 2393 liberi,
744 2362 899 2397 quorum
928 2352 1105 2384 maximus
1139 2355 1229 2383 natu
1253 2349 1324 2383 iam
1356 2354 1435 2383 tum
1461 2350 1646 2384 Acatziro-

206 2411 287 2433 rum
322 2407 360 2436 et
398 2402 620 2445 reliquarum
655 2399 834 2443 gentium,
870 2408 941 2446 qua
975 2396 1123 2441 Scythia
1154 2397 1200 2431 ad
1231 2397 1384 2430 Pontum
1423 2402 1545 2441 patet,
1589 2408 1646 2429 re-

208 2457 316 2490 gnum
355 2448 516 2481 tenebat.
571 2449 670 2480 Intra
707 2446 772 2479 illa
796 2450 897 2489 septa
939 2450 1041 2477 crant
1076 2444 1189 2477 multa
1228 2443 1414 2482 aedificia,
1440 2444 1574 2487 partim
1600 2453 1646 2475 ex

207 2493 342 2528 tabulis
369 2495 518 2539 sculptis
552 2500 589 2527 et
627 2494 808 2539 eleganter
852 2492 1062 2535 compactis,
1093 2491 1224 2535 partim
1258 2501 1303 2523 ex
1335 2489 1501 2523 trabibus
1536 2499 1648 2534 opere

209 2551 301 2585 puro
337 2546 375 2573 et
408 2542 446 2574 in
485 2540 741 2574 rectitudinem
776 2537 909 2571 affabre
943 2537 1100 2578 dolatis,
1135 2537 1175 2569 in
1210 2536 1344 2582 quibus
1375 2536 1473 2581 ligna
1510 2537 1549 2567 in
1576 2537 1650 2567 cir-

211 2587 311 2620 culos
345 2592 486 2621 curvata
527 2588 698 2630 imposita
732 2591 843 2619 erant.
918 2583 1052 2616 circuli
1092 2588 1214 2616 autem
1248 2595 1268 2616 a
1305 2583 1383 2616 solo
1429 2583 1649 2627 incipientes

209 2635 399 2677 paullatim
423 2635 462 2667 in
486 2635 598 2666 altum
612 2631 853 2676 assurgebant.
887 2631 955 2664 nie
978 2629 1315 2663 habitabatAttilae
1339 2641 1441 2670 uxor,
1467 2629 1513 2662 ad
1537 2639 1647 2672 quam

210 2689 232 2712 a
258 2679 440 2720 barbaris,
466 2681 530 2726 qui
555 2680 647 2713 circa
670 2680 797 2712 ianuas
821 2676 1095 2717 erant‚‘nactus
1120 2677 1278 2716 aditum,
1302 2677 1415 2720 ipsam
1441 2674 1648 2719 deprehen-

213 2727 251 2764 di
273 2729 313 2765 in
337 2727 440 2764 moui
462 2727 618 2774 stragula
638 2727 825 2760 iacentem.
872 2725 957 2759 Erat
991 2728 1111 2759 autem
1137 2724 1384 2770 pavimentum
1407 2721 1521 2757 laneis
1544 2725 1647 2769 tape-
