1838 3210
698 191 772 233 DE
811 183 1065 233 EUNAPm.
1506 177 1599 225 'x1x

154 298 247 338 lieet
264 296 496 351 Eunapium
519 296 740 336 continenti
759 296 990 335 narmtione
1016 294 1156 334 decem
1181 306 1397 346 annorum,
1418 295 1489 348 qui
1515 301 1600 334 nie-

154 364 211 403 dii
240 370 334 403 sunt
348 392 360 415 ,
404 363 614 402 historiam
642 362 891 415 exposuisse:
932 361 1032 414 quin
1067 361 1202 414 potius
1241 359 1339 399 illuc
1373 359 1603 414 degressum
1652 369 1666 398 t

151 443 236 469 esse
263 436 426 482 apparet
441 458 454 478 ‚
482 435 529 467 ut
556 421 999 480 referendo'quomodo
1030 426 1177 466 Hierax
1191 456 1204 476 ,
1248 425 1408 465 aemulo
1439 428 1508 480 qui
1534 426 1600 466 vel

149 495 283 548 ipsum
319 494 496 547 nequitia
536 500 743 547 superaret
779 507 853 546 per
893 492 1102 546 Augustae
1137 493 1349 531 avaritiam
1398 493 1570 531 traditus
1584 523 1598 543 ‚

148 574 223 613 pro
251 574 348 599 nece
376 560 584 599 Fravittae
604 573 712 599 seras
739 572 889 612 poenas
902 587 915 608 ‚
946 565 1227 598 verumtamen
1255 571 1404 610 poenas
1423 558 1595 609 dederit,

146 638 190 664 se
218 625 429 664 solaretur.
478 625 647 664 Accedit
669 654 682 675 ‚
722 624 832 678 quod
871 624 1017 663 deinde
1057 624 1109 679 de
1143 622 1362 663 Stilichone
1388 623 1593 678 loquitur,

148 692 220 745 qui
249 691 321 730 diu
349 699 442 730 ante
481 690 719 730 Pulcheriae
745 692 959 744 imperium
988 691 1144 729 occisus
1172 697 1246 729 est.

263 759 402 810 Quum
427 757 629 811 duplicem
651 757 869 797 editionem
885 756 1075 795 historiae
1091 756 1260 795 Photius
1277 732 1457 809 vidisset,
1489 758 1596 797 Con-

146 824 412 863 stantinianae
427 822 600 876 eclogae,
615 830 662 862 ut
677 824 885 877 inscriptio
905 823 1037 873 docet,
1057 836 1080 861 e
1097 822 1270 861 secunda
1287 831 1468 876 sumptae
1485 832 1593 875 sunt,

147 890 227 928 ubi·
247 889 327 929 loci
353 888 546 942 plurimi,
575 891 619 928 in
647 889 795 943 quibus
823 890 994 942 scriptor
1019 888 1162 927 rabido
1191 889 1382 929 adversus
1403 890 1595 930 Christia-

146 969 223 995 nos
249 956 343 994 odio
371 954 562 994 effrenate
587 955 824 1002 indulserat,
856 955 911 994 ita
937 955 1054 993 recisi
1081 961 1233 1005 essent,
1260 962 1321 1003 ut,
1352 955 1502 995 Photio
1530 959 1594 996 iu-

147 1021 236 1060 dice
253 1051 265 1072 ,
296 1021 453 1060 hiantes
478 1020 647 1060 lacunae
666 1028 905 1074 apparerent
918 1049 930 1071 ,
979 1027 1019 1059 et
1046 1021 1250 1073 sequentia
1278 1021 1454 1074 plurima
1480 1021 1594 1061 labo—

145 1094 287 1126 rarent
313 1087 571 1126 obscuritate.
631 1087 758 1126 Cuius
783 1088 874 1126 vitii
901 1085 1063 1139 culpam
1090 1086 1300 1125 Photius'
1289 1102 1330 1125 m
1361 1088 1595 1141 Eunapium

146 1153 280 1206 ipsum
298 1153 478 1192 confert·
507 1136 790 1192 coniecturane
806 1152 951 1191 ductus
966 1166 1020 1190 an
1033 1153 1282 1201 testimonio,
1313 1167 1396 1191 non
1421 1162 1591 1195 constat.

144 1219 389 1272 Scriptorem
415 1218 646 1257 mutilatum
673 1231 775 1271 opus
802 1218 858 1256 ita
884 1218 1091 1271 reliquisse
1118 1225 1166 1256 ut
1192 1219 1234 1257 in
1262 1217 1327 1256 his
1370 1233 1474 1271 quae
1505 1235 1591 1259 ma·
1619 1245 1624 1252 ·

143 1284 292 1323 nebant
318 1297 456 1330 sensus
481 1283 706 1335 laboraret,
734 1295 830 1322 sane
849 1297 932 1322 non
949 1282 1159 1336 probabile
1175 1290 1249 1322 est.
1305 1282 1366 1322 Ac
1383 1284 1467 1322 fieri
1486 1293 1594 1325 certe

135 1355 275 1404 ‘potest
298 1379 312 1402 ,
340 1356 388 1388 ut
416 1363 498 1388 non
526 1349 609 1402 ipse
636 1350 833 1402 scriptor,
863 1349 934 1388 sed
962 1349 1180 1402 bibliopola
1200 1379 1212 1399 ‚
1243 1349 1396 1387 indocti
1424 1363 1592 1388 amanu-

143 1417 248 1455 ensis
281 1429 401 1469 opera
423 1444 435 1467 ‚
475 1414 598 1454 libros
633 1414 686 1454 ab
726 1416 775 1454 iis
815 1415 911 1454 locis
950 1417 1020 1468 qui
1062 1415 1331 1454 vendentibus
1366 1416 1592 1468 periculum

143 1488 329 1521 crearent
365 1480 537 1519 liberare
575 1481 755 1520 animum
784 1481 984 1520 induxerit
1004 1496 1016 1520 τ
1061 1480 1196 1534 qualia
1225 1488 1319 1520 sunt
1346 1489 1561 1535 expurgata
1575 1513 1587 1530 ,

142 1561 247 1600 quae
272 1554 442 1595 vocant,
473 1546 734 1600 exemplaria,
768 1561 870 1601 quae
898 1549 941 1586 in
970 1547 1198 1601 regionibus
1226 1546 1297 1585 ubi
1314 1546 1473 1586 decreta
1491 1562 1589 1586 con-

144 1614 226 1653 cilii
258 1613 486 1652 Tridentini
518 1621 677 1666 recepta
706 1613 870 1652 fuerunt
906 1628 990 1652 non
1018 1628 1110 1652 raro
1139 1620 1375 1652 occurrunt.

241 1680 417 1732 Eunapii
434 1681 534 1731 vita,
554 1679 606 1718 ab
622 1680 751 1718 Hadr.
772 1681 890 1720 Iunio
915 1681 1157 1733 conscripta,
1183 1681 1225 1718 in
1245 1679 1418 1718 editione
1440 1680 1492 1721 cl.
1511 1681 1591 1719 Bo-

141 1746 315 1786 issonadi
341 1745 501 1799 legitur.
543 1746 736 1785 Insanum
762 1746 936 1786 hominis
963 1748 1006 1785 in
1035 1761 1121 1785 rem
1141 1746 1409 1785 Christianam
1432 1746 1587 1797 odium,

141 1814 256 1851 cuius
285 1812 327 1849 in
349 1811 413 1850 his
432 1825 535 1864 quae
555 1811 614 1850 ill.
630 1813 762 1851 Maius
789 1813 915 1852 edidit
932 1815 1117 1866 iniquum
1133 1813 1184 1851 de
1202 1826 1347 1866 magno
1358 1811 1588 1851 Theodosio

141 1877 335 1916 iudicium
362 1889 516 1915 novum
545 1876 704 1916 exhibet
735 1880 934 1930 specimen
947 1909 959 1929 ‚
1001 1878 1256 1931 deliransque
1286 1878 1515 1930 superstitio
1547 1878 1588 1916 in

141 1943 306 1982 somniis
334 1940 536 1995 religionis
572 1956 695 1994 quam
735 1951 864 1982 sectae
889 1945 954 1982 cui
986 1944 1169 1982 addictus
1197 1950 1284 1982 erat
1313 1942 1484 1981 asseclae
1511 1943 1587 1983 sibi

141 2009 340 2047 finxerant
356 2038 367 2056 ,
419 2008 628 2046 notissima
655 2014 781 2046 sunt:
816 2015 959 2047 notum
986 2010 1105 2047 etiam
1131 2008 1317 2047 dictionis
1346 2022 1470 2061 genus
1497 2023 1587 2047 mo-

141 2073 287 2114 lestum
306 2080 346 2113 et
365 2072 628 2121 salebrosum,
660 2073 710 2112 de
727 2064 809 2128 quo
826 2075 946 2114 nimis
974 2074 1189 2114 clementer
1214 2074 1366 2113 iudicat
1393 2074 1586 2124 Photius;

142 2153 265 2194 quem·
291 2140 342 2179 de
362 2140 538 2192 Eunapii
568 2139 736 2178 historia
763 2139 1021 2179 disserentem
1049 2142 1129 2179 iam
1146 2140 1355 2180 audiamus
1373 2139 1477 2193 (cod.
1499 2142 1584 2194 77).

246 2202 517 2258 Ἀνεγνοόσθη
555 2199 772 2245 Εὖναπίου
811 2206 1010 2259 χρονικῆς
1051 2203 1238 2259 ἱστορίας
1265 2204 1341 2258 τῆς
1366 2201 1476 2256 μετὰ
1505 2204 1589 2246 As'-

142 2274 307 2324 ξιππον,
339 2271 436 2318 νέας
463 2265 681 2322 ἐκδόσεως,
710 2271 756 2311 ἐν
782 2271 961 2324 βιβλίοις
987 2271 1378 2326 τεσσαρεσκαιῖῖεκα.
1407 2264 1587 2324 ἄρχεται

139 2339 219 2390 μὲν
245 2335 321 2390 τῆς
347 2333 536 2390 ἱστορίας
565 2335 648 2376 dud
677 2337 752 2390 τῆς
779 2335 1002 2378 Κλαυδίου
1029 2337 1246 2389 βασιλείας
1262 2369 1275 2387 ,
1303 2337 1347 2384 ἐς
1375 2332 1420 2377 ὃν
1431 2336 1588 2386 Δεξίπ-

140 2418 204 2460 πῳ
232 2401 260 2456 ἦ
288 2399 453 2456 ἱστορία
481 2398 727 2455 καταλήγει,
751 2400 1006 2459 ἀποτελευτᾷ
1037 2403 1084 2444 δὲ
1113 2404 1173 2451 εἰς
1200 2400 1277 2456 τὴν
1299 2400 1497 2455 Ὁνωρίου
1515 2400 1589 2441 καὶ

134 2468 365 2524 ’.Αρκαδίου
391 2467 473 2508 τῶν
499 2467 727 2509 Θεοδοσίου
755 2467 919 2510 παίδων
944 2469 1184 2521 βασιλείαν,
1211 2468 1366 2509 ἐκεῖνον
1390 2464 1460 2507 τὸν
1483 2463 1586 2521 χρό-

141 2548 213 2574 νον
239 2533 355 2581 τέλος
380 2532 454 2585 τῆς
482 2529 668 2586 ἱστορίας
697 2531 1004 2588 ποιησάμενος,
1044 2530 1092 2575 ὃν
1128 2529 1353 2589 Ἀρσάκιος
1391 2533 1469 2585 μὲν
1506 2527 1585 2572 τοῦ

139 2598 306 2653 χρυσοῦ
332 2600 406 2653 τῆς
422 2592 639 2651 ἐκκλησίας
665 2597 868 2652 στόματος
888 2597 1090 2642 Ἰωάννου
1121 2599 1400 2646 ἄπελαθέντος
1428 2598 1486 2645 εἷς
1512 2595 1585 2638 τὸν

143 2661 437 2719 α’ρχιερατικὸν
463 2660 620 2718 θρόνον
647 2665 872 2720 ἆνηγμένος
898 2663 1134 2722 ἷεράτευεν,
1161 2664 1188 2719 ἦ
1218 2665 1264 2706 δὲ
1291 2667 1367 2706 τοῦ
1388 2663 1585 2716 βασιλεύ-

143 2743 236 2770 οντο
294 2729 516 2784 Ἀρκαδιόυ
544 2728 648 2784 γυνή
676 2729 780 2772 κατὰ
819 2731 994 2787 γαστρὸς
1029 2729 1188 2786 ἔχουσα
1218 2732 1291 2771 καί
1320 2729 1581 2781 οἶμβλώσασω

141 2793 213 2838 τὸν
250 2798 341 2851 βίον
379 2795 588 2842 ἀπέλιπεν.
650 2792 773 2847 οὗτος
812 2795 834 2838 ὅ
862 2796 1073 2847 Εὕνοίπιος
1099 2794 1336 2853 ,Σαρδιανὸς
1362 2796 1440 2848 μὲν
1466 2794 1586 2848 γένῡςὲ
