1838 3210
298 181 405 221 XXX
489 210 491 212 -
835 181 915 221 DE·
941 178 1182 222 MALCHO.

409 282 674 325 MALCHUS
692 313 704 337 ‚
743 282 1120 337 PliiladelphicnsiS‚
1153 297 1200 323 ex
1227 282 1295 323 illa
1317 280 1594 339 philadelphia
1622 297 1725 340 quae

296 353 339 391 in
367 351 591 392 Palaestina
618 358 702 402 est,
730 357 776 388 ut
795 356 900 388 recte
929 363 951 388 e
976 351 1138 389 nomine
1162 351 1239 390 viri
1257 350 1433 404 Syriaco,
1459 366 1583 404 quum
1610 352 1726 406 plura

293 419 351 457 ita
378 425 619 458 vocarentur
648 415 792 470 oppida
807 444 818 466 ,
848 414 969 454 infert
994 414 1228 467 Fabricius,
1257 417 1472 470 sophistam
1500 418 1726 459 Constanti-

292 484 428 537 nopoli
471 485 550 538 egit
568 483 638 535 l⁸0).
694 482 794 521 Eius
823 481 1030 520 historiam
1047 512 1060 533 ‚
1105 497 1185 536 qua
1222 482 1405 522 Priscum
1445 485 1692 524 continuavit
1709 515 1722 533 ‚

291 550 343 589 ab
371 564 409 589 a.
440 549 534 604 474.
554 580 566 602 ‚
607 548 932 601 decimoseptimo
969 547 1114 587 Leonis
1141 548 1244 602 Imp.
1261 579 1272 597 ‚
1319 563 1446 602 usque
1476 548 1527 588 ad
1553 557 1724 589 mortem

290 615 455 669 Nepotis
474 617 525 667 l¹7)
543 645 555 666 ‚
586 615 655 668 qui
683 628 721 655 a.
751 612 845 665 480.
875 614 1027 653 occisus
1053 621 1134 662 est,
1163 621 1313 667 septem
1340 629 1537 654 annorum
1566 629 1630 655 res
1656 622 1723 655 to·-

287 681 412 720 tidem
443 681 571 731 libris,
603 693 703 733 quos
729 674 998 729 Βυζαντιακὰ
1030 680 1229 733 inscripsit
1246 710 1258 731 ‚
1294 688 1541 734 persecutam
1553 681 1723 721 Photius

287 745 405 799 legit:
451 755 570 800 atque
597 747 701 785 intra
731 745 810 785 hoc
836 746 1027 799 temporis
1055 748 1227 799 spatium
1249 746 1405 800 eclogae
1433 747 1482 785 de
1510 746 1719 800 legationi*

285 811 376 860 bus,
407 827 583 867 quasque
614 827 660 852 ex
683 811 770 851 aliis
793 811 918 851 titulis
935 811 1076 851 Suidas
1095 813 1285 863 servavit,
1305 806 1718 865 comprehendit-Tur:

283 885 330 916 ut
357 886 509 917 certum
538 880 589 918 sit
614 877 807 918 litteratas
827 877 1078 916 Constantini
1097 877 1433 932 Porphyrogeniti
1452 892 1591 931 operas
1613 877 1716 918 nihil
1755 898 1757 900 ·

281 944 453 997 amplius
486 944 686 985 habuisse.
744 945 884 983 Monet
908 951 1043 982 tamen
1069 943 1264 992 Photius‚
1307 943 1369 982 his
1396 943 1509 983 libris
1537 958 1636 997 opus
1663 944 1717 983 ad

280 1011 499 1049 terminum
526 1024 647 1064 quem
674 1016 815 1054 auctor¹
841 1008 916 1048 sibi
944 1011 1214 1062 proposuisset
1240 1009 1478 1063 perductum
1504 1024 1587 1049 non
1612 1024 1712 1050 esse:

277 1075 409 1128 ipsum
437 1077 601 1115 innuere
625 1075 739 1129 plura
767 1090 809 1115 se
836 1075 1066 1115 additurum
1093 1076 1126 1114 si
1153 1076 1237 1115 vita
1263 1082 1468 1128 suppetat:
1485 1090 1610 1129 quum
1638 1077 1714 1130 igi-

275 1148 345 1180 tur
372 1142 513 1181 Suidas
539 1142 688 1181 Malchi
721 1142 929 1181 historiam
968 1155 1096 1195 usque
1135 1141 1186 1180 ad
1217 1140 1474 1180 Anastasium
1500 1141 1713 1181 deductam

276 1221 359 1246 esse
388 1208 536 1247 scribat
552 1237 564 1258 ,
601 1222 684 1246 non
728 1208 997 1247 contradicam
1014 1238 1026 1258 ‚
1068 1209 1102 1246 si
1135 1208 1225 1260 quis
1250 1207 1326 1246 sibi
1352 1208 1590 1260 persuaserit
1616 1206 1712 1246 ulti-

274 1286 342 1312 ma
372 1280 486 1326 parte
512 1280 737 1312 truncatam
771 1274 823 1312 ad
846 1270 1039 1313 Photium
1058 1274 1440 1326 Constantinumque
1466 1263 1724 1326 pervenisse}

272 1339 469 1393 integram
509 1340 544 1378 ei
583 1340 800 1379 innotuisse
854 1341 922 1393 qui
979 1339 1101 1393 paulo
1151 1347 1242 1393 post
1286 1339 1551 1378 Iustinianum
1602 1340 1708 1393 Imp.

271 1404 426 1444 lexicon
474 1406 526 1445 de
563 1406 820 1459 scriptoribus
867 1406 1089 1459 composuit
1129 1405 1237 1459 quod
1274 1405 1416 1444 Suidas
1460 1405 1704 1459 compilavit.

270 1470 411 1510 Edidit
437 1479 542 1511 certe
569 1472 753 1511 Malchus
779 1479 937 1511 mortuo
966 1471 1128 1511 demum
1157 1472 1339 1522 Zenone,
1368 1471 1481 1510 cuius
1507 1472 1706 1525 ignaviam

267 1537 495 1591 probraque
521 1552 731 1577 mansurae
758 1538 942 1577 infamiae
960 1538 1150 1577 tradidit:
1200 1552 1246 1576 ac
1283 1544 1395 1577 tanta
1422 1538 1583 1591 quidem
1613 1552 1707 1577 cum

266 1601 455 1643 libertate
486 1611 533 1643 ut
565 1606 684 1643 etiam
719 1604 794 1644 sub
828 1601 1153 1643 miti'Anastasii
1187 1605 1355 1657 imperio
1393 1604 1620 1643 mirandum
1655 1605 1707 1643 sit
1743 1644 1745 1646 .

265 1670 480 1709 maiestatis
507 1684 679 1723 poenam
702 1671 870 1710 evasisse
897 1671 966 1724 qui
993 1670 1089 1709 talia
1119 1676 1259 1708 contra
1285 1669 1530 1709 decessorem
1546 1670 1705 1708 Princi—

263 1736 342 1788 pis,
369 1737 603 1790 praesertim
622 1737 694 1790 qui
718 1736 920 1789 Augustae
947 1738 1115 1775 maritus
1143 1735 1273 1775 fuerat
1289 1765 1299 1783 ‚
1332 1735 1510 1774 auderet.
1546 1736 1702 1776 Verum

263 1815 347 1841 non
385 1803 548 1841 unicum
587 1802 663 1841 hoc
691 1809 756 1841 -est
781 1802 856 1841 sub
897 1802 1203 1855 imperatoribus
1240 1801 1468 1855 Byzantinis
1497 1802 1702 1840 mirandae

233 1867 246 1874 ’
263 1868 308 1906 in
336 1868 545 1908 scribendo
573 1867 768 1908 libertatis
798 1868 1043 1922 exemplum,
1083 1868 1249 1906 sortasse
1287 1881 1311 1906 a
1336 1874 1567 1920 contemptu
1594 1866 1702 1906 litte-

260 1947 398 1972 rarum
424 1942 581 1973 ortum:
611 1949 707 1973 nam
734 1935 945 1982 Tiberius,
978 1934 1096 1974 valde
1123 1935 1166 1972 in
1194 1935 1242 1972 iis
1273 1940 1465 1982 versatus,
1495 1946 1699 1986 quaecun-

261 2014 340 2052 que
388 2000 608 2040 edebantur
648 2002 761 2040 anxie
803 2000 1081 2051 scrutabatur,
1122 1999 1414 2053 crudeliterque
1449 1999 1694 2038 vindicabat.

258 2065 385 2118 Magis
415 2067 535 2105 etiam
579 2068 773 2114 miramur
798 2067 1028 2120 Eunapium
1072 2079 1154 2104 non
1195 2071 1325 2103 morte
1357 2078 1503 2117 poenas
1541 2064 1700 2103 dedisse

257 2144 331 2183 pro
359 2131 420 2170 his
459 2146 561 2184 quae
588 2134 769 2186 quemvis
797 2132 1067 2171 Christianum
1086 2145 1168 2170 non
1194 2132 1327 2169 minus
1354 2144 1475 2183 quam
1490 2131 1697 2183 Principes

257 2198 470 2239 laederent.
526 2199 732 2238 Malchum
770 2213 852 2239 non
893 2199 1190 2238 maledicentiae
1218 2197 1286 2237 sed
1313 2197 1471 2236 veritati
1498 2195 1701 2242 studuissev

256 2266 471 2303 cernimus.
502 2264 712 2303 Difficilior
742 2265 794 2304 ad
820 2265 1107 2319 expediendum
1134 2264 1228 2303 inde
1246 2263 1374 2302 oritur
1391 2264 1570 2316 quaestio
1581 2262 1703 2316 quod‘

255 2330 439 2369 Malchus
457 2330 663 2370 historiam
693 2345 717 2370 a
740 2331 1000 2371 Constantino
1027 2332 1087 2370 Μ.
1105 2330 1309 2369 inchoasse
1336 2328 1494 2368 aSuida
1511 2328 1657 2368 dicitur
1675 2343 1689 2368 ε

256 2397 300 2435 in
327 2397 437 2450 quod
463 2404 546 2436 tam
574 2397 767 2437 disertum
793 2399 1066 2436 testimonium
1094 2397 1263 2450 suspicio
1305 2397 1450 2435 erroris
1483 2410 1530 2435 eo
1557 2397 1690 2435 minus

255 2462 362 2501 cadit
389 2462 498 2516 quod
525 2462 696 2502 Photius
732 2477 754 2502 e
795 2464 915 2516 primi
950 2463 1044 2503 libri
1071 2464 1184 2502 initio
1215 2469 1395 2502 constare
1422 2461 1561 2512 docet,
1590 2460 1689 2501 alios

254 2528 432 2567 eiusdem
459 2529 630 2568 auctoris
667 2536 786 2583 atque
817 2531 1040 2583 argumenti
1076 2529 1345 2583 praecessisse.
1403 2527 1526 2567 Casus
1553 2533 1688 2568 autem

255 2593 409 2647 efficere
451 2608 533 2633 non
581 2596 712 2648 potuit
748 2602 795 2634 ut
829 2610 920 2648 pars
959 2602 1153 2649 superstes
1198 2596 1327 2648 operis
1368 2595 1484 2634 initio
1523 2609 1573 2633 ae«
1606 2594 1690 2634 finer

250 2661 425 2700 truncati
458 2661 648 2714 inciperet
684 2662 755 2701 uhi
783 2662 942 2702 Priscus
972 2663 1228 2702 substiterat:
1278 2663 1412 2716 itaque
1438 2675 1596 2702 necesse
1624 2667 1684 2700 cst

273 2775 334 2822 46)
361 2775 489 2811 Suidas
518 2787 544 2809 s.
568 2785 599 2810 v.
623 2772 795 2820 Μάλχος.
889 2774 947 2821 47)
972 2775 1118 2811 photius
1143 2775 1218 2811 cod.
1250 2779 1303 2822 78.
