1924 3164
644 201 712 241 Ex
751 195 1165 241 ommmonouo.
1441 212 1446 213 ff
1513 167 1627 254 457

299 299 392 345 “On
425 297 700 358 ’.Αδάουλφος
740 298 808 342 τὸν
844 299 977 354 γάμον
1014 299 1194 352 μελετῶν
1222 299 1473 351 Πλακιδίας,
1512 302 1639 344 Κων-

201 367 398 411 σταντίου
413 367 565 423 ταύτην
589 363 880 419 α’παιτοῦντος,
906 367 1145 421 βαρυτέρας
1171 358 1409 420 προῦτεινεν
1434 362 1639 420 αἰτήσεις,

203 435 272 476 ἵνα
298 432 369 475 διὰ
393 432 468 489 τὴν
499 429 734 486 ἀποτυχίαν
762 433 844 474 τῶν
875 429 1076 486 αἰτήσεων
1105 425 1285 485 ἐὔλογον
1329 428 1430 489 δόξῃ
1458 431 1534 487 τὴν
1561 447 1638 473 κα-

199 498 398 554 τάσχεσιν
425 498 553 553 αὐτῆς
579 498 855 552 πεποιηκέναι.

174 568 201 610 5
302 561 396 608 Ὅτι
414 561 704 612 Κωνστάντιος
733 563 966 617 δισίγνατος
991 559 1125 604 πάλαι
1151 561 1325 616 γεγονώς
1351 560 1509 612 ὕπατος
1534 560 1636 605 κατὰ
1647 563 1800 610 Α·0·414

198 628 274 684 τῆν
299 627 530 683 ςΡάβενναν
555 628 805 684 προέρχεται
818 659 832 682 ,
856 629 951 681 μεθ’
981 621 1033 669 οὗ
1061 627 1166 668 κατὰ
1192 625 1266 682 τὴν
1294 610 1776 693 wamvmod-Iffssss
1786 669 1833 693 ²⁰

199 699 320 738 πολιν
354 694 555 737 ὑπατεύει
593 691 808 743 Κώνστας.
872 695 946 735 καί
981 694 1160 748 χρυσίον
1186 696 1266 746 μὲν
1293 692 1532 750 σύμμετρον
1557 693 1631 736 καί
1642 705 1670 740 c
1774 683 1782 691 ⁸

204 758 348 803 ἱκανὸν
391 758 497 816 πρὸς
522 757 568 802 τὸ
607 760 680 814 τῆς
707 758 909 808 ’ὑπατείας
946 754 1150 812 ἇνάλωμα
1176 755 1350 813 εὕρηται
1375 757 1422 801 ἐκ
1449 761 1533 802 τῶν
1559 750 1640 802 τοῦ

192 825 519 879 Ἡρακλειανοῦ,
559 822 606 874 ὃς
632 823 860 881 τυραννίδα
886 824 1070 877 μελετῶν
1098 818 1330 881 οἷνῄρηται·
1403 824 1452 866 οὖ
1479 825 1564 881 μήν
1591 841 1639 880 γε

151 892 397 936 ιοτοσοῦτον
423 891 593 947 εὑρέθη,
626 887 724 933 ὅσον
750 891 824 932 καί
846 885 1065 945 ἠλπίζετο·
1118 890 1297 946 χρυσίον
1323 891 1402 943 μὲν
1427 889 1505 947 γὰρ
1536 891 1638 932 οῦδὲ

197 960 326 1011 μέχρι
366 959 643 1013 κεντηναρίων
680 955 836 999 εἴκοσιν
875 951 1072 1012 εὕρηται·
1140 955 1166 1011 ἢ
1210 957 1257 997 δὲ
1285 951 1475 1012 οἷκίνητος
1503 957 1637 999 αὐτοῦ

198 1023 348 1076 οὐσία,
376 1025 450 1065 καὶ
495 1019 601 1078 αὕτη
633 1024 694 1072 εἷς
731 1021 941 1076 δισχιλίοις
985 1020 1127 1077 λίτρας
1156 1020 1377 1064 συνέτεινε.
1430 1023 1505 1064 καί
1530 1020 1639 1064 ταύ-

197 1105 274 1143 την
302 1084 471 1130 ἅπασαν
510 1085 587 1143 τήν
626 1087 862 1131 ’ὑπόστασιν
898 1085 1195 1136 Κωνστάντιος
1234 1087 1279 1130 ἐκ
1303 1089 1406 1141 μιᾶς
1433 1084 1637 1142 αἰτήσεως

197 1152 315 1210 παρὰ
354 1152 557 1210 Ὁνωρίου
604 1151 781 1210 εἰλήφει.
847 1149 901 1208 ἦν
949 1155 996 1195 δὲ
1020 1150 1315 1202 Κωνστάντιος
1351 1151 1396 1195 ἐν
1438 1155 1516 1205 μὲν
1543 1159 1637 1203 ταῖς

149 1219 395 1274 ι5προόδοις
440 1218 630 1275 κατηφής
674 1219 750 1261 καί
782 1218 1054 1275 σκυθρωπὸς,
1094 1215 1450 1274 μεγαλόφθαλμός
1475 1233 1522 1260 τε
1565 1215 1667 1259 καί’

196 1283 488 1342 μεγαλαύχην,
516 1287 589 1328 καί
611 1286 940 1341 πλατυκέφαλος,
967 1286 1100 1327 νεύων
1126 1286 1180 1326 δι’
1210 1281 1310 1326 ὅλου
1339 1284 1411 1326 Em*
1434 1283 1506 1326 τὸν
1535 1282 1641 1339 τρά-

196 1354 324 1406 χηλον
350 1351 426 1393 τοῦ
452 1353 652 1407 φέροντος
674 1348 803 1401 >αιῖτὸν
831 1350 972 1403 ἵππου,
1031 1352 1104 1393 καί
1130 1346 1239 1392 οὕτω
1263 1351 1361 1406 τῇδε
1388 1351 1552 1391 κοῖκεῖσε
1569 1353 1640 1391 λο-

195 1417 266 1467 ξὸν
291 1418 509 1469 ἐκπέμπων
544 1415 592 1457 τὸ
633 1410 775 1469 ὄμμα·
805 1415 875 1468 ὦς,
903 1415 951 1457 τὸ
978 1417 1054 1459 τοῦ
1085 1416 1226 1471 λόγου,
1253 1418 1358 1457 πᾶσι
1389 1418 1638 1472 φαίνεσθαι,

195 1477 331 1535 »εἶδος
362 1477 479 1528 ἄξιον
505 1482 789 1538 τυραννίδος·”
819 1483 863 1524 ἐν
883 1483 931 1523 δὲ
961 1480 1139 1530 δείπνοις
1175 1480 1249 1523 καί
1272 1481 1518 1534 συμποσίοις
1543 1496 1639 1537 τερ-

142 1545 298 1596 αοπνὸς
323 1546 397 1589 καί
421 1546 642 1600 πολιτικὸς,
670 1547 727 1597 ὦς
746 1549 821 1590 καί
842 1549 995 1605 ἐρίζειν
1017 1553 1103 1597 τοῖς
1129 1548 1275 1602 μίμοις
1299 1546 1508 1600 πολλάκις,
1536 1545 1676 1597 nal-1)

197 1614 318 1664 ζουσι
343 1611 424 1668 πρὸ
452 1615 527 1668 τῆς
553 1615 774 1669 τραπέζης.

298 1673 387 1718 Ὅτι
409 1673 672 1736 Ἀδαούλφῳ
707 1679 872 1736 σπουδῇ
914 1680 988 1721 καί
1039 1676 1231 1736 ὑποθήκῃ
1276 1680 1567 1721 Κανδιδιανοῦ
1603 1675 1802 1734 ὄΑ.0.414

195 1740 301 1798 πρὸς
328 1742 567 1785 Πλακιδύιν
594 1746 848 1795 συντελεῖται
889 1741 1040 1798 γάμος,
1068 1742 1155 1798 μὴν
1183 1742 1206 1785 ὅ
1244 1739 1499 1800 Ἰανουάριος
1525 1746 1632 1788 ἐνει-

284 1890 498 1938 Adaulphus
522 1891 619 1926 idem
642 1892 687 1926 de
710 1892 892 1927 Placidiae
917 1893 1057 1938 nuptiis
1085 1898 1276 1938 satagens,
1309 1893 1525 1928 Constantio
1550 1904 1628 1928 eam

192 1938 394 1982 postulanti
423 1939 600 1985 graviores
633 1941 816 1984 praetexit
850 1941 1140 1984 postulationes,
1172 1945 1225 1982 ut,
1249 1941 1281 1974 si
1315 1951 1458 1986 compos
1481 1941 1628 1974 illarum

193 1995 268 2018 non
292 1986 415 2026 fieret,
440 1987 504 2020 illa
529 1987 623 2019 iuste
649 1991 788 2020 retenta
813 1986 1007 2020 videretur.

287 2031 522 2066 Constantius
559 2033 648 2066 olim
672 2031 898 2077 designatus,
934 2032 1060 2067 consul
1085 2033 1284 2079 aliquando
1309 2033 1499 2067 Ravennae
1523 2043 1627 2067 crea-

193 2082 277 2118 tur,
318 2090 399 2113 cum
445 2090 518 2124 quo
565 2078 1006 2123 constantinopolitanum
1043 2080 1268 2114 consulatum
1307 2079 1482 2114 Constans
1520 2079 1627 2124 gerit.

192 2124 284 2157 Auri
308 2126 362 2158 vis
386 2127 482 2159 iusta
506 2131 543 2159 et
566 2125 748 2159 sufficiens
773 2126 819 2159 ad
837 2127 1044 2159 consulatus
1068 2132 1230 2171 sumptus
1254 2126 1460 2160 tolerandos
1483 2131 1629 2172 reperta

194 2170 235 2203 in
245 2169 449 2206 Heracliani
472 2172 599 2214 bonis,
624 2173 688 2217 qui
706 2172 912 2216 'tyrannidis
937 2176 1120 2206 affectatae
1138 2173 1284 2207 nomine
1301 2178 1356 2206 est
1372 2173 1625 2217 interemptus,

196 2217 265 2250 etsi
287 2223 409 2253 tamen
435 2223 577 2253 tantum
609 2220 786 2263 pecuniae
821 2223 1002 2263 repertum
1033 2230 1108 2252 non
1132 2225 1207 2260 est,
1243 2225 1419 2265 quantum
1440 2225 1624 2265 speratum

195 2268 293 2298 erat:
321 2266 400 2298 auri
424 2266 521 2299 enim
544 2264 706 2299 nondum
730 2265 801 2300 duo
823 2266 941 2300 millia
967 2265 1208 2312 [denariorum
1246 2266 1411 2307 inventa,
1435 2272 1473 2300 et
1494 2267 1626 2300 immo-

194 2309 327 2343 bilium
360 2312 510 2358 insuper
539 2312 718 2346 bonorum
753 2312 800 2345 ad
830 2312 888 2346 bis
913 2312 1015 2346 mille
1038 2312 1161 2346 libras.
1246 2323 1308 2346 uas
1332 2312 1481 2359 quidem
1507 2312 1625 2346 facul-

195 2361 288 2389 tates
313 2368 436 2392 omnes
465 2369 536 2392 una
561 2358 809 2404 postulatione
830 2359 875 2393 ab
894 2359 1056 2394 Honorio
1081 2359 1314 2393 Constantius
1341 2361 1489 2405 accepit.
1536 2360 1624 2394 Erat

194 2402 274 2448 ipse
299 2403 549 2447 Constantius,
582 2417 664 2439 cum
686 2405 871 2450 prodiret,
902 2405 1065 2440 subtristi
1090 2406 1192 2440 vultu
1217 2416 1260 2439 ae
1282 2407 1432 2448 tetrico,
1460 2407 1625 2451 ingenti-

193 2448 264 2482 bus
286 2451 421 2494 oculis,
448 2451 664 2497 sublataque
683 2454 839 2494 cervice,
863 2457 901 2487 et
922 2453 1032 2497 plano
1056 2452 1194 2496 capite,
1216 2453 1394 2486 inclinans
1412 2463 1450 2487 se
1471 2454 1621 2487 omnino

193 2495 236 2527 in
259 2497 364 2541 equi,
391 2509 464 2545 quo
487 2498 687 2533 vehebatur
701 2525 712 2542 ‚
738 2499 868 2533 collum
882 2523 894 2540 ,
930 2503 967 2532 et
989 2499 1042 2533 sic
1064 2498 1136 2533 huc
1159 2499 1248 2533 illuc
1272 2498 1422 2545 oblique
1443 2503 1619 2544 torquens

196 2541 341 2583 oeulos,
363 2549 425 2587 ut,
449 2546 547 2591 quod
569 2545 683 2580 veteri
707 2545 816 2579 verbo
842 2545 976 2579 dicitur
989 2570 998 2586 ,
1022 2545 1174 2590 imperio
1193 2545 1299 2592 digna
1318 2546 1432 2580 forma
1451 2545 1621 2579 omnibus

197 2595 401 2632 appareret.
445 2593 488 2626 Iu
512 2593 633 2626 coenis
659 2597 779 2625 tamen
803 2597 912 2638 atque
937 2592 1108 2636 symbolis
1149 2592 1327 2627 iucundus
1362 2592 1451 2626 adeo
1484 2592 1623 2626 civilis-

198 2645 286 2714 que(l
297 2634 390 2677 fuit,
424 2642 466 2670 ut
496 2644 534 2673 et
567 2650 649 2673 cum
682 2638 803 2672 mimis
835 2637 1020 2674 interdum
1043 2638 1089 2673 ad
1111 2649 1272 2674 mensam
1297 2638 1509 2674 ludentibus
1534 2649 1622 2672 con-

197 2685 261 2713 ten
289 2682 368 2715 erit.

287 2726 479 2774 Adaulpho
509 2730 629 2765 studio
659 2743 702 2766 ac
735 2732 888 2767 consilio
914 2731 1133 2767 candidiani
1164 2732 1318 2778 nuptiae
1351 2742 1431 2764 cum
1463 2729 1621 2764 Placidia

192 2773 423 2815 conveniunt.
471 2777 638 2814 Ianuario
674 2790 795 2815 mense
826 2779 966 2826 nuptiis
993 2779 1110 2815 dictus
1145 2777 1243 2821 dies,
1270 2778 1452 2821 Narbone,
1479 2777 1619 2813 Galliae
