1924 3164
188 1665 264 1710 Pag.
281 1666 325 1699 30

342 171 455 226 602
784 190 1114 234 waolsole
1155 192 1338 234 NOTAE

342 293 448 340 infra
490 293 746 344 notabimus,
785 302 949 347 apparet
991 294 1247 335 Anastasium
1293 296 1464 335 obscum
1492 305 1634 337 natum
1674 299 1775 341 loco.

341 348 556 388 Silentiarii
586 355 740 397 autem,
774 349 1012 388 observante
1041 351 1186 390 Iacobo
1216 352 1349 390 Gom-o
1377 366 1415 404 p.
1441 351 1504 394 35.
1538 360 1577 392 et
1605 354 1673 393 36.
1703 369 1779 394 no-

342 410 474 441 tarum
500 405 539 441 in
572 402 828 454 Cedrenum,
868 405 1028 443 Graecis
1058 413 1152 444 sunt
1192 401 1473 457 ἧσυχοποιοί,
1508 406 1549 444 id
1588 415 1666 455 est,
1707 411 1777 462 qui

341 458 393 496 ad
422 458 678 510 Imperatoris
706 457 830 497 latera
859 458 1061 498 silentium
1081 467 1119 498 et
1136 462 1309 513 quietem
1329 460 1521 509 indicant,
1551 462 1659 501 iuxta
1671 462 1780 517 Aga-

341 512 467 550 thiam
496 507 716 550 ἐπιστάται
748 512 819 564 τῆς
847 507 962 566 ἆμφί
989 509 1059 552 τὸν
1078 514 1255 564 βασιλέα
1289 514 1416 566 σιγῆς.
1446 515 1501 554 V.
1526 522 1565 554 et
1591 516 1776 556 Fabrott.

342 568 384 604 in
410 565 612 604 Glossario
641 566 826 606 Cedreui.
881 568 1132 621 Epidamnus
1159 583 1256 608 vero
1273 599 1283 617 ‚
1314 568 1422 608 illius
1453 571 1603 622 patria,
1629 579 1714 611 erat
1733 572 1778 611 ἐκ

341 620 414 671 τῆς
440 619 535 666 νέας
565 617 760 673 Ἠπείρου
797 620 1023 673 ἐπαρχίας,
1055 631 1101 662 ut
1137 625 1192 663 ait
1215 623 1446 663 Chronicon
1477 624 1699 678 Paschale‚
1731 626 1784 665 de

342 674 555 714 Anastasio
584 675 805 715 videndum
825 691 867 730 p.
891 677 983 728 529.
1023 685 1062 716 et
1096 693 1203 733 seqq.

451 731 554 783 Pag.
585 729 659 784 491
677 760 689 780 ,
729 745 796 770 20.
856 732 902 769 ln
928 732 1028 771 Cod.
1050 729 1259 787 ἑκάτερον.
1315 733 1392 772 Hic
1420 733 1682 774 venetiarum
1709 735 1778 774 de-

340 784 596 837 scriptionem
622 786 751 839 legere
779 786 853 825 tibi
883 787 1068 826 videaris.

448 841 553 893 Pag.
575 839 677 894 492,
699 840 740 880 8.
800 841 908 880 Male
931 843 972 881 in
1000 842 1101 881 Cod.
1129 838 1175 881 τὸ
1199 841 1340 892 μέλον.

449 892 752 947 Pag.492‚‘13.
812 896 918 935 Male
942 898 985 935 in
1007 897 1109 936 Cod.
1136 897 1343 949 φιτιμίαν.

447 950 554 1002 Pag.
571 948 788 1003 492,218.
846 951 892 989 ln
938 952 1039 990 Cod.
1077 952 1293 1002 νικῶντες.)
1329 952 1430 991 sorte
1463 951 1662 1000 νικῶντας
1683 982 1696 1003 ‚
1736 954 1776 993 id

340 1011 422 1043 est:
451 1007 582 1044 vicisti
614 1007 785 1045 maiores
819 1015 900 1045 tuos
914 1036 925 1054 ‚
975 1008 1046 1061 qui
1079 1015 1117 1045 et
1142 1021 1274 1045 omnes
1308 1007 1407 1046 alios
1432 1021 1502 1046 sua
1538 1009 1680 1046 viz-tuce
1702 1010 1783 1063 ipsi

339 1060 560 1099 vincebant.

450 1115 551 1167 Pag.
570 1113 667 1169 492,
684 1129 748 1154 20.
782 1114 954 1168 Cangius
971 1114 1117 1154 Famil.
1138 1115 1398 1169 Byzantin.p.
1414 1115 1482 1156 85.
1502 1130 1512 1154 ε
1547 1115 1779 1163 „Anastasii

342 1170 597 1222 Imperatoris
629 1172 752 1223 patris
778 1183 925 1208 nomen
952 1169 1145 1209 hactenus
1164 1173 1359 1210 incertum
1382 1177 1518 1209 manet
1549 1171 1656 1223 apud
1681 1173 1783 1213 scri-

338 1231 501 1278 ptores:
533 1239 579 1263 ex
624 1226 769 1278 quibus
797 1224 987 1263 duntaxat
1019 1226 1208 1265 docemur
1227 1255 1238 1275 ‚
1268 1226 1520 1279 Dyrrhachio
1546 1226 1781 1278 oriundum,

339 1292 386 1317 ac
425 1278 614 1332 religione
653 1280 851 1319 Arianum
888 1280 1007 1319 fuisse
1129 1288 1254 1319 mater
1289 1295 1385 1320 vero
1415 1281 1615 1320 Anastasii
1648 1282 1780 1320 Mani.-

340 1333 463 1373 chaea
507 1342 547 1374 et
585 1348 698 1374 soror
727 1335 806 1374 fuit
842 1334 1027 1374 Clearchi
1056 1335 1225 1384 Ariani,
1267 1339 1327 1374 uti
1357 1335 1479 1377 habet
1509 1335 1773 1387 Theophanes

339 1403 383 1441 p.
411 1402 500 1442 ¹¹7·
557 1390 618 1428 Ex
653 1404 735 1443 quo
762 1390 911 1429 mirum
936 1390 1064 1429 videri
1097 1389 1207 1429 haud
1234 1390 1373 1438 debet,
1404 1392 1436 1429 si
1465 1389 1675 1429 haereticis
1704 1405 1779 1443 pa-

339 1444 523 1483 rentibus
546 1452 665 1483 natus
683 1475 693 1493 ‚
724 1452 810 1484 toto
840 1445 952 1497 regni
981 1451 1161 1497 tempore
1185 1444 1408 1483 haereticos
1431 1446 1536 1497 ipsos
1559 1446 1570 1493 (
1582 1444 1779 1497 Eutychi-

339 1499 450 1548 anos)
476 1506 631 1538 tutatus
652 1527 664 1548 ,
696 1499 923 1538 Catholicos
952 1505 1036 1537 tam
1067 1500 1211 1537 acriter
1236 1500 1449 1537 insectatus
1484 1498 1572 1536 sit.”
1632 1499 1687 1537 V.
1705 1499 1783 1538 Vi·-

339 1553 460 1591 ctoris
486 1554 771 1592 Tunnunensis
792 1553 1022 1592 Chronicon
1042 1567 1082 1606 p.
1098 1555 1192 1594 325.
1252 1554 1314 1592 De
1333 1553 1532 1592 Anastasii
1546 1553 1782 1605 parentibus

340 1607 432 1646 vide
458 1614 499 1646 et
522 1608 724 1647 Theodor.
746 1609 905 1647 Lector.
943 1608 1095 1646 Histor.
1117 1606 1272 1647 Eccles.
1298 1609 1348 1646 L.
1368 1622 1407 1646 2.
1429 1623 1470 1660 p.
1492 1607 1586 1647 558.

448 1662 657 1716 Pag.493‚
674 1677 713 1716 7.
745 1663 894 1715 Legere
905 1661 1111 1714 mallemv}
1140 1658 1307 1712 βασιλὶς
1333 1662 1416 1701 τῶν
1442 1656 1615 1712 πόλεων,
1635 1676 1777 1715 quem-
1820 1702 1823 1703 ⁷

343 1716 564 1756 admodum
587 1716 975 1770 Constantinopolim
993 1724 1141 1756 vocant
1160 1716 1342 1758 Eudocia
1372 1717 1607 1769 Imperatrix
1640 1716 1681 1755 in
1708 1731 1780 1762 sua

340 1772 393 1811 ad
421 1772 648 1810 Romanum
668 1773 887 1825 Diogenem
909 1771 1073 1824 epistola
1095 1772 1400 1823 nuncupatoria,
1435 1778 1474 1809 et
1491 1771 1644 1811 Auctor
1681 1784 1783 1810 ano-

340 1841 485 1879 nymus
526 1828 718 1878 poematis
747 1827 797 1865 de
836 1833 952 1879 capta
983 1826 1328 1879 Constantinopoli
1367 1827 1409 1865 in
1452 1825 1551 1864 Cod.
1579 1826 1621 1864 S.
1653 1826 1780 1865 Marci

332 1882 600 1920 'CCCCVIIL
630 1896 671 1934 p.
699 1880 787 1934 198.
813 1881 1010 1933 Catalogi.

452 1937 555 1989 Pag.
575 1935 725 1989 493‚8.
784 1931 955 1986 ’Awij
985 1934 1151 1985 σχῆμαε
1183 1932 1345 1972 mallem
1378 1929 1607 1985 α’νάγουσα.
1662 1934 1780 1974 Scili-

342 1999 404 2031 cet
433 1991 669 2030 Anastasius
688 2021 698 2039 ‚
729 1989 838 2042 quod
866 1991 1105 2035 Bai-onium,
1138 1988 1384 2038 Tillemont‚
1414 1987 1450 2027 le
1478 1989 1584 2027 Beau
1611 1996 1688 2028 etc.
1713 1989 1780 2027 fu-

339 2048 397 2099 git
413 2078 425 2097 ‚
447 2054 661 2099 antequam
702 2045 915 2097 imperium
954 2044 1239 2096 adipisceretur
1263 2073 1274 2093 ‚
1309 2042 1548 2082 Antiochiae
1575 2043 1782 2096 episcopus

339 2116 420 2140 non
455 2101 618 2154 quidem
656 2106 936 2149 consecratus,
965 2099 1031 2137 sed
1074 2097 1213 2149 populi
1244 2097 1438 2150 suffragiis
1466 2096 1611 2136 electus
1638 2105 1678 2136 et
1708 2098 1781 2137 de-

339 2158 516 2208 signatus
545 2155 689 2193 fuerat.
746 2154 1009 2206 Theophanes
1039 2153 1080 2190 in
1095 2152 1423 2205 Chronographia
1441 2166 1484 2205 p.
1505 2151 1612 2191 116.:
1642 2149 1780 2219 τούτῳ

341 2209 381 2248 δ”
412 2210 526 2264 αὐτῷ
561 2206 644 2249 ἔτει
677 2208 839 2260 Πέτρος
868 2205 889 2247 ὅ
930 2207 970 2247 Γ
967 2203 1128 2259 ναφεύς
1167 2206 1423 2258 (Antiochiae
1458 2207 1681 2259 episcopus)
1712 2220 1785 2245 w*

338 2268 510 2317 θνηκεν,
549 2261 622 2302 καὶ
649 2259 885 2315 προεβλήθη
930 2261 1148 2305 ἐπίσκοπος
1190 2258 1460 2311 Παλλάδίος,
1487 2255 1780 2313 πρεσβύτερος

338 2320 413 2372 τῆς
439 2319 485 2358 ἐν
502 2316 700 2372 Σελευκίᾳ
731 2314 947 2370 ἐκκλησίας
969 2315 1040 2368 τῆς
1072 2310 1193 2381 ἁγίας
1221 2311 1571 2367 πρωτομάρτυρος
1608 2311 1780 2366 Θέκλης,

340 2372 641 2426 συνεψηφίσθη
682 2372 728 2412 δὲ
767 2369 999 2424 Παλλαδίῳ
1035 2383 1104 2408 και
1139 2362 1328 2420 Ἰωάννης
1368 2366 1390 2407 ὃ
1419 2364 1738 2408 Κωνσταντίνου
1756 2399 1771 2417 ,

339 2424 415 2468 καί
451 2424 719 2474 Ἀναστάσιος
760 2422 780 2466 ὃ
819 2421 1090 2475 σιλεντιάριος
1127 2419 1148 2462 ὅ
1178 2423 1312 2469 κακῶς
1342 2416 1605 2474 βασιλεύσας.
1664 2423 1780 2473 Quae

341 2483 393 2523 ad
428 2482 596 2521 verbum
632 2481 838 2535 descripsit
874 2480 1076 2518 cedrenus
1098 2493 1141 2532 p.
1171 2478 1264 2528 354.
1296 2485 1336 2517 et
1370 2478 1425 2518 sic
1455 2490 1476 2515 e
1502 2475 1784 2529 Theophane„

341 2546 388 2577 ut
418 2538 552 2576 omnia
588 2536 669 2574 fere
685 2566 694 2583 ‚
733 2537 933 2575 convertit
969 2533 1202 2572 Anastasius
1243 2531 1573 2571 Bibliothecarius
1613 2532 1655 2569 in
1707 2545 1784 2571 sua

342 2593 521 2632 Historia
544 2589 818 2629 Ecclesiastica
855 2605 895 2643 p.
932 2587 998 2639 48.
1031 2587 1111 2626 Ed.
1144 2588 1271 2626 Paris.
1314 2601 1407 2625 ann.
1448 2584 1563 2637 1649.
1601 2585 1664 2624 ed.
1696 2585 1780 2624 Fa-¹

342 2647 495 2686 brotti:
529 2644 714 2695 „Eodem
746 2658 866 2691 anno,
905 2644 1027 2682 Petro
1058 2642 1248 2694 Cnapheo
1275 2648 1450 2689 mortuo,
1476 2647 1684 2691 promotus
1719 2647 1779 2678 est

343 2704 549 2755 episcopus
579 2698 667 2737 loco
706 2700 788 2737 eius
827 2698 1057 2745 Palladius,
1092 2695 1298 2749 presbyter
1323 2693 1534 2733 Leucensis
1571 2694 1668 2746 (lege
1695 2693 1785 2739 ¹‚Se·,

344 2755 563 2805 leuciensis)
587 2753 787 2797 Ecclesiae
808 2760 965 2791 sanctae
982 2751 1135 2805 primae
1154 2749 1342 2804 Martyris
1362 2748 1556 2800 Theclae,
1579 2762 1677 2803 'cum
1697 2761 1778 2805 qno
