1924 3164
682 168 1074 212 PANEGYRICUS.

157 269 319 310 Obtulit
346 279 384 311 et
412 274 568 313 vinctos
595 271 720 312 oculis
749 275 1003 327 domitosque
1033 282 1256 329 tyrannos,

154 336 264 377 Ante
290 339 410 391 pedes
432 347 583 379 vestros
607 339 748 378 mediis
767 339 1017 380 Circensibus
1045 348 1167 380 actos.

263 403 465 455 Aemilius*
481 405 691 459 quondam
711 404 863 444 Paulus
878 435 890 454 ‚
921 406 1159 446 fortissimus
1193 405 1260 446 ille
1273 437 1284 455 ‚

153 469 219 508 Sic
256 484 390 524 regem
414 471 586 518 Persen,
624 470 772 524 populo
790 478 992 524 spectante
1011 473 1156 511 Latino
1175 503 1186 520 ‚

155 535 352 574 Curribus
378 538 558 575 invectus
577 536 792 589 Tarpeiam
812 537 932 576 traxit
955 537 1006 576 ad
1030 552 1163 576 arcem
1181 567 1194 588 ,

150 600 411 655 Placavitque
437 603 574 641 Iovem
594 601 788 654 Capitolia
817 602 968 656 templa
998 610 1218 643 tenentem.

156 667 421 720 Omnipotens
448 668 517 708 sed
535 675 576 707 te
597 668 797 721 Superum
816 670 1021 722 conspexit
1053 669 1106 708 ab
1129 684 1220 708 arce
1238 699 1250 722 ‚

154 722 334 794 Numina
356 733 579 789 placantem
608 733 812 784 caelestia,
842 734 993 788 templa
1020 736 1208 774 tenentis.

155 797 356 851 Auspiciis
381 799 533 852 gaude,
561 801 752 852 Princeps
771 829 783 850 ,
811 799 992 840 felicibus
1023 800 1166 840 aulae!

156 863 233 901 Cui
259 865 367 903 Deus
391 869 644 919 omniparens
674 866 951 906 renovandum
979 867 1147 906 credidit
1170 868 1309 908 orbem
1330 900 1343 921 ‚

158 928 439 984 Iustitiamque
459 931 571 970 iubet
599 931 837 971 descendere
868 946 1008 972 rursus
1030 932 1082 972 ab
1105 946 1175 971 axe
1193 964 1206 984 ,

156 994 212 1035 Et
231 995 365 1035 faciles
393 997 576 1050 precibus
602 996 845 1050 populorum
867 997 1051 1050 praebuit
1077 1012 1209 1038 aures.

158 1061 343 1110 Quorum
367 1070 584 1114 prostratas
606 1062 792 1101 recreasti
815 1062 996 1102 funditus
1025 1063 1146 1103 urbes

156 1124 348 1166 Portibus
376 1136 416 1167 et
440 1130 565 1168 muris
578 1157 590 1180 ‚
618 1129 818 1181 undarum
844 1136 883 1168 et
912 1130 1104 1169 tractibus
1136 1129 1239 1175 altis.

159 1191 273 1231 Nunc
297 1200 386 1233 tuto
407 1201 552 1234 nautae
567 1201 754 1248 repetunt
781 1194 847 1233 hic
867 1185 971 1235 ostia¹
994 1194 1117 1245 velis,

159 1259 242 1309 Qui
259 1259 383 1299 dubio
404 1261 607 1313 quondam
628 1261 765 1314 peiora
789 1260 968 1314 pericula
1001 1269 1124 1315 ponto

159 1324 246 1379 Iam
273 1326 422 1378 patrias
448 1340 539 1365 oras
559 1326 786 1365 tolerabant
819 1340 924 1366 nave
946 1333 1154 1377 tenentes3

158 1389 428 1444 Naufragium
453 1391 623 1431 navibus
640 1392 751 1431 fessis
782 1393 953 1433 statione
981 1393 1162 1432 minante
1175 1425 1190 1445 ‚

157 1455 343 1496 Disiectis
374 1456 581 1507 claustris,
613 1457 760 1511 quibus
779 1471 931 1511 aequor
958 1458 1155 1513 frangitur
1187 1459 1329 1502 altum.

158 1521 238 1560 Sed
259 1536 366 1562 nunc
387 1531 482 1563 vota
506 1523 594 1563 Deo
619 1524 766 1563 servati
791 1530 952 1577 pectore
976 1531 1062 1564 toto

158 1588 409 1642 Prorpietate
432 1597 502 1629 tua
521 1619 533 1640 ‚
562 1603 642 1644 qua
672 1591 836 1643 respicis
860 1591 995 1629 omnia
1010 1619 1022 1641 ,
1048 1591 1237 1631 fundunt.

271 1654 478 1708 Agricolas
499 1657 690 1695 miserans
710 1655 918 1708 dispendia
940 1670 1059 1696 saeva
1084 1656 1267 1710 relaxas3

163 1721 287 1760 Curia
314 1722 509 1774 perversis
540 1735 635 1760 nam
668 1727 792 1760 cessat
813 1720 993 1759 moribus
1017 1724 1172 1772 omnis,

163 1787 245 1826 Nec
264 1787 356 1826 licet
377 1788 533 1826 iniustis
561 1786 677 1826 solito
699 1793 954 1826 contemnere
980 1786 1097 1840 leges.

163 1853 282 1891 Nunc
303 1854 453 1906 equites
477 1852 646 1891 horrent
673 1858 874 1890 rectorum
902 1851 1007 1890 iussa
1032 1850 1223 1892 vehentes
1236 1882 1247 1901 ,

163 1918 202 1957 N
206 1933 249 1957 ec
270 1918 371 1958 lucri
397 1933 514 1957 causa
544 1919 800 1957 commiscent
831 1931 944 1956 sacra
970 1917 1163 1970 profanis.

159 1984 316 2035 *Iudicis
346 1985 429 2037 ipse
452 1984 592 2023 sedens
621 1983 736 2022 iudex
767 1982 944 2022 caelestis
975 1984 1106 2036 imago

164 2050 248 2091 Per
275 2057 316 2089 te
346 2050 562 2103 respondes
586 2048 743 2103 populis
768 2048 930 2089 oracula
955 2055 1116 2100 sancta,

164 2118 316 2157 Proicis
337 2124 377 2156 et
402 2116 555 2164 nullos,
586 2117 663 2154 nisi
690 2116 760 2168 qui
784 2129 866 2154 non
886 2116 989 2154 iusta
1013 2122 1241 2167 reposcunt.

169 2184 331 2223 Aurum
353 2196 435 2221 non
453 2182 621 2221 adhibes
635 2211 646 2230 ‚
673 2180 926 2220 moderantes
947 2188 1040 2219 ante
1065 2179 1247 2220 solebant

171 2249 292 2299 Quod
321 2249 417 2288 dare
432 2279 443 2301 ‚
474 2262 526 2288 ne
546 2247 664 2288 liceat
693 2248 821 2295 socios
849 2253 1028 2285 evertere
1057 2246 1173 2285 furtis
1187 2277 1204 2297 ,

170 2314 444 2368 Exemploque
477 2315 595 2353 doces
618 2320 829 2367 quaest-um
852 2319 1106 2351 contemnere
1130 2318 1313 2366 turpem..

170 2380 339 2419 Tirones
359 2381 453 2419 forti
481 2394 669 2419 numeros
696 2392 805 2417 nunc
829 2377 956 2417 milite
978 2376 1200 2430 complent,

172 2446 359 2498 Veraque
385 2460 466 2485 non
492 2447 642 2499 pretio,
671 2444 740 2484 sed
763 2443 927 2491 robore,
957 2444 1068 2496 signa
1099 2449 1316 2482 merentur.

284 2511 393 2562 Quid
408 2541 418 2559 ,
450 2512 560 2565 quod
580 2511 781 2565 dispensas
803 2509 970 2548 cerealia
993 2523 1161 2548 munera
1179 2510 1309 2559 vitae,

173 2577 351 2617 Luxurie
382 2577 601 2630 prohibens
635 2575 754 2619 urbes
782 2582 1001 2627 cautusque
1023 2574 1166 2614 futuri.

173 2643 254 2682 Nec
275 2656 436 2682 sensum
456 2641 612 2699 populis
639 2640 737 2680 caeli
758 2640 952 2694 paenuria
982 2640 1169 2693 praebet,

274 2719 348 2755 186.
378 2717 438 2753 hic
461 2717 580 2762 EndL,
604 2718 671 2757 vix
699 2716 778 2756 cod.

1487 153 1597 211 523

1524 476 1598 531 175

1526 807 1600 847 180

1521 1136 1597 1176 185
1663 1111 1666 1114 ἢ

1529 1477 1611 1518 190²

1528 1785 1607 1842 195

1530 2129 1610 2156 200

1531 2442 1620 2484 205⁴
