1924 3164
622 205 656 245 E
691 207 863 251 musci
911 210 1184 254 ms‘rolm.
1511 197 1610 253 161

161 303 237 346 sm·
257 302 403 361 εἰρήνῃ
430 306 706 363 σπένδεσθαι,
745 311 821 352 καί
844 310 951 354 κατὰ
984 311 1032 355 τὸ
1060 312 1239 356 παλαιὸν
1265 311 1363 370 ἔθος
1387 316 1506 373 παρὰ
1532 317 1809 371 tore-Anni&

148 362 311 426 Ἴστρον
338 372 383 419 ές
408 368 564 415 ταῦτὸν
589 373 732 424 ἰόντας
770 375 1005 430 Ῥωμαίοις
1031 382 1278 437 προτιθέναι
1315 378 1495 439 ἀγορὰν,
1539 369 1734 451 xaa'ff‘ffi

160 434 483 490 ἀντιλαμβάνειν
509 433 570 481 οἷν
595 436 650 482 ἂν
678 439 865 495 δεόμενοι
890 441 1073 498 τύχοιεν.
1119 444 1194 487 καὶ
1217 444 1243 501 ἦ
1269 448 1349 501 μὲν
1378 452 1502 505 σφῶν
1532 450 1612 492 αὖ·
1650 428 1734 452 eon.
1755 429 1798 454 η

160 501 246 542 τῶν
268 503 469 557 πρεσβεία
502 505 549 547 ἒν
574 507 712 548 τοῖσδε
741 503 850 549 οὖσα
878 503 1089 565 ἄπρακτος
1115 511 1308 568 ἐπανῄει·
1361 511 1414 556 οὕ
1446 513 1526 572 γὰρ
1566 517 1611 558 έ-

135 565 278 613 &rhua
318 570 377 625 τῷ
414 569 678 623 βασιλεύοντι
709 566 898 623 Οόννους
923 578 1010 617 τῶν
1046 575 1303 630 εΡωμαϊκιὸν
1337 583 1611 635 συμβολαίων

158 633 354 688 μετέχειν
381 635 514 679 πολλὰ
542 634 621 692 τήν
649 638 787 680 αὐτοῦ
813 640 1087 691 κακώσαντας
1112 645 1213 698 γῆν.
1269 643 1310 686 οἱ
1334 645 1384 687 δὲ
1412 648 1491 689 τοῦ
1514 647 1614 690 Ἀτ-

159 699 265 753 τήλα
290 701 439 750 παῖδες
465 699 542 757 τήν
565 701 639 745 ἐπὶ
668 705 722 761 τῇ
762 706 964 765 πρεσβείᾳ
1005 706 1225 765 α’πόκρισιν
1261 708 1479 764 δεξάμενοι
1505 711 1614 768 πρὸς

158 766 276 820 σφᾶς
312 766 583 830 ῥιεφέροντο·
636 767 662 810 ὅ
699 771 779 823 μὲν
805 770 886 828 γὰρ
929 773 1142 828 Δεγγιζίχ,
1182 774 1405 830 ἀπράκτως
1439 779 1614 820 ἐπανελ-

159 826 323 872 θόντων
349 833 432 873 τῶν
459 834 686 888 πρέσβεων,
715 834 900 889 πόλεμον
923 837 1158 892 “Ρωμαίοις
1195 840 1366 895 ἐπάγειν
1399 841 1640 896 ἐβούλετο,0

109 893 186 940 1οό
213 896 261 938 δὲ
293 895 462 952 Ἠρνάχ
500 897 601 955 πρὸς
628 901 786 957 ταύτην
821 900 1059 959 ἀπηγόρευε
1095 903 1173 961 τὴν
1210 906 1506 965 παρασκευὴν,
1548 905 1623 959 οὖς,

157 961 243 1004 τῶν
269 961 377 1004 κατὰ
399 962 552 1021 χώραν
577 962 824 1022 ἇπαγόντων
852 967 984 1011 αὔτὸν
1013 972 1220 1024 πολέμων.

269 1025 341 1070 ιθ’.
398 1026 491 1072 Ὅτι
529 1031 796 1089 Σαράγουροι
839 1033 1098 1091 Ἀκαττίροις
1143 1038 1219 1079 καί
1256 1031 1401 1088 ἄλλοις
1437 1038 1810 1084 ἕθνεσινεοὰΐοπῑ-

152 1093 399 1147 ἐπιθέμενοι
441 1096 514 1138 ἐπὶ
535 1099 715 1153 Πέρσας
755 1097 1030 1155 ἐστράτευον,
1085 1100 1159 1144 καὶ
1188 1101 1392 1159 πρότερον
1427 1106 1507 1158 μὲν
1540 1108 1614 1150 ἐπὶ

158 1161 363 1210 Κασπίας
387 1165 659 1217 παρεγένοντο
686 1163 832 1214 πύλας·
887 1165 962 1207 καί
986 1165 1183 1222 φρουρὰν
1210 1167 1431 1223 Περσικὴν
1456 1172 1504 1213 ἐν
1528 1167 1613 1213 αὖ·

108 1228 256 1275 ι5ταῖς
286 1227 608 1281 ἐγκαθεστῶσαν
643 1229 838 1285 εὑρόντες
873 1227 1023 1287 ἑτέραν
1052 1229 1152 1274 ὁδὸν
1179 1231 1432 1289 ἐτράποντο,
1479 1238 1536 1278 δι’
1561 1232 1613 1292 ἧς

158 1292 232 1334 ἐπὶ
257 1290 356 1342 τούς
382 1289 553 1350 Ἴβηρας
578 1293 772 1344 ἐλθόντες
798 1295 873 1351 τήν
900 1311 945 1338 τε
975 1292 1118 1339 αὖτῶν
1147 1297 1299 1355 ἐδῄουν
1324 1301 1400 1340 καί
1423 1300 1477 1342 τὰ
1510 1297 1613 1357 ’Δρ-ι

154 1357 311 1412 μενίων
347 1358 488 1415 χωρία
532 1362 805 1416 κατέτρεχον,
855 1357 966 1404 ὥστε
993 1363 1172 1418 Πέρσας
1210 1361 1317 1420 πρὸς
1355 1367 1415 1422 τῷ
1442 1369 1612 1426 πολέμῳ

156 1424 242 1465 τῶν
276 1426 527 1481 Κιδαριτῶν
557 1428 616 1485 τῷ
642 1428 774 1469 πάλαι
801 1423 944 1477 αὐτοῖς
971 1429 1175 1470 συστάντι
1202 1431 1276 1471 καί
1301 1427 1457 1486 ταύτην
1484 1432 1614 1474 εὐλα-

155 1490 387 1543 βουμένους
414 1489 568 1548 ἔφοδον
609 1491 727 1550 παρὰ
758 1491 1005 1547 ζΡωμοιώυς
1031 1492 1399 1550 πρεσβεύσασθαι,
1427 1497 1501 1540 καί
1538 1500 1647 1541 αι’-Β

103 1562 242 1599 ποτεῖν
267 1556 470 1612 χρήματά
497 1575 644 1615 σφισιν
671 1556 816 1610 αὕτοῖς
845 1561 1043 1603 δίδοσθαι
1077 1557 1105 1617 ἢ
1131 1554 1292 1617 ἄνδρας
1334 1562 1442 1617 πρὸς
1472 1569 1614 1620 φυλα-

156 1620 233 1678 κὴν
258 1624 330 1666 τοῦ
365 1623 655 1680 Ἰουροειπαὰχ
681 1628 904 1683 φρουρίου,
933 1628 1008 1669 κατ’
1032 1627 1168 1681 λέγειν
1193 1624 1303 1683 ἅπερ
1331 1628 1480 1678 αὐτοῖς
1510 1635 1614 1673 πολ-

155 1686 277 1740 λάκις
315 1686 456 1746 εἴρητο
492 1694 863 1747 πρεσβευομένοις,
894 1688 980 1745 ὅτι,
1018 1688 1156 1735 αὐτῶν
1195 1692 1495 1750 ὑφισταμένων
1532 1695 1612 1747 τὰς

155 1750 300 1809 μάχας
325 1755 484 1812 καὶμὴ
522 1756 854 1815 συγχωρούντων
880 1756 934 1801 τὰ
963 1758 1136 1801 ἐπιόντα
1163 1756 1268 1815 ἔθνη
1294 1758 1496 1818 βάρβαρα
1525 1760 1612 1805 πά-

230 1851 283 1874 ιι.
309 1840 492 1886 πολέμων
513 1841 608 1883 Val.,
632 1842 804 1889 πόλεμον
826 1844 921 1889 vulg.
1006 1841 1138 1880 22610
1162 1847 1201 1878 et
1223 1853 1309 1878 mox
1332 1836 1386 1890 pt}
1415 1855 1486 1880 om.
1509 1845 1606 1889 vulg.

228 1886 473 1933 Negationem
497 1888 576 1935 (οὐ)
601 1887 688 1922 addi
711 1888 867 1924 iubebat
889 1889 970 1924 val.
996 1932 1006 1937 x

156 1971 206 2007 ad
228 1973 360 2006 Istrum
388 1973 668 2017 convenientes,
691 1978 891 2008 mereatum
917 1975 1167 2016 celebrarent,
1192 1985 1238 2009 ex
1262 1984 1336 2020 quo
1363 1974 1518 2016 invicem
1544 1987 1608 2019 ea,

157 2029 253 2066 quae
284 2020 357 2053 sibi
390 2031 480 2064 opus
508 2027 654 2062 essent,
689 2022 931 2056 desumerent.
979 2024 1026 2056 Et
1066 2033 1108 2056 ea
1135 2021 1287 2068 quidem
1318 2021 1474 2065 legatio,
1510 2033 1608 2068 quae

155 2066 251 2100 circa
277 2065 368 2100 haec
385 2067 598 2102 versabatur
614 2094 624 2109 ,
648 2080 686 2102 re
713 2068 850 2102 infecta
877 2067 999 2103 rediit.
1047 2068 1123 2102 Nec
1150 2069 1248 2102 enim
1274 2068 1479 2113 Imperator
1507 2081 1608 2103 com·—

154 2113 330 2147 mercium
361 2114 603 2148 Romanorum
638 2127 719 2149 cum
756 2115 919 2156 Hunnis,
943 2115 1009 2160 qui
1044 2127 1107 2150 eos
1129 2119 1186 2147 tot
1210 2114 1352 2148 damnis
1379 2120 1416 2148 et
1439 2114 1605 2150 cladibus

154 2161 371 2202 affecerant,
398 2160 671 2196 concedendum
693 2173 770 2196 esse
794 2161 908 2195 duxit.
955 2162 1004 2194 At
1024 2173 1109 2196 vero
1133 2161 1269 2195 Attilae
1293 2161 1374 2202 filii,
1396 2163 1607 2197 renuntiata

154 2205 340 2252 legatione
359 2232 370 2249 ‚
394 2208 490 2241 inter
515 2219 553 2242 se
578 2209 836 2243 dissenserunt.
870 2206 1014 2242 Etenim
1037 2207 1258 2253 Dengisich‚
1282 2208 1411 2253 legatis
1436 2208 1538 2242 nulla
1563 2219 1603 2242 re

156 2254 348 2298 impetrata
384 2254 558 2295 reversis,
592 2255 733 2288 bellum
767 2255 934 2289 Romanis
963 2254 1098 2289 inferre
1133 2254 1291 2289 volebat.
1349 2254 1417 2287 Cui
1443 2256 1602 2290 consilio

155 2299 285 2333 Irnach
311 2300 558 2346 repugnabat,
585 2302 685 2347 quod
710 2304 748 2336 in
773 2303 980 2347 praesentia
1003 2301 1120 2335 multa
1145 2313 1165 2334 a
1188 2301 1287 2335 bello
1313 2306 1513 2334 avocarent.

253 2358 304 2391 19.
353 2348 518 2393 Saraguri
544 2359 624 2382 cum
648 2349 828 2382 Acathiris
863 2347 1019 2394 aliisque
1059 2347 1227 2394 gentibus
1254 2348 1442 2381 coniuncti
1467 2349 1602 2382 inPer-

155 2403 213 2426 sas
241 2395 440 2427 exercitum
467 2395 658 2429 duxerunt.
707 2396 865 2433 Primum
891 2395 1040 2440 quidem
1065 2395 1112 2429 ad
1144 2400 1266 2440 portas
1301 2395 1448 2440 Caspias
1481 2406 1602 2429 acces—

155 2445 300 2481 serunt,
329 2440 395 2474 ubi
427 2453 508 2474 cum
541 2441 764 2488 praesidium
789 2440 968 2476 Persicum
993 2441 1246 2482 offendissent,
1280 2441 1326 2475 ad
1359 2442 1470 2474 aliam
1503 2442 1601 2476 viam

156 2485 404 2529 deflexerunt,
430 2499 501 2533 qua
526 2488 573 2522 ad
596 2489 720 2523 Iberos
746 2490 930 2530 conversi,
955 2489 1140 2534 regionem
1163 2491 1376 2529 vastarunt,
1407 2493 1445 2522 et
1469 2499 1601 2522 excur-

155 2533 278 2566 siones
302 2534 341 2566 in
364 2533 500 2579 oppida
510 2535 763 2570 Armeniorum
787 2535 962 2569 fecerunt.
987 2537 1034 2569 At
1056 2535 1183 2569 Persae
1198 2561 1208 2576 ‚
1233 2535 1298 2581 qui
1315 2535 1387 2568 iam
1409 2536 1598 2578 superiore

154 2578 257 2612 hello
282 2591 363 2612 cum
387 2580 557 2615 Cidaritis
580 2582 677 2616 hunc
703 2582 841 2616 aditum
866 2583 1174 2623 communierant,
1199 2583 1337 2626 legatos
1362 2581 1408 2614 ad
1418 2581 1596 2614 Romanos

154 2627 359 2667 miserunt,
383 2627 448 2672 qui
473 2628 519 2662 ab
544 2629 619 2662 illis
656 2630 830 2675 pecunias
869 2634 933 2663 aut
963 2629 1098 2663 milites
1127 2628 1174 2662 ad
1198 2628 1399 2662 custodiam
1424 2629 1514 2661 arcis
1540 2630 1598 2661 Ie-

155 2671 293 2706 rouach
314 2678 502 2718 peterent,
527 2680 564 2709 et
587 2677 687 2722 quod
709 2677 780 2709 iam
805 2686 912 2720 saepe
940 2687 1006 2721 per
1028 2675 1166 2720 legatos
1192 2677 1371 2720 egissent,
1398 2674 1598 2715 docerent,

156 2719 190 2751 si
219 2719 292 2764 ipsi
326 2722 523 2755 certamina
561 2723 783 2757 sustinerent
827 2728 864 2756 et
906 2721 1080 2757 barbaros
1125 2722 1376 2768 aggredientes
1413 2720 1458 2752 ab
1492 2720 1597 2754 aditu

155 2764 414 2811 prohiberent,
435 2771 533 2802 tutos
561 2768 638 2803 fore
664 2770 907 2804 Romanorum
932 2770 1034 2805 fines.
1081 2770 1148 2805 His
1169 2780 1255 2806 vero
1276 2767 1595 2814 respondentibus,

199 2834 408 2882 Dexippus,
432 2836 630 2885 Eunapius
653 2847 718 2873 etc.
1289 2848 1325 2872 ιι
