1924 3164
435 191 490 231 1N
530 188 775 234 EcLoeAs
817 190 1043 233 CANmm
1092 173 1588 249 is‘AnR1.579

146 298 228 330 tem
250 291 421 331 Zenonis
455 299 494 333 et
519 293 718 334 Anastasii
733 295 949 334 Silentiarii
973 311 1080 335 anno
1099 298 1198 350 491.
1221 295 1369 335 factam
1391 294 1596 336 Ariadnae

145 360 269 399 opera
298 348 657 400 inaugurationem.
716 351 892 389 Leonem
924 351 1032 390 hunc
1055 352 1122 390 alii
1148 351 1348 390 Thracem
1373 350 1596 415 appellant,

147 409 187 441 et
222 404 549 454 cognominatum
595 403 714 442 fuisse
754 406 949 457 Magnum
973 434 985 454 ‚
1024 406 1232 445 Seniorem
1278 420 1324 444 ac
1362 403 1600 457 Manum

146 455 303 494 volunt.
374 457 610 496 Theodorus
660 458 913 525 Anagnostes
960 459 1065 499 libro
1119 462 1250 513 primo
1312 460 1370 498 Co
1388 458 1601 498 lectaneo-

147 524 276 549 rum.
328 511 635 563 προχειρίζεται
675 512 721 551 δὲ
762 527 819 559 εις
854 514 1032 564 βασιλέα
1070 514 1199 554 Λέων
1254 527 1315 560 τις
1353 510 1468 568 Gya}
1519 514 1600 562 μὲν

146 561 195 604 τὸ
224 565 368 615 γένος,
415 566 632 619 τριβοῦιος
677 565 723 605 δὲ
761 564 840 619 τὴν
871 565 1019 618 ἅξιάν,
1066 583 1188 621 quam
1227 569 1461 621 dignitatem
1492 568 1599 606 Can-

147 619 266 659 didus
316 619 441 683 longa
493 621 727 660 ciicuitione
756 624 934 684 exponit
972 636 983 660 :
1040 623 1328 689 στοατιωτικῷ
1374 623 1603 673 παραγγεί-

147 675 225 719 λας
276 671 451 725 τάγματι
489 688 555 713 και
584 676 712 713 τελῶν
746 669 877 728 α’ρξας
917 676 1001 715 τῶν
1032 676 1076 716 ἐν
1111 661 1374 731 Σηλυμβρία.
1433 678 1496 715 De
1526 691 1602 729 pa-

148 730 227 767 tria
257 736 297 767 et
326 727 455 767 officio
481 730 675 768 consentit
700 730 970 784 Theophanes
1009 731 1048 769 in
1080 731 1286 771 Chionico
1317 717 1458 770 ii‘sdem
1507 744 1603 770 usus

149 783 284 822 verbis
306 813 317 830 ‚
322 784 501 850 .‚‘1.¹¹ib¹¹⁵
532 784 760 823 subnectit.
808 799 912 836 μηνι
961 785 1237 839 Φεβρουαρίῳ
1264 815 1276 836 ‚
1307 783 1408 825 Ἰνδ.
1443 780 1468 823 ι’
1509 798 1602 824 στε-

151 837 277 890 φθεις
310 832 391 875 ὕπο
419 836 668 877 Ἀνατολιόυ
709 839 997 893 πατριάρχου,
1045 840 1155 894 quod
1199 854 1253 879 an
1292 854 1434 879 verum
1461 841 1528 888 sit,
1563 841 1607 879 in

151 892 353 931 Chronico
381 892 622 931 videbimus.

255 947 358 999 Pag.
379 961 440 1000 17.
468 947 522 985 A.
549 946 664 1002 [472,
694 947 760 1002 6.]
789 948 1084 996 Ardaburihcm
1108 949 1329 989 Patr-wizam
1355 958 1394 988 et
1429 948 1602 989 Herme-

152 1003 369 1043 nariclmm.
430 1002 531 1040 Tres
563 1003 729 1055 Aspaiis
758 1003 859 1042 filios
893 1018 939 1042 ex
973 1005 1105 1043 tiibus
1161 1004 1354 1043 uxoribus
1398 1012 1604 1057 susceptos

155 1063 351 1095 memorat
388 1056 609 1095 Candidus.
668 1058 730 1096 De
761 1058 910 1110 quibus
956 1059 1074 1111 plura
1112 1058 1233 1111 paulo
1276 1065 1394 1111 post,
1436 1073 1528 1097 cum
1561 1073 1608 1098 ex

153 1112 338 1174 ipsomet,
370 1117 457 1148 tum
481 1125 525 1148 ex
563 1111 650 1150 aliis
676 1113 900 1151 coaetaneis
927 1114 1190 1165 scr-iptoiibus
1223 1113 1408 1152 dicentur
1427 1127 1448 1151 a
1467 1114 1609 1162 nobis3

154 1167 315 1204 inteiim
351 1165 548 1215 observa,
584 1166 797 1229 implexam
835 1168 955 1206 nimis
1005 1169 1120 1232 apud
1142 1169 1342 1206 Zonaram
1387 1170 1611 1207 orationem

155 1219 235 1259 levi
268 1222 488 1258 mutatione
523 1223 654 1259 sanari
682 1235 845 1284 posse:
887 1235 1009 1260 εικων
1042 1217 1197 1285 α’νάγκῃ
1226 1223 1455 1284 Καίσαρα
1503 1224 1619 1260 ποιεῖ

157 1270 240 1313 α’πὸ
266 1273 485 1324 πατρικίου
513 1274 618 1325 (lege
646 1271 719 1314 τὸν
751 1275 1000 1329 Πατρίκιον)
1029 1275 1096 1316 τὸν
1130 1277 1206 1315 τοῦ
1226 1270 1442 1329 ’Ἁσπαρος
1466 1276 1613 1326 παῐὸα,

156 1326 206 1368 A
206 1327 462 1381 ρδαβουριόυ
490 1328 535 1367 δὲ
560 1325 758 1381 ἀδελφόν.

272 1383 375 1435 Pag.
411 1382 472 1421 18.
497 1383 550 1421 A.
573 1383 690 1437 [472
718 1383 798 1437 12.]
835 1384 1029 1423 Isauriam
1061 1385 1112 1424 ab
1138 1385 1250 1424 Esau
1286 1399 1426 1424 nomen
1462 1395 1615 1424 mutua-

159 1447 256 1477 tam.
315 1438 427 1475 Idem
452 1451 612 1500 quoque
644 1439 748 1477 infra
772 1439 912 1477 eadem
936 1441 1081 1492 pagina
1102 1440 1292 1478 inculcat.
1348 1440 1426 1478 Sed
1459 1441 1510 1479 de
1539 1440 1619 1479 hac

159 1492 423 1545 originatione
447 1494 595 1530 mirum
621 1493 728 1545 apud
750 1501 856 1532 cetei
858 1508 901 1532 os
935 1494 1157 1533 silentium.

277 1546 378 1599 Pag.
411 1546 474 1585 18.
505 1547 558 1586 A.
583 1546 685 1601 [475
692 1577 702 1598 ,
749 1547 830 1600 ι4.]
861 1549 1004 1587 Leoms
1029 1564 1107 1603 ρει·
1142 1548 1337 1604 Asparem
1372 1550 1613 1588 electonnem

163 1600 319 1640 Auctoi
360 1601 547 1640 Chronici
579 1602 842 1641 Alexandrini
886 1603 937 1641 ab
987 1605 1161 1642 exercitu
1206 1611 1384 1642 oleatum
1441 1605 1618 1642 Leonem

165 1657 359 1708 Magnum
381 1663 549 1694 testatur
571 1671 610 1709 7.
630 1657 726 1695 Idi-s
745 1658 983 1704 Februarii,
1018 1658 1280 1697 Constantino
1305 1666 1343 1696 et
1370 1658 1474 1696 Rufo
1488 1658 1597 1696 Coss.
1588 1687 1615 1704 .‚

163 1724 272 1748 anno
298 1710 808 1777 ΒοωὶηἰοίΝοΐ31ἰ5457..
800 1709 904 1749 ·και“
942 1707 1104 1765 επήρθη
1148 1712 1274 1750 Λέων
1320 1710 1341 1749 ὅ
1382 1712 1512 1762 μέγας
1541 1713 1619 1761 βα-

166 1761 308 1809 σιλεὺς
337 1759 418 1802 υπὸ
452 1765 528 1802 τοῦ
560 1764 768 1816 ἑξερκέτου
802 1778 900 1816 μηνι
918 1754 1105 1819 Περιτίῳ
1136 1762 1214 1816 πρὸ
1243 1762 1274 1813 ζ’
1304 1764 1404 1805 ἰὸῶν
1432 1766 1621 1816 Φεβρου-

169 1815 311 1869 αριᾝου
365 1819 539 1871 Propius
572 1819 623 1856 ad
651 1819 819 1857 Candidi
851 1822 1125 1858 uariationem
1156 1821 1307 1857 accedit
1341 1827 1428 1857 tum
1474 1820 1618 1858 Suidas

170 1874 212 1911 in
240 1886 335 1911 voce
358 1872 612 1912 Ardaburius
629 1904 638 1920 ‚
673 1881 762 1912 tum
785 1874 948 1912 Priscus
968 1874 1121 1912 Rhetor
1141 1888 1162 1911 a
1193 1875 1248 1911 ud
1278 1874 1502 1936 Euaglium
1524 1874 1554 1912 l.
1578 1888 1620 1913 2.

169 1942 258 1992 cap.
291 1928 369 1967 16.·
403 1924 508 1980 α’περ
549 1925 826 1992 ἀκριβέστατα
858 1925 1035 1982 Πρίσκω
1069 1928 1128 1966 τιῖί
1180 1924 1338 1991 Ρήτορι
1379 1922 1624 1993 πεπότηται.

173 1977 285 2027 ὅπως
323 1995 366 2021 τε
393 1964 499 2020 ὃόλω
526 1979 762 2045 7159157230321
803 1978 824 2020 ὅ
869 1982 997 2021 Λέων
1035 1967 1192 2031 μισθὸν
1222 1977 1360 2045 ω’σπερ
1395 1979 1624 2030 ἀποδιδοὺς

171 2036 247 2087 τῆς
283 2034 324 2082 ἐς
357 2032 486 2075 αὐτόν
524 2037 770 2099 προαγωγῆς
808 2029 1205 2103 oiva1952‘”Aona9a
1235 2032 1310 2087 τὴν
1326 2032 1476 2086 μρχὴν
1508 2035 1626 2091 αὐτῷ

174 2091 423 2157 περιθέντα,
480 2087 635 2134 παῖδάς
657 2104 698 2130 τε
735 2089 864 2130 αυτοῦ
922 2072 1238 2158 Ἀρδαβούριον
1265 2089 1339 2128 καί
1371 2075 1624 2153 Πατηίκιον,

177 2158 224 2183 ον
264 2142 464 2197 Καίσαρα
500 2158 716 2208 nsuntqro
744 2144 969 2197 πρότερον,
1014 2144 1082 2183 ινα
1114 2141 1190 2196 τήν
1217 2137 1444 2197 ”Ασπαρος
1480 2157 1626 2183 αιοιαν

176 2193 399 2250 κτήσηται,
422 2214 491 2238 seu
515 2201 647 2253 potius
668 2193 858 2249 εὔνοιαν,
886 2207 931 2238 ut
959 2199 1196 2251 iampridem
1219 2199 1451 2238 emendavit
1476 2199 1624 2237 doctis-

179 2254 304 2292 simus
326 2253 642 2292 IacobusBillius
663 2253 734 2292 lib.
762 2269 798 2292 1.
816 2269 890 2307 cap
943 2254 1011 2294 38.
1038 2254 1378 2293 Observationum
1404 2267 1624 2293 sacrarum.

180 2307 326 2360 Aspari
359 2309 549 2347 Senatum
578 2309 783 2361 coniungit
810 2309 1096 2348 Constantinus
1127 2309 1331 2348 Manasses
1357 2310 1402 2347 in
1438 2322 1627 2362 compen-

183 2361 252 2400 dio
281 2363 481 2402 Chronico
502 2378 594 2416 pag.
617 2362 683 2402 58.
713 2363 896 2401 editionis
925 2365 1081 2426 regiae:

285 2414 343 2456 ‘H
367 2415 590 2470 σύγκλητος
619 2431 699 2455 συν
717 2410 908 2480 ’Ἀσπαρι
939 2417 997 2455 τσῦ
1026 2412 1116 2456 τότε
1144 2417 1347 2484 πατρικίῳ

291 2470 366 2517 Εις
387 2472 549 2511 Λέοντα
570 2468 795 2533 κατάγουσι
818 2467 895 2522 τὴν
924 2456 1343 2535 σκηπτροκρατορίαν.

300 2522 381 2565 Τόν
412 2521 660 2588 φροιτιστὴν
686 2522 756 2564 τὸν
777 2522 969 2589 λογιστὴν
998 2525 1080 2565 τῶν
1099 2519 1317 2589 ’Ἀσπαρος
1350 2541 1627 2581 πραφματων,

295 2577 684 2630 Καθυποσχόμενος
708 2579 824 2634 αὐτῷ
852 2576 1033 2643 θάτερον
1063 2580 1146 2620 τῶν
1177 2575 1283 2620 ὑέων

298 2633 364 2672 Τῶ
388 2635 534 2697 στέφεϊ
555 2632 630 2671 τοῦ
645 2618 878 2696 Καίσαρος
911 2649 986 2686 την
995 2629 1197 2700 κεφαλήν
1227 2635 1461 2687 κοσμῆσαι·

299 2671 410 2726 Οἷῗὸὲ
434 2686 510 2752 γὰρ
542 2681 593 2739 ἦν
614 2683 682 2725 τὸν
704 2672 902 2738 'Aonapa
926 2684 1119 2754 κράτους
1135 2688 1413 2752 ἐπιλαβέσθαι

307 2741 368 2796 Τῇ
403 2739 533 2798 λύσσῃ
561 2737 834 2792 κατεχόμενον
849 2723 1024 2795 Ἀρείου
1046 2743 1119 2782 τοῦ
1141 2738 1323 2796 βεβήλου
