1924 3164
352 168 382 231 '1
394 185 465 237 04
957 192 1174 233 EUNAPn
1235 193 1237 195 ’

351 308 432 336 ων*
461 295 533 337 καὶ
557 295 692 336 ταῦτα
721 294 871 348 σαφῶς
897 290 1267 342 ἐκπυνθανόμενοι,
1296 286 1403 342 πρὸς
1430 287 1564 330 ταῦτα
1591 288 1784 344 διεστρα-

347 357 499 416 τήγουν
524 358 592 403 τὸν
620 357 816 411 πόλεμον.
875 359 980 399 Voe.
1006 352 1240 409 βαλάντιον.

457 427 527 480 κγ’.
599 425 811 468 Τοσούτου
852 423 899 464 δὲ
940 423 1153 470 οἰδοῦντος
1202 420 1274 462 καί
1307 418 1603 475 ὖποφυομένου
1642 419 1786 460 κακοῦ.

340 494 398 537 -V
392 508 448 549 ος.
478 491 688 534 οἰδοῦσαν.

451 553 525 599 κδ’.
585 558 678 598 Τῶν
707 556 753 597 δὲ
774 551 994 608 Ῥωμαίων
1020 556 1083 597 ἐπ’
1112 549 1216 595 αὖτὸ
1243 555 1365 595 τοῦτο
1392 552 1648 606 βιαζομένων
1674 544 1806 592 ἄπο-5

343 640 418 680 ρον
458 619 589 676 αὖτῆς
615 617 835 670 ἀποδεῖξαι
855 619 926 662 καί
941 622 1097 675 πλῆθος
1125 617 1198 660 καί
1222 619 1341 660 θέσιν
1369 617 1444 658 καί
1468 618 1583 671 βέλη,
1611 613 1782 670 καὶμη-

308 722 310 724 -
339 686 474 743 χανοὶς
499 686 574 728 καί
597 687 757 740 μεγέθη
785 687 1010 739 ποταμῶν,
1038 684 1143 739 πρὸς
1170 681 1216 726 τὸ
1240 681 1300 738 μὴ
1329 682 1537 738 ἡττᾶσθαι
1562 682 1683 738 σφῶν
1709 679 1783 726 καὶ

340 752 565 805 ὁμολογεῖν
583 747 690 792 εἶναι
714 752 915 806 χείροσιν.’
974 752 1020 793 V
1016 766 1079 792 oc.
1108 750 1261 797 θέσεις.

446 815 517 863 κε’.
574 809 702 860 Οὗτοι
736 818 814 870 μὲν
842 809 923 858 ὦδε
948 817 1138 869 μένοντες
1165 811 1454 869 ὗπεμόσχευον
1480 809 1555 854 τὸν
1582 808 1777 864 πόλεμον.

341 884 390 925 V
385 898 442 926 oc.
468 881 703 937 μοσχεύων.
1499 877 1502 880 ⁴
1783 889 1830 918 ιο

446 949 519 998 κς’.
569 950 631 998 Ἐς
657 947 779 998 τόξου
809 948 928 1004 ῥῦμα
956 949 1194 1004 περιέπλεον
1220 952 1305 996 τοῖς
1332 946 1556 999 Ῥωμαίοις
1594 940 1634 985 οἱ
1662 940 1778 997 ,βάρ-

333 1018 485 1071 βαροι,
514 1011 631 1056 πόλλ’
660 1010 748 1067 ἅμα
774 1014 874 1069 βέλη
902 1011 1116 1070 οἷφιέντες·
1144 1041 1199 1048 -
1225 1014 1360 1070 πέτρα
1390 1012 1449 1053 δέ’
1478 1025 1542 1058 τις
1585 1008 1777 1051 ἀπεσπα-

333 1082 464 1136 σμένη
495 1080 539 1129 ἐς
566 1078 684 1129 τόξου
713 1079 842 1135 ῥῦμα.
902 1082 950 1122 V
945 1096 1002 1123 oc.
1032 1079 1160 1135 ῥῦμα.

440 1145 513 1197 κζ’.
574 1146 666 1187 Τῶν
692 1146 829 1188 αὐτῶν
858 1145 965 1188 ἐτῶν
991 1150 1168 1199 γυναῖκα
1195 1160 1290 1187 τινα
1318 1143 1484 1191 στείλας
1510 1142 1660 1195 ἐσθῆτι
1679 1143 1785 1184 new,

331 1212 386 1268 κῇ
411 1212 486 1252 καί
509 1212 760 1263 στέμμασιν,
790 1210 848 1260 ὥς
876 1210 927 1266 δὴ
956 1208 1190 1264 μελεδωνὸν
1218 1205 1351 1252 οὖσαν
1378 1209 1452 1264 τῆς
1476 1205 1633 1264 Συρίοις
1660 1202 1827 1248 οὕτωιό

332 1275 383 1332 δὴ
412 1277 666 1330 καλουμένης
689 1276 804 1319 θεοῦ.
863 1277 910 1318 V
905 1291 962 1319 οε.
990 1274 1236 1328 μελεδωνός.

438 1339 515 1397 κη’.
573 1341 665 1383 Καὶ
694 1338 743 1382 ,οἱ
777 1341 856 1393 μὲν
895 1339 1051 1389 αὐτοὺς
1080 1341 1324 1396 διέφθειρον
1349 1339 1548 1393 σχοινίοις
1587 1337 1776 1392 α’ποτροο-

326 1407 581 1462 χηλίζοντες.
642 1408 684 1448 V
683 1420 739 1451 oe,
771 1405 1187 1461 ἅποτραχηλίζοντες.
1769 1451 1771 1453 ¹

434 1470 514 1514 κθ’.
567 1473 723 1514 Καίτοι
741 1469 1040 1527 παρακινηθείς
1059 1473 1134 1512 τοῦ
1163 1470 1453 1527 προσήκοντος.
1509 1468 1607 1511 Voe.
1629 1482 1796 1523 παρα-χ

329 1538 541 1582 κινοῦντα.
1771 1551 1824 1582 2ο

433 1602 483 1643 λ’.
536 1601 632 1645 Καὶ
665 1597 799 1644 τᾶλλα
850 1601 967 1657 πάθη
1024 1602 1127 1644 κατὰ
1165 1602 1242 1658 τὴν
1269 1601 1421 1656 ἐκμελῆ
1446 1596 1580 1655 λύραν
1619 1598 1772 1653 ἐθερα-

322 1663 485 1708 πεύετο.
542 1669 589 1709 V
585 1682 642 1708 oc.
671 1669 852 1720 ἐκμελές.

434 1729 511 1774 λα’.
567 1730 689 1788 Πρὸς
716 1730 762 1773 τὸ
794 1732 955 1789 ἀφανὲς
982 1731 1056 1774 καί
1081 1730 1279 1789 ἀόριστον
1307 1731 1380 1786 τῆς
1404 1728 1550 1786 χώρας
1575 1725 1765 1770 ἐκπεσόν-

319 1879 385 1902 vus
410 1873 514 1903 esset.
563 1869 685 1915 Quum
710 1874 832 1904 autem
857 1871 947 1904 haec
973 1874 1138 1904 accurate
1163 1870 1443 1918 quaesivissent,
1467 1867 1663 1906 secundum
1673 1867 1764 1904 haec

265 1941 267 1944 .
319 1914 458 1949 bellum
484 1914 799 1952 administrabant.

413 1964 468 1997 23.
518 1963 637 1997 Tanto
663 1969 785 1997 autem
815 1964 909 1997 malo
935 1965 1197 1998 intumescente
1224 1968 1261 1997 et
1291 1967 1547 1998 succrescente.

412 2009 470 2053 24.
520 2008 642 2055 Quum
667 2015 789 2043 autem
812 2010 962 2043 Romani
988 2009 1034 2044 ob
1060 2010 1129 2043 hoc
1164 2011 1283 2056 ipsum
1317 2010 1550 2046 vehementer
1582 2018 1763 2042 conaren-

318 2058 380 2087 tur
404 2055 653 2089 demonstrare
678 2057 790 2101 ipsius
819 2057 919 2091 urbis
945 2062 981 2091 et
1004 2058 1151 2101 inopem
1176 2069 1252 2090 esse
1276 2056 1574 2096 multitudinem,
1600 2059 1638 2087 et
1660 2055 1763 2088 inac-

319 2112 456 2134 cessum
482 2113 561 2135 esse
587 2102 687 2136 illius
711 2103 783 2136 loci
807 2105 917 2136 situm
945 2108 983 2137 et
1007 2104 1136 2136 incolis
1165 2114 1242 2137 esse
1268 2104 1381 2136 multa
1416 2103 1491 2136 tela
1515 2107 1553 2135 et
1577 2099 1761 2135 machinas

316 2145 491 2188 bellicas,
528 2153 564 2181 et
587 2149 873 2193 magnitudinem
897 2149 1089 2184 fluviorum
1121 2145 1198 2184 esse
1230 2151 1384 2184 transitu
1410 2148 1620 2190 difficilem,
1643 2158 1690 2183 ne
1713 2147 1760 2182 ab

317 2192 394 2226 illis
418 2194 660 2235 vincerentur,
686 2206 776 2228 neve
802 2206 839 2228 se
872 2196 948 2230 illis
972 2196 1163 2230 inferiores
1193 2206 1271 2230 esse
1295 2195 1562 2229 confiterentur.

411 2243 466 2275 25.
515 2240 581 2274 Isti
606 2241 755 2286 quidem
777 2242 838 2275 hic
861 2247 1020 2277 serentes
1036 2267 1047 2283 ,
1078 2243 1216 2275 bellum
1240 2243 1332 2275 clam
1355 2240 1534 2276 serebant.

411 2287 467 2320 26.
514 2285 663 2320 Barbari
689 2289 865 2322 Romanos
892 2289 938 2322 ad
964 2289 1115 2334 sagittae
1135 2290 1267 2323 iactum
1290 2288 1490 2333 navigando
1505 2286 1759 2328 circumibant,

316 2331 357 2365 in
388 2342 449 2382 eos
473 2333 586 2365 multa
610 2333 684 2367 tela
717 2335 826 2368 simul
861 2336 1107 2370 conficientes.
1155 2336 1272 2382 Rupes
1297 2346 1380 2370 vero
1415 2334 1594 2380 quaedam
1621 2332 1668 2367 ad
1699 2342 1759 2366 sa·-

316 2379 432 2422 gittae
456 2378 590 2411 iactum
618 2385 697 2413 erat
720 2382 851 2414 avulsa.
1331 2394 1333 2396 ·

411 2435 465 2467 27.
513 2425 646 2458 Iisdem
687 2427 848 2461 moribus
879 2427 1078 2473 praeditam
1110 2427 1291 2475 quandam
1319 2426 1508 2461 mulierem
1541 2426 1624 2459 alba
1653 2425 1755 2459 veste

318 2474 355 2502 et
379 2470 519 2504 coronis
555 2478 718 2506 ornatam
742 2474 861 2515 misit,
903 2475 1007 2520 quasi
1033 2481 1120 2509 tunc
1150 2481 1246 2509 esset
1278 2473 1435 2508 curatrix
1470 2473 1616 2516 Syriae,
1653 2471 1755 2505 Deae

318 2525 411 2561 quae
435 2521 521 2549 tunc
545 2518 597 2550 ita
620 2519 827 2556 vocabatur.
1322 2554 1323 2559 ,
1622 2530 1624 2535 ’

408 2564 462 2598 28.
510 2564 556 2596 Et
580 2564 636 2596 illi
660 2565 807 2611 quidem
831 2567 929 2611 ipsos
955 2567 1214 2602 interfecerunt
1237 2566 1385 2600 funibus
1410 2564 1682 2609 strangulantes.

406 2621 464 2654 29.
512 2609 728 2656 Quanquam
752 2622 817 2656 per
841 2613 1011 2647 delirium
1048 2617 1241 2648 recesserat
1264 2611 1310 2644 ab
1339 2611 1467 2646 officio.
1731 2617 1734 2620 ’

407 2657 465 2690 30.
512 2656 559 2689 Et
585 2662 744 2690 caeteros
772 2658 928 2699 morbos,
954 2666 995 2693 ut
1018 2661 1193 2694 concinna
1215 2659 1303 2702 lyra,
1330 2657 1488 2692 curabat.

406 2703 463 2738 δι.
509 2703 551 2744 In
575 2702 763 2736 obscuram
789 2709 825 2737 et
849 2705 1115 2742 interminatam
1135 2705 1292 2751 regionis
1307 2708 1426 2751 partes
1452 2706 1576 2744 erant»
1601 2700 1648 2734 ⁰¹²
1667 2709 1748 2735 αὖ·

316 2747 376 2782 des
404 2753 441 2782 et
462 2748 633 2795 praedam
658 2754 759 2785 erant
789 2750 931 2786 defessi.
1608 2775 1622 2779 ,.
