1838 3210
235 207 365 245 XXVI
806 207 878 246 DE
913 205 1105 248 PETRO.

238 308 387 362 βριθὲς
416 322 502 348 των
531 303 663 347 πάλαι
691 307 768 359 μὲν
796 308 1141 363 φρουμενταρίων
1162 307 1238 350 νῦν
1263 308 1311 350 δὲ
1336 303 1676 366 μαγιστριανων,

234 372 310 449 την
347 388 390 415 τε
426 372 508 414 τῶν
548 367 686 413 ὅπλων
723 371 984 427 κατασκευήν
1021 389 1092 415 και
1129 374 1351 427 ἐξουσίαν,
1394 374 1485 416 ἀλλ’
1511 373 1576 418 ἔτι
1601 393 1674 419 και

235 437 311 492 τὴν
351 439 434 480 τῶν
471 439 691 480 πολιτικῶν
733 435 1137 491 πραγμάτων·καί
1164 436 1464 515 διαφερόντως
1506 442 1674 497 Πέτρος

237 499 381 556 ουτος,
410 502 433 545 ὃ
461 502 605 555 πολύς,
637 502 661 542 ὅ
687 501 838 557 μηδενι
862 509 953 553 ταῖς
980 503 1149 560 α’ρεταῖς
1176 502 1279 561 κατὰ
1306 506 1439 560 μηδὲν
1468 505 1675 562 δεύτερος.

239 567 437 620 διασώζει
479 571 556 622 μὲν
586 566 666 623 γάρ
697 567 770 609 και
799 575 981 625 φρουρεῖ
995 569 1073 625 τὴν
1102 566 1261 625 αὐλήν,
1302 586 1372 613 και
1399 569 1473 625 τὴν
1493 571 1678 624 Ῥωμαϊ-

235 651 310 690 κην
338 635 413 676 οὐκ
443 630 645 676 ἀποπτύει
671 633 968 690 μεγαλειότητα
988 668 1000 688 ,
1039 634 1090 692 ἢν
1117 634 1239 690 ἐγγυς
1265 634 1524 692 ἅπολομένην
1551 638 1678 690 α’βελ-

235 701 352 758 τερία
372 702 453 742 τῶν
476 698 556 756 πρὸ
588 700 732 753 αυτοῦ,
762 695 829 742 οἷα
851 699 984 757 σοφὸς
1004 718 1074 744 και
1105 699 1176 743 διὰ
1206 699 1358 751 παντὸς
1383 707 1468 751 τοῖς
1496 704 1676 756 βιβλίοις

235 767 563 845 npooawe'ygoev,r
582 761 899 821 ἀποκαθίστησι.
955 781 1054 816 τους
1094 768 1141 808 δὲ
1175 765 1328 820 νόμους
1366 766 1518 821 ειδως,
1556 765 1674 823 εἴπερ

233 846 296 878 τις
323 825 469 883 ἄλλος,
515 846 577 878 οις
613 831 659 881 ἐξ
692 831 865 873 ἁπαλῶν
904 829 1068 886 ὀνύχων
1107 831 1321 888 ἀνετράφη
1359 833 1571 891 (1.ἐνετρ.
1601 834 1675 888 N.)

234 897 476 951 συνηγορῶν
494 901 578 945 τοῖς
596 897 817 950 δεομένοις,
845 913 990 953 αρχων
1013 912 1058 938 τε
1076 898 1282 951 μέγιστος,
1310 914 1379 940 και
1397 898 1517 949 ἀξίαν
1535 894 1677 954 ὄφρύν

233 963 307 1015 τῆς
337 962 525 1011 ἐξουσίας
551 962 778 1005 α’νατείνων
806 961 1001 1017 ἐδείχθη,
1047 979 1117 1005 και
1146 961 1343 1018 δικαστὴς
1369 961 1486 1017 οξὺς,
1525 965 1599 1005 καί
1622 961 1671 1004 τὸ

233 1028 394 1068 δίκαιον
428 1029 584 1082 κρίνειν
631 1029 864 1082 εἰλικρινῶς
907 1025 1208 1082 ἐπιστάμενος,
1252 1027 1356 1070 κατὰ
1386 1030 1517 1084 μηδὲν
1545 1026 1677 1071 αὐτόν

233 1086 516 1148 ὑπτιαζούσης
542 1090 618 1147 τῆς
644 1091 786 1148 τύχης.
840 1094 972 1150 πρᾷος
1010 1088 1090 1146 μὲν
1114 1091 1194 1148 γάρ
1224 1093 1315 1134 ε’στι
1342 1092 1417 1134 καί
1439 1095 1645 1147 μειλίχιος
1661 1109 1676 1123 ·

233 1157 326 1202 ἀλλ’
367 1158 444 1198 οὔκ
473 1157 652 1214 εὐχερὴς
671 1190 683 1211 ,
728 1158 828 1201 οὐδὲ
873 1157 979 1209 πρὸς
1014 1156 1090 1208 τὰς
1129 1154 1308 1212 αἰτήσεις
1334 1156 1415 1209 ἔξω
1443 1159 1520 1200 τοῦ
1544 1157 1677 1212 νόμου

232 1221 516 1277 καμπτόμενος
536 1240 548 1252 ·
584 1223 782 1280 ἀσφαλὴς
811 1225 858 1266 δὲ
886 1221 994 1277 ὁμοῦ
1012 1255 1025 1277 ,
1069 1225 1142 1266 καί
1166 1225 1411 1278 προβλέπων
1439 1222 1513 1273 τὰς
1542 1222 1677 1279 ὁρμὰς

231 1291 314 1331 τῶν
341 1286 623 1344 προσιόντων·
652 1291 813 1344 μηδένα
839 1288 988 1345 καιρὸν
1015 1294 1107 1338 ταῖς
1137 1284 1370 1345 ῥᾳθυμίαις
1395 1291 1676 1345 παραχωρῶν·

230 1351 309 1409 τήν
331 1356 410 1407 μὲν
436 1353 566 1397 νύκτα
595 1361 681 1403 τοῖς
706 1356 886 1408 βιβλίοις
908 1388 921 1408 ,
960 1353 1039 1409 τήν
1077 1356 1124 1396 δὲ
1151 1352 1313 1409 ἡμέραν
1339 1360 1426 1403 τοῖς
1457 1353 1676 1409 πράγμασι

230 1422 462 1474 ἐγκεᾴιενος
478 1453 491 1473 ,
517 1421 628 1476 μηδὲ
666 1420 797 1476 αὐτὴν
836 1419 913 1475 τὴν
952 1421 1082 1476 μέχρι
1108 1422 1183 1474 τῆς
1212 1419 1343 1474 αὐλῆς
1371 1421 1417 1462 ἐκ
1443 1422 1515 1474 τῆς
1545 1419 1678 1470 οἰκίας

231 1486 277 1528 ἐν
312 1483 496 1539 ὁμιλίαις
537 1487 795 1542 διασυρίζων
835 1483 1004 1539 ἅπλῶς,
1041 1484 1251 1541 ζητήμασι
1289 1486 1335 1527 δὲ
1363 1489 1561 1539 λογικοῖς,
1604 1486 1678 1528 καὶ

234 1552 473 1608 ἅφηγήσεσι
488 1549 743 1607 πραγμάτων
760 1553 1045 1607 α’ρχαιοτέρων
1059 1549 1164 1604 μετὰ
1182 1552 1264 1593 τῶν
1290 1552 1390 1606 περὶ
1414 1553 1546 1592 ταῦτα
1574 1565 1677 1605 σχο-

231 1614 444 1668 λαζόντων
486 1615 735 1670 εἱλούμενος.
765 1619 838 1659 καί
877 1616 1025 1673 καιρὸς
1069 1615 1206 1666 οὐδείς
1249 1617 1364 1673 αύτῷ
1411 1613 1677 1670 διδαγμάτων

230 1682 345 1725 ἐστὶν
372 1684 602 1738 α’μέριμνος
619 1699 631 1711 ·
682 1682 741 1732 ὥς
765 1682 864 1732 τούς
894 1684 976 1725 τῶν
1003 1679 1140 1737 λόγων
1166 1679 1362 1736 ἐξηγητάς
1391 1683 1572 1723 δεδιέναι
1597 1679 1675 1735 τὴν

232 1747 340 1805 πρὸς
378 1745 510 1792 αὕτὸν
548 1749 776 1802 ἐντυχίαν·
824 1747 1042 1804 πράγμασι
1078 1746 1160 1803 γάρ
1193 1745 1348 1795 αὐτούς
1373 1746 1447 1788 καὶ
1471 1751 1677 1802 στροφαῖς

230 1812 486 1870 περιβάλλει,
515 1814 695 1870 μετρίως
722 1814 987 1867 ὖπελέγχων,
1017 1813 1074 1863 ὥς
1101 1814 1281 1867 λέγοιντο
1310 1810 1466 1865 μόνον,
1492 1810 1567 1853 οὐκ
1594 1809 1679 1853 εἰσί

231 1882 282 1922 δὲ
312 1880 497 1921 τοιοῦτοι
524 1876 691 1927 ὁποίους
722 1877 874 1927 αὐτοὺς
905 1878 932 1932 ἦ
964 1877 1085 1935 φήμη
1114 1879 1375 1932 διαθρυλλεῖ.
1401 1877 1497 1930 ἐμοὶ
1527 1877 1575 1918 δὲ
1591 1875 1678 1930 μά-

229 1950 353 1989 λιστα
392 1944 646 1992 σκοτοδινίας
683 1940 733 1984 οὗ
772 1943 928 2000 μικρὰς
971 1944 1165 1986 ἀνακινεῖ
1188 1941 1214 1997 ἧ
1244 1940 1350 1997 πρὸς
1380 1938 1508 1984 αὐτὸν
1549 1941 1678 1995 συνή-

231 2014 361 2052 θεια·
414 2011 559 2065 χαίρω
591 2007 672 2064 γάρ
705 2008 822 2067 αὐτῷ
850 2005 919 2050 ὅτι
945 2007 1070 2059 καλὸς
1098 2004 1189 2061 ἅμα
1219 2008 1292 2049 καί
1317 2005 1564 2062 ἐλεύθερος,
1602 2004 1679 2047 καί

230 2072 371 2130 τύφου
402 2075 477 2116 καί
501 2073 676 2130 κορύζης
705 2073 849 2127 ἐκτὸς,
894 2068 1060 2122 ἀστεῖός
1087 2088 1132 2115 τε
1159 2071 1232 2114 καὶ
1255 2069 1412 2119 κοινός·
1462 2072 1553 2112 ἀλλ’
1583 2071 1676 2112 ἐπι-

237 2139 342 2181 σείει
371 2154 445 2191 μοι
472 2139 529 2187 ὥς
553 2138 743 2194 εἴρηται,
778 2140 1001 2194 φροντίδας
1042 2138 1091 2179 οὔ
1118 2135 1292 2190 μικρὰς,
1339 2137 1470 2190 μηδὲν
1499 2130 1557 2178 ὧν
1585 2137 1677 2177 ἐπί-

235 2207 422 2247 στασθαι
450 2195 558 2245 δοκῶ
584 2206 811 2257 προτείνων
839 2206 899 2253 εἰς
931 2204 1121 2259 ζήτησιν,
1161 2201 1212 2244 τὰ
1243 2203 1290 2244 δὲ
1317 2202 1528 2250 παντελῶς
1555 2202 1678 2256 ἦγνοα

233 2271 368 2325 ημένα
395 2266 680 2324 παρεισάγων·
724 2266 827 2312 ὥστε
873 2286 927 2323 με
964 2268 1040 2319 τὰς
1067 2269 1213 2310 πασῶν
1240 2265 1519 2322 ἰσχυροτάτας
1546 2263 1678 2320 εὗχὰς

233 2335 431 2392 μελετᾷν,
457 2335 667 2388 μηδεμίαν
696 2332 824 2378 αὐτὸν
853 2331 1012 2390 ἄβατον
1038 2334 1135 2388 ἐμοὶ
1143 2367 1158 2388 ,
1192 2329 1331 2389 ὥσπερ
1362 2331 1543 2386 εἴωθεν,
1582 2334 1676 2391 ἐπι-

230 2401 427 2456 ροιζῆσαι
454 2401 653 2454 θεωρίαν.

341 2467 587 2517 Pnoeomus,
619 2466 733 2508 Goth.
767 2466 799 2504 Ι.
833 2468 872 2506 3.
898 2467 939 2506 in
961 2468 1021 2508 f.:
1061 2465 1110 2508 ‘O
1137 2461 1336 2519 βασιλεῦς
1374 2463 1542 2518 Πέτρον
1559 2493 1572 2515 ,
1595 2461 1675 2504 Ἰλ-

232 2527 381 2584 λυριὸν
408 2528 455 2572 τὸ
487 2531 600 2583 γένος
618 2562 631 2581 ,
675 2530 720 2570 ἑκ
761 2529 1063 2585 Θεσσαλονίκης
1095 2527 1331 2585 ὁρμώμενον
1351 2559 1364 2581 ,
1393 2529 1436 2576 ἐς
1462 2526 1537 2582 τὴν
1564 2528 1673 2570 Ἰτα-

234 2597 330 2638 λίαν
371 2593 504 2643 ειῗθύς
539 2593 723 2636 ἔστελλεν
743 2626 755 2647 ,
795 2593 867 2636 ἕνα
893 2596 972 2648 μὲν
1001 2591 1101 2638 ὄντα
1126 2597 1211 2637 τῶν
1237 2595 1281 2636 ἐν
1308 2594 1527 2650 Βυζαντίῳ
1558 2592 1676 2649 ῥητό-

232 2678 341 2717 ρων,
387 2655 523 2708 ιῗίλλως
552 2661 597 2701 δὲ
624 2657 790 2709 ξυνετόν
819 2675 864 2702 τε
891 2659 962 2702 καί
990 2663 1122 2717 πρᾷον
1149 2661 1220 2703 καί
1245 2661 1288 2708 ές
1314 2656 1359 2700 τὸ
1388 2660 1550 2701 πείθειν
1575 2658 1673 2701 ixa-

233 2725 302 2768 νὸν
333 2722 559 2781 πεφυκότα.

342 2794 478 2844 Idem,
509 2793 698 2836 Anecdoc.
727 2793 793 2846 24.
816 2809 826 2834 :
871 2791 1036 2847 Πέτρος
1072 2790 1144 2834 τὸν
1172 2787 1336 2834 ἅπαντα
1374 2787 1521 2847 χρόνον
1548 2789 1669 2847 ῆνίκα
