1838 3210
163 191 266 231 XLII
723 192 1015 234 DEDICATIO

165 296 294 346 regiae
323 298 513 336 maiestati
541 297 674 336 devoti
699 306 797 336 metu
824 298 940 335 soluti
965 298 1065 346 sint,
1117 305 1155 335 et
1179 296 1299 334 hostes
1330 294 1478 334 Gallici
1515 309 1587 335 no-

167 363 283 400 minis
309 377 375 416 spe
402 378 508 402 vana
534 372 714 402 tumentes
740 364 869 401 statim
896 364 1067 411 animos,
1108 375 1200 417 quos
1225 362 1476 419 sustulerant,
1515 361 1584 400 de-

165 429 339 467 miserint
349 444 365 477 ,-
394 431 524 468 nuntio
555 431 684 468 malae
717 442 874 483 pugnae
901 429 959 467 ad
982 429 1214 468 Rocrovium
1240 428 1484 467 consternati.
1545 427 1585 464 O

164 492 272 531 diem
297 494 404 538 nobis
431 495 520 534 albo
547 494 762 534 notandum
789 495 928 549 lapillo
943 496 960 532 .'
1002 507 1026 532 o
1056 494 1159 533 diem
1185 495 1395 546 infaustum
1422 491 1587 531 hostibus

164 566 245 596 tam
254 559 386 610 foeda
412 561 523 598 clade
539 563 556 598 !
580 559 773 615 quidquid
794 561 895 598 enim
922 559 1115 614 Hispanis
1142 561 1184 598 in
1212 558 1410 598 Flandria
1439 559 1585 597 viritim

145 625 313 676 fizerat,
356 626 430 664 illa
470 626 717 664 dimicatione
747 634 984 680 prostratum
1020 635 1089 664 est.
1146 626 1240 665 Hac
1271 626 1410 664 Gallus
1447 639 1584 679 pugna

163 690 275 729 edita
305 693 455 745 posteri
497 693 679 745 temporis
713 690 954 730 >securitatem
991 693 1184 746 concepit.-
1225 690 1429 745 Hispanus
1456 700 1584 730 autem

153 755 315 807 pridem
339 756 521 810 fiduciae
560 770 607 795 ac
643 758 727 812 spei
760 751 900 812 plenus
936 758 1108 796 animum
1131 758 1262 811 posuit
1283 757 1551 811 praeferocem
1571 786 1581 805 ‚

162 822 264 858 tanti
286 821 483 859 dedecoris
522 822 753 874 indignitate
774 823 987 876 perculsus.
1045 821 1137 860 Hoc
1173 831 1299 860 autem
1326 823 1495 872 omnium
1522 836 1586 860 re·-

159 896 303 940 gnator
327 887 436 926 Deus
455 889 639 942 perficit.-
667 890 770 928 cuius
795 891 911 928 etiam
945 890 1198 943 providentia
1236 889 1423 943 Princeps
1471 901 1586 940 saga—

160 954 329 992 cissimus
356 968 441 992 cum
469 954 664 1010 adfinem
691 955 938 994 mortalitatis
964 955 1160 1009 accederet
1180 984 1191 1009 2
1232 964 1270 993 et
1294 958 1424 995 virum
1450 955 1587 994 Riche-

159 1019 215 1057 lio
236 1047 248 1070 ‚
294 1021 362 1074 qui
391 1033 519 1058 rerum
555 1029 746 1072 gestarum
785 1021 914 1072 gloria
940 1029 978 1059 et
1003 1021 1129 1058 animi
1156 1021 1420 1072 magnitudine
1444 1023 1586 1065 liuma-

160 1097 253 1122 num
259 1085 469 1137 fastigium
495 1094 712 1124 excesserat
727 1115 738 1136 ‚
767 1086 933 1124 similem
958 1100 1036 1125 non
1057 1087 1286 1139 proximum
1304 1114 1316 1133 ‚
1347 1087 1390 1124 in
1411 1088 1588 1141 partibus

159 1150 395 1204 reipublicae
431 1150 690 1202 gubernandis
731 1161 931 1206 quaereret
949 1182 959 1200 ,
1005 1152 1124 1199 Tibi,
1169 1151 1394 1190 Cardinalis
1416 1154 1586 1191 eminen-

159 1216 302 1254 tissime
321 1246 332 1263 ‚
363 1230 551 1254 summam
577 1231 705 1255 rerum
728 1219 908 1270 permisit
925 1236 935 1255 :
979 1232 1034 1256 ea:
1060 1231 1135 1271 quo
1162 1218 1265 1255 enim
1282 1231 1413 1255 curam
1433 1219 1590 1271 imperii

163 1281 313 1320 Gallici
338 1296 486 1320 summa
507 1283 736 1336 principum.
755 1284 996 1321 consensione
1020 1284 1251 1329 sustinuisti,
1276 1283 1416 1336 palam
1426 1283 1587 1333 factum

158 1355 240 1398 est,
268 1346 398 1385 Deum
425 1347 608 1386 bellorum
635 1362 717 1386 rem
747 1348 945 1387 Gallicam
971 1350 1072 1387 tueri
1096 1362 1142 1386 ac
1168 1362 1297 1400 regere
1311 1366 1322 1386 .·
1353 1356 1389 1386 et
1420 1349 1475 1386 Te
1504 1361 1582 1386 non

160 1413 275 1452 modo
302 1412 351 1450 de
379 1415 491 1465 regni
498 1413 653 1468 finibus
679 1413 848 1452 tutandis
865 1444 876 1462 ,
907 1414 976 1452 sed
999 1415 1116 1452 etiam
1136 1414 1185 1452 de
1206 1413 1442 1468 proferendo
1464 1413 1586 1466 plura

160 1488 228 1523 aut
264 1481 417 1517 maiora
457 1480 499 1517 in
543 1479 625 1518 dies
666 1479 873 1518 destinare.
944 1479 1027 1518 Sed
1061 1494 1179 1534 neque
1217 1480 1310 1517 belli
1345 1493 1438 1517 cura
1480 1488 1586 1518 terra

160 1547 336 1599 marique
364 1546 537 1583 animum
565 1547 750 1584 invictum
787 1546 938 1594 obruit,
985 1560 1054 1584 nec
1094 1545 1383 1597 cogitationibus
1423 1547 1495 1584 tuis
1520 1545 1605 1586 vde*

161 1610 299 1652 litteris
321 1610 592 1664 propagandis
619 1611 755 1649 obstat.
812 1610 926 1649 Haec
948 1613 1061 1665 pacis
1087 1619 1314 1649 ornamenta
1333 1611 1461 1649 colunt
1469 1612 1587 1649 etiam

161 1677 232 1730 qui
253 1689 292 1713 se
312 1675 405 1714 belli
417 1677 567 1728 gloriae
584 1676 835 1715 devoverunt.
895 1677 1004 1714 Licet
1029 1678 1131 1715 enim
1142 1678 1269 1728 sama
1291 1691 1482 1730 prospera
1501 1678 1588 1715 lau-

160 1741 272 1782 dibus
297 1754 360 1779 eos
392 1742 434 1778 in
461 1741 605 1779 coelum
632 1740 769 1793 ‹ffirat
790 1771 800 1788 ,
830 1740 1016 1780 diuturna
1053 1750 1182 1780 tamen
1219 1755 1297 1779 esse
1332 1755 1408 1780 non
1431 1751 1557 1795 potest
1574 1771 1585 1789 ‚

161 1807 240 1844 nisi
262 1807 339 1845 sint
364 1808 433 1860 qui
461 1820 598 1845 nomen
628 1819 759 1845 eorum
781 1808 1004 1860 posteritati
1025 1807 1301 1845 commendent.
1360 1807 1468 1845 Hinc
1485 1821 1590 1862 spem

161 1872 413 1910 certissimam
455 1881 708 1926 conceperunt
742 1874 811 1926 qui
851 1871 1080 1926 Principum
1124 1872 1403 1924 indulgentiam
1437 1874 1590 1925 ingenio

159 1945 371 1987 merentur,
398 1937 452 1975 Te
469 1937 694 1975 Maecenate
718 1951 794 1976 non
817 1937 1013 1988 defuturos
1039 1939 1211 1976 eximiae
1255 1939 1453 1977 doctrinae
1467 1939 1592 1984 viros,

161 2016 324 2056 quorum
354 2001 477 2041 studio
517 2017 595 2041 non
633 2011 796 2041 senescet
831 2003 1020 2042 claritudo
1060 2017 1217 2057 operum
1274 2011 1436 2042 tuorum.
1494 2002 1592 2041 Esse

162 2076 290 2106 autem
315 2069 446 2120 plures
480 2068 634 2122 publice
666 2082 813 2123 quoque
839 2070 1015 2107 interest:
1047 2083 1115 2107 nec
1143 2070 1244 2107 enim
1289 2068 1489 2107 virtutibus
1519 2070 1593 2107 tuis

165 2132 396 2185 enarrandis
430 2134 508 2171 nisi
532 2134 666 2187 plures
685 2133 918 2186 suffecerint.
975 2134 1167 2188 Equidem
1193 2134 1263 2171 hoc
1292 2148 1407 2171 unum
1435 2133 1588 2181 dicam,

164 2197 313 2249 nullum
327 2198 504 2235 hactenus
531 2200 678 2236 maiore
701 2199 789 2252 fide
805 2229 814 2247 ‚
849 2200 1062 2238 constantia
1094 2207 1132 2236 et
1150 2198 1361 2252 prudentia
1386 2199 1499 2250 regni
1515 2200 1591 2237 mi-

165 2263 326 2300 nistrum
368 2263 518 2313 egisse‚·
557 2272 599 2300 ut
629 2277 756 2302 omnes
790 2266 919 2316 gloria
945 2265 1012 2302 vel
1041 2277 1219 2317 aequasse
1232 2293 1241 2310 ‚
1283 2264 1349 2301 vel
1387 2266 1592 2302 excessisse

166 2327 340 2365 videaris
355 2346 366 2365 :
394 2336 430 2365 et
463 2336 503 2365 ut
528 2329 711 2381 epistolae
740 2330 1008 2383 compendium
1025 2330 1207 2380 faciam,
1241 2337 1382 2366 natura
1412 2329 1510 2381 quid
1531 2330 1592 2380 efi-

146 2392 278 2446 ficere
293 2402 422 2446 posset
440 2395 618 2446 experiri
636 2395 810 2447 cupiens,
834 2397 875 2432 in
901 2396 955 2433 Te
973 2425 982 2441 ‚
1020 2395 1242 2434 Cardinalis
1282 2395 1588 2442 eminentissime,

164 2459 314 2510 gloriae
337 2461 539 2496 materiam
563 2488 572 2506 ,
603 2473 718 2513 quam
758 2461 984 2513 quaerebat,
1025 2463 1183 2499 invenit.
1239 2461 1367 2499 Deum
1383 2475 1561 2514 ‘veneror
1575 2492 1586 2509 ‚

168 2531 210 2560 ut
223 2537 409 2577 prospere
440 2537 589 2576 semper
614 2538 674 2562 res
706 2525 796 2562 Tibi
823 2526 961 2564 cedant
974 2555 984 2575 ‚
1029 2540 1224 2580 seramque
1261 2526 1588 2566 immortalitatem

160 2601 302 2640 precor
316 2617 325 2634 ,
368 2596 408 2626 ut
433 2596 511 2626 tam
532 2589 650 2639 felix
670 2618 680 2637 ‚
715 2603 832 2643 quam
875 2590 1056 2631 diuturna
1099 2593 1180 2631 vita
1210 2592 1285 2639 sit‚·
1317 2606 1434 2645 quam
1463 2594 1498 2630 si
1535 2606 1588 2631 ex

166 2653 350 2691 bonorum
376 2655 544 2692 omnium
568 2662 657 2692 voto
684 2655 756 2693 tibi
770 2655 878 2694 Deus
901 2658 1102 2696 itululserit
1116 2686 1128 2706 ,
1154 2671 1292 2711 pacem
1305 2686 1317 2705 ‚
1350 2670 1470 2711 quam
1490 2671 1585 2710 per-

167 2711 281 2775 tinax
311 2718 441 2758 odium
463 2719 503 2757 in
532 2718 669 2758 Gallos
699 2730 889 2770 moratur,
921 2724 988 2760 vel
1018 2723 1170 2776 optimis
1209 2721 1484 2761 conditionibus
1508 2714 1585 2776 pa-
