1924 3164
393 165 496 220 130
950 182 1227 225 Exci-:RPTA

201 289 366 330 A.c.350
379 285 559 339 σχέσθαι
584 284 658 327 καὶ
682 285 846 339 πρώτην
873 281 982 336 ἔχειν
1010 285 1054 325 ἐν
1081 286 1132 340 τῇ
1158 276 1348 340 βασιλείᾳ
1373 282 1511 337 τιμήν.
1565 282 1588 325 ὅ
1622 285 1668 325 δὲ
1698 286 1802 325 Μα-

211 339 556 405 οοωῑ·”4γνέντιος
584 353 636 392 δι’
665 351 802 391 αὐτῶν
828 347 900 404 την
930 348 1041 390 ἰδίαν
1073 350 1284 404 θυγατέρα
1312 350 1370 404 τῷ
1399 350 1676 406 Κωνσταντίῳ
1705 346 1801 394 {mc-‚-

380 422 542 470 σχνεῖτο
573 414 734 460 διδόναι
759 413 942 469 γαμετὴν
970 413 1041 457 ἐπὶ
1068 417 1126 472 τῷ
1155 416 1226 455 καί
1253 412 1378 463 αὐτὸς
1404 412 1477 469 τὴν
1503 415 1800 456 Κωνσταντίαν

379 485 521 535 λαβεῖν
547 480 622 535 τὴν
651 478 836 536 ἀδελφὴν
862 482 937 522 τοῦ
963 482 1282 522 Κωνσταντίου.
1338 480 1502 528 ἐδέξατο
1530 473 1602 520 οὖν
1630 476 1650 519 ὅ
1676 482 1799 532 βασι-

378 545 476 594 λεύς
503 544 595 595 τοὺς
623 548 907 601 Βετρανίωνος
933 546 1006 587 καί
1028 547 1297 599 Μαγνεντίου
1326 546 1542 601 πρέσβεις,
1596 545 1641 585 ἐν
1679 541 1739 593 οἷς
1777 541 1825 587 65

379 614 608 665 Νουνέχιος
639 608 767 659 εὐθὺς
809 610 891 667 ἔφη
924 613 981 669 τῷ
1008 614 1210 669 προοιμίῳ
1248 609 1412 667 εἰρήνην
1440 610 1570 651 αἰτεῖν
1595 607 1668 650 τὸν
1695 612 1801 650 Ma·-

376 680 569 731 γνέντιον,
599 676 670 718 καί
694 676 887 726 πολλάκις
909 678 981 733 τῆς
1007 679 1104 733 περί
1119 678 1200 719 τῶν
1219 674 1434 732 παρόντων
1454 673 1705 730 πραγμάτων
1724 691 1800 716 κα-

374 739 615 791 ταστάσεως
643 740 716 784 τὸν
744 743 1035 785 Κωνστάντιον
1060 742 1366 797 ὑπεμίμνησκε,
1410 739 1581 798 φάσκων
1609 738 1667 794 μη
1692 741 1800 795 χρῆ-ι

372 824 444 850 ναι
482 806 606 849 αὐτὸν
645 807 885 863 α’προόπτως
924 811 996 850 καί
1021 808 1258 869 κεκμηκότα·
1284 802 1361 863 ἤδη
1388 813 1473 855 τοῖς
1501 807 1694 858 πολέμοις
1721 803 1798 847 δύο

371 863 459 914 κατ’
490 871 616 916 αὐτὸν
651 878 862 927 βασιλεῖς,
906 876 1198 930 στρατιωτικῆς
1235 889 1280 915 τε
1314 873 1535 927 ἐπιστήμης
1576 873 1855 927 ἐμπείρουςιο

372 941 447 980 καί
471 938 750 991 ὁμονοοῦντας
778 939 970 994 ἀλληλοις
999 942 1071 981 καί
1095 938 1156 981 ἔτι
1183 935 1398 994 ἀκεραίους
1427 934 1564 991 ὄντας,
1593 940 1653 986 εἰς
1678 935 1801 979 πόλε-

372 1020 453 1057 μον
492 1008 815 1059 προκαλεῖσθαι·
873 1005 1037 1057 οἵτινες,
1077 1007 1116 1046 εἰ
1141 1003 1199 1059 μη
1228 1005 1325 1059 περὶ
1351 1003 1514 1059 εἰρήνης
1542 1002 1797 1055 συνδόξαιεν,

267 1074 302 1108 Ρ.
313 1077 356 1111 28
370 1069 476 1125 [ὥς]
518 1069 653 1111 ὁποῖοι
680 1069 753 1111 καί
778 1072 941 1125 πηλίκοι
968 1068 1073 1111 κατὰ
1102 1068 1172 1112 τὸν
1201 1069 1404 1125 ἐμφύλιον
1430 1066 1608 1121 πόλεμον
1635 1067 1800 1110 ἔσονται

366 1132 738 1190 παραταττόμενοι,
768 1134 850 1176 εἴτε
878 1133 937 1184 εἷς
963 1135 1101 1188 μόνος,
1133 1133 1212 1176 εἴτε
1240 1132 1348 1186 ὁμοῦ
1376 1128 1505 1189 ἄμφω
1527 1135 1799 1189 παραγένοιν-

366 1203 436 1253 το,
479 1197 539 1254 μὴ
568 1201 707 1241 θέλειν
734 1198 860 1242 αὐτὸν
887 1198 1091 1256 ἑτέρωθεν
1115 1203 1268 1253 μαθεῖν
1294 1194 1322 1254 ἢ
1351 1201 1396 1241 ἐκ
1422 1201 1504 1242 τῶν
1530 1194 1610 1254 ἤδη
1637 1201 1851 1254 mapa-15

363 1266 524 1317 ’γμένων
552 1262 716 1316 αῧτοῖς,
763 1261 832 1307 ὅτε
870 1271 960 1315 ταῖς
988 1267 1153 1307 ἐκείνων
1189 1262 1472 1320 παρατάξεσιν
1512 1263 1628 1321 αὐτῷ
1654 1279 1700 1305 τε
1725 1266 1800 1306 καί

367 1332 427 1386 τῷ
454 1330 562 1382 γένει
594 1329 723 1371 αὐτοῦ
751 1331 956 1386 θρίαμβοι
983 1332 1284 1386 κατωρθοῧντο.
1304 1327 1459 1385 ταύτης
1481 1332 1554 1384 τῆς
1576 1330 1800 1384 πρεσβείας

365 1392 548 1443 ἀκούσας
576 1394 597 1437 ὃ
624 1395 822 1449 βασιλεύς
850 1398 894 1437 ἐν
922 1396 1116 1452 φροντίσι
1143 1399 1313 1444 πολλαῖς
1341 1391 1416 1450 ἧν.
1470 1394 1544 1436 καὶ
1579 1396 1639 1444 εἰς
1665 1391 1797 1436 ὕπνον

324 1461 538 1514 Βτραπείς
567 1457 673 1503 εἶδεν
703 1454 815 1515 ὄψιν,
845 1457 906 1504 ὅτι
934 1459 954 1503 ὅ
983 1460 1121 1517 πατὴρ
1152 1462 1285 1502 αὐτοῦ
1313 1458 1451 1516 ὥσπερ
1481 1462 1526 1511 ἐξ
1551 1456 1690 1514 ὕψους
1717 1476 1795 1501 κα-

359 1522 460 1566 τιών
487 1529 559 1568 καί
585 1529 634 1583 τῇ
658 1530 776 1582 χειρί
810 1528 998 1581 κατέχων
1026 1526 1099 1568 τὸν
1128 1527 1409 1578 Κώνσταντα,
1442 1523 1487 1567 ὃν
1515 1522 1649 1567 ἆνεῖλε
1687 1528 1847 1570 Mac-20

359 1591 549 1643 γνέντιος,
580 1594 725 1633 τοῦτον
743 1592 855 1650 αὐτῷ
873 1594 1122 1648 προσφέρων
1138 1595 1271 1634 ταῦτα
1298 1590 1403 1646 πρὸς
1420 1589 1550 1633 αὐτὸν
1576 1591 1713 1634 ἐδόκει
1735 1589 1789 1633 τά

450 1680 480 1713 5.
503 1682 777 1725 Βρεττανίωνος
799 1682 885 1726 vulg
992 1680 1015 1714 o‘
1037 1678 1382 1725 Νουνέχιος-τόν
1407 1680 1666 1724 Μαγνέντιον,
1694 1678 1788 1726 καὶ]

439 1727 546 1759 -Haec
569 1727 688 1768 verba,
717 1738 807 1772 quac
832 1728 936 1773 vulgo
959 1738 1147 1772 perperam
1170 1727 1234 1760 lin.
1264 1739 1311 1771 ¹7·
1337 1732 1419 1772 post
1443 1737 1516 1761 voc.
1549 1728 1792 1769 κατωρθοῦν-

448 1783 490 1805 το
516 1772 740 1817 legebantur,
765 1775 940 1809 inlocum
967 1785 1069 1807 suum
1094 1773 1239 1807 reduxit
1263 1774 1327 1814 CL,
1352 1773 1530 1817 particula
1557 1774 1622 1805 καὶ
1646 1772 1692 1805 ab
1715 1772 1790 1805 ini-

446 1819 500 1851 tio
533 1820 571 1851 i‘n
609 1820 718 1852 finem
744 1822 972 1864 transposita.
1005 1833 1038 1867 9.
1065 1822 1130 1852 καὶ
1151 1819 1215 1860 Ν.,
1249 1813 1300 1866 μὴ
1340 1820 1431 1864 vulg.
1524 1818 1707 1864 πολέμοις
1730 1819 1790 1860 Β.,

448 1865 647 1910 πολεμίοις
669 1866 764 1910 vulg.
841 1865 1026 1911 ιο.,αὕτοῠ
1051 1866 1142 1899 coni.
1168 1866 1205 1898 Β.
1301 1867 1350 1900 ι3.
1376 1867 1429 1902 ὥς
1452 1865 1553 1899 uncis
1577 1865 1726 1899 inclusit
1749 1866 1788 1900 B.

360 1947 476 1979 ximus
502 1957 582 1979 cum
611 1947 720 1992 ipsis,
747 1947 810 1992 qui
846 1946 1121 1981 adhortarentur
1147 1947 1412 1987 Constantium,
1436 1953 1477 1981 ut
1501 1947 1546 1980 ab
1569 1948 1674 1981 armis
1700 1947 1789 1982 abs-

358 1993 513 2033 tineret,
549 1998 587 2027 et
619 1995 775 2038 primum
798 1993 945 2027 honoris
971 1994 1118 2038 gradum
1141 1994 1181 2028 in
1215 1994 1365 2039 imperio
1390 1994 1588 2035 obtineret3
1615 1995 1789 2040 Magnen-

358 2038 432 2071 tius
458 2038 668 2074 Constantio
704 2040 818 2077 filiam
853 2039 1114 2085 desponderet,
1146 2045 1183 2074 et
1212 2041 1289 2085 ipse
1316 2052 1462 2074 uxorem
1487 2041 1666 2085 acciperet
1691 2040 1789 2074 Con-

359 2086 540 2126 stantiam,
573 2086 774 2120 Constantii
799 2097 965 2123 sororem.
1014 2088 1139 2134 Itaque
1169 2084 1364 2132 Imperator
1390 2087 1621 2120 Constantius
1644 2086 1790 2125 admisit

358 2130 591 2165 Vetranionis
624 2138 661 2166 et
692 2133 890 2178 Magnentii
914 2134 1068 2179 legatos,
1102 2143 1252 2178 quorum
1283 2144 1399 2174 unus,
1421 2133 1644 2173 Nunechius,
1678 2134 1787 2167 initio

358 2178 477 2210 statim
499 2178 745 2222 Magnentium
768 2190 892 2224 pacem
913 2186 1036 2224 petere
1060 2180 1238 2224 praefatus
1271 2185 1343 2220 est,
1367 2186 1403 2213 et
1428 2179 1691 2221 Constantium,
1714 2192 1786 2226 quo

357 2223 397 2255 in
421 2229 514 2257 statu
541 2236 595 2259 res
623 2225 661 2258 in
686 2226 888 2270 praesentia
909 2232 1046 2271 iessent,
1063 2228 1203 2259 monuit
1219 2225 1353 2266 dicens,
1381 2237 1453 2259 non
1479 2232 1645 2270 oportere
1665 2227 1786 2273 ipsum

357 2269 649 2313 inconsiderate,
686 2274 894 2316 praesertim
949 2284 1060 2319 quum
1095 2271 1200 2306 bellis
1238 2272 1310 2304 iam
1346 2273 1527 2306 confectus
1552 2278 1663 2313 esset,
1693 2272 1784 2307 duos

357 2321 481 2350 contra
505 2328 542 2350 se
568 2319 823 2362 Imperatores,
850 2319 902 2352 rei
941 2319 1107 2354 militaris
1135 2319 1269 2364 peritos
1307 2323 1344 2352 et
1384 2320 1480 2357 inter
1518 2329 1555 2352 se
1589 2319 1783 2353 concordes

358 2366 395 2394 et
418 2362 565 2406 integris
590 2364 738 2406 viribus,
764 2362 810 2398 ad
833 2364 968 2399 bellum
992 2375 1190 2410 provocare.
1215 2364 1309 2409 Qui,
1329 2365 1401 2398 nisi
1425 2376 1520 2398 nunc
1545 2366 1589 2399 de
1611 2376 1697 2411 pace
1720 2366 1782 2400 iu-

355 2411 414 2440 ter
438 2418 497 2442 eos
530 2412 754 2451 conveniret,
792 2411 916 2457 quales
957 2413 1154 2457 quantique
1186 2412 1224 2444 in
1251 2410 1348 2446 bello
1382 2412 1479 2445 civili
1502 2413 1781 2453 suturi'essent,

357 2454 431 2487 sive
458 2467 549 2487 unus
574 2456 686 2497 solus,
720 2459 792 2491 sive
827 2463 978 2503 uterque
1006 2459 1124 2499 simul,
1155 2468 1227 2491 non
1254 2457 1399 2491 aliunde
1425 2459 1493 2503 ipsi
1523 2458 1780 2492 discedendum

357 2509 454 2541 esse,
490 2513 596 2546 quam
628 2514 671 2535 ex
703 2505 851 2548 egregiis
887 2504 1125 2546 facinoribus,
1156 2514 1248 2548 quae
1279 2510 1362 2540 ante
1388 2504 1606 2546 edidissent,
1630 2503 1781 2550 quando,

355 2546 426 2589 ipsi
452 2551 488 2579 et
511 2549 631 2590 generi
658 2549 734 2583 eius
758 2561 927 2594 prospere
951 2550 1056 2585 rebus
1081 2551 1186 2596 gestis
1208 2550 1405 2595 triumphos
1428 2552 1661 2596 peperissent.
1687 2551 1778 2585 cum

354 2590 459 2624 hanc-
481 2593 697 2637 legationem
735 2595 894 2629 audisset
927 2598 1144 2641 Imperator,
1176 2608 1333 2641 magnam
1370 2597 1425 2635 illi
1450 2610 1490 2635 ea
1518 2610 1572 2633 res
1597 2609 1716 2631 curam
1741 2603 1779 2631 et

354 2638 636 2674 sollicitudinem
666 2642 798 2675 attulit.
846 2643 971 2688 Itaque
986 2643 1031 2676 ad
1059 2654 1219 2677 somnum
1243 2653 1443 2684 conversus,
1467 2644 1559 2682 vidit
1582 2645 1620 2677 in
1644 2645 1780 2682 somnis

354 2691 496 2728 patrem
521 2692 688 2732 tanquam
714 2699 757 2726 ex
782 2687 855 2725 alto
890 2689 1175 2730 descendentem.
1234 2690 1276 2722 In
1299 2702 1405 2723 manu
1430 2690 1577 2723 tenebat
1600 2691 1776 2726 Constan—

355 2735 428 2764 tem
453 2742 472 2765 a
505 2733 711 2778 Magnentio
744 2739 966 2779 peremtum⁷
997 2747 1105 2782 quem
1140 2736 1348 2771 Constantio
1384 2736 1575 2771 ostendens
1608 2736 1696 2771 haee
1719 2736 1776 2770 illi
