1924 3164
578 172 610 212 Ε
657 172 938 213 MENANDRI
980 169 1252 211 msmmA.
1499 144 1618 202 ‘285

179 291 241 320 νοι
271 274 342 331 τήν
369 276 512 330 δίκην,
561 274 783 329 α’ναιροῦσι
808 272 882 317 τὸν
910 269 1182 328 Μεζάμηρον.
1238 270 1283 320 ἐξ
1310 266 1467 310 ἐκείνου
1486 268 1821 322 πλέον,ρ,Δ.(3.553

178 339 208 397 ἦ
238 342 464 397 πρότερον,
493 338 663 394 ἔτεμνον
689 338 768 394 τήν
794 341 871 395 γῆν
897 340 981 381 τῶν
1026 339 1207 390 Ἀντῶν,
1249 334 1323 378 καὶ
1347 334 1424 376 οὔκ
1446 333 1625 376 ἀ’νιέσαν
1636 325 1671 359 P·
1687 335 1746 359 ¹⁰¹

177 406 580 463 ἀνδραποδιζόμενοι
608 405 682 447 καί
707 402 876 459 ἄγοντές
902 419 947 446 τε
974 405 1048 446 καί
1074 405 1288 460 φέροντες.

286 472 339 514 δ’.
384 469 474 514 (Ότι
505 473 674 523 ἐδέξατο
702 468 993 518 Ἰουστινιανός
1018 468 1133 524 παρὰ
1177 467 1368 522 Ἀβάρων
1395 466 1592 522 πρέσβεις
1607 479 1719 519 ‚A.C.
1736 480 1804 514 562

151 539 250 595 5s’qo’
279 533 313 596 ᾧ
340 541 455 594 σφᾶς
480 538 767 593 περιαθρῆσαι
798 536 896 590 γῆν,
949 532 1046 576 δ’ποι
1088 533 1133 577 τὸ
1158 535 1295 590 φῦλον
1324 530 1525 588 θήσονται
1549 525 1772 606 τὰςῖὓᾶχῐῡ
1799 574 1823 608 6

173 602 368 659 οἰκήσεις.
421 601 495 644 καὶ
521 601 543 644 ὅ
571 603 650 655 μὲν
674 599 874 655 βασιλευς
891 634 904 654 ,
932 602 1153 642 Ἰουστίνου
1181 601 1258 641 τοῦ
1286 600 1516 655 στρατηγοῦ
1545 615 1621 654 ση-
1656 576 1796 609 ust1n.3

172 666 386 724 μήναντός
414 666 465 720 οἱ,
486 668 531 709 ἐν
557 669 692 723 βουλῇ
719 666 942 722 ἐποιήσατο
971 667 1014 716 ἐς
1041 665 1119 720 τὴν
1141 661 1350 721 Ἐρούλων
1370 664 1520 719 χώραν
1546 680 1624 705 κα-

165 735 354 777 τοικίσαι
379 731 424 776 τό
454 731 589 787 ἔθνος,
618 730 724 774 ἔνθα
752 730 833 788 πρὸ
864 734 941 773 τοῦ
969 726 1101 789 ᾤκουν
1127 729 1166 772 οἱ
1183 726 1385 786 ἉΕρουλοι
1401 746 1412 757 ·
1447 731 1623 785 δευτέρα

173 801 222 842 δὲ
249 796 606 855 προσαγορεύεται
635 797 841 840 Παιονία·
893 796 969 839 καὶ
994 796 1039 839 εἴ
1058 813 1104 852 γε
1131 799 1324 852 θυμῆρες
1360 793 1504 844 αὐτοῖς
1531 797 1622 849 ἐγέ-

125 880 263 908 ιονετο
283 899 297 919 ,
338 864 412 906 καί
445 866 691 906 κατένευσεν
720 860 774 906 ἂν
815 860 838 905 ὅ
865 861 1077 917 βασιλεύς.
1134 863 1226 904 ἀλλ’
1263 864 1411 904 ἐκεῖνοι
1435 862 1623 910 Σκυθίας

171 925 224 973 οὗ
249 947 290 973 τι
314 924 440 988 ᾤοντο
470 931 558 972 δεῖν
587 928 762 972 ἔσεσθαι
790 929 932 978 ἐκτός·
976 930 1110 984 αὐτῆς
1152 926 1234 983 γὰρ
1263 927 1478 983 δήπουθεν
1505 924 1621 969 ἐσότι

170 995 348 1052 ἐφίεντο.
374 998 496 1039 τοῦτο
523 998 603 1049 μὲν
623 990 700 1037 οὖν
729 996 780 1036 οὕ
806 988 983 1051 προῦβη,
1003 992 1160 1037 ἔστειλε
1188 995 1236 1036 δὲ
1262 989 1376 1047 ὅμως
1398 993 1656 1050 ἸουστῖνοςέΒ

170 1061 194 1104 ὅ
222 1061 452 1119 στρατηγὸς
477 1061 578 1110 τούς
602 1063 797 1117 πρέσβεις
822 1063 866 1110 ἐς
891 1059 937 1103 τὸ
966 1059 1205 1112 Βυζάντιον
1224 1093 1238 1114 ,
1283 1056 1470 1115 ἐδήλωσέ
1494 1073 1537 1100 τε
1558 1058 1618 1116 τῷ

168 1131 347 1182 βασιλεῖ,
373 1126 430 1177 ὥς
450 1123 503 1169 ἂν
525 1129 653 1169 αὐτοῦ
679 1127 725 1169 ἐν
753 1128 914 1183 κατοχῇ
941 1125 1097 1168 ἔσοιντο
1125 1125 1198 1167 ε’πί
1223 1122 1344 1167 πολύ.
1372 1125 1618 1181 ἐφιλοποιή-

119 1195 270 1236 ιόσατο
296 1191 375 1249 γάρ
405 1196 488 1235 ταῖν
514 1194 730 1250 πρέσβεων
757 1193 832 1235 ἕνα
861 1188 993 1245 ὄνομα
1017 1193 1293 1245 Οἰκουνᾲιων·
1316 1192 1371 1232 ἐν’
1389 1188 1617 1247 (ἔπορ’ῥήτῳ

167 1262 213 1302 τὲ
240 1258 278 1302 οἱ
308 1258 445 1314 ἔλεγεν
474 1256 496 1300 ὅ
522 1258 797 1312 Οἰκουνίμων,
822 1255 880 1306 ὥς
906 1258 1031 1313 ἕτερα
1047 1254 1330 1311 διαλεγόμενοι
1356 1258 1482 1310 ἕτερα
1510 1271 1619 1309 γνω-

165 1325 423 1378 ματεύουσι,
453 1323 528 1365 καί
553 1321 611 1372 ὥς
636 1322 773 1377 λόγοις
799 1323 879 1375 μὲν
904 1323 948 1372 ἐς
974 1321 1026 1364 τά
1053 1320 1241 1375 μάλιστα
1267 1324 1454 1376 μετρίοις
1479 1322 1620 1376 χρῶν-

163 1407 238 1432 ται
265 1391 339 1431 καί
365 1390 475 1444 [ὥς]
505 1387 583 1444 τήν
613 1390 838 1431 ἐπιείκειαν
864 1388 1176 1444 παραπέτασμα
1202 1383 1512 1442 προβάλλονται
1538 1388 1617 1427 τοῦ

166 1454 317 1507 δόλου,
347 1458 407 1513 τῷ
438 1455 682 1508 ἐμπεδῶσαι
720 1454 849 1507 δῆθεν
887 1451 936 1494 τὸ
965 1448 1114 1496 εὔνουν
1142 1452 1200 1503 αἷς
1227 1450 1327 1501 τούς
1348 1450 1613 1505 Ῥωμαίους,

107 1519 225 1570 nouit,-
252 1516 305 1563 ἂν
332 1518 464 1578 ταύτῃ
494 1521 842 1575 διαπεραιωθεῖεν
866 1516 940 1561 τὸν
964 1513 1148 1575 Ἴστρον,
1185 1517 1232 1561 τὸ
1262 1519 1310 1562 δέ
1333 1534 1379 1573 γε
1407 1518 1615 1572 βουλόμε-

165 1601 238 1629 νον
282 1583 425 1637 αὖτοῖς
465 1580 541 1642 τῆς
578 1585 744 1642 γνώμης
772 1583 862 1640 ἔχει
889 1582 1052 1641 ἑτέρως,
1093 1588 1168 1628 καί
1183 1585 1266 1639 ὥς,
1299 1583 1381 1639 εἴγε
1411 1584 1615 1625 διέλθοιεν

257 1689 291 1714 2,
316 1672 339 1717 ἢ
359 1674 550 1721 πρότερον
574 1675 639 1715 Η.,
666 1683 706 1707 τε
730 1656 921 1720 πρότερον
952 1674 1048 1718 vulg.
1117 1675 1148 1708 3.
1162 1673 1226 1706 καὶ
1254 1678 1338 1707 ante
1363 1671 1523 1718 ἄγοντές
1546 1683 1617 1706 om.

258 1723 354 1765 vulg.
446 1733 476 1767 7.
500 1720 689 1766 Ἐροιίλων
714 1725 750 1754 et
778 1732 862 1754 mox
879 1720 1052 1765 Ἔρουλοι
1076 1721 1142 1761 N.,
1171 1719 1360 1763 Ἐλούρων
1385 1726 1422 1754 et
1441 1720 1620 1764 ’Έλουροι

254 1769 350 1813 vulg.
472 1780 522 1802 ιο.
557 1764 606 1800 ἄν
639 1773 722 1812 post
747 1769 970 1800 κατένευσεν
997 1778 1073 1811 pos.
1111 1768 1169 1807 B.,
1199 1767 1254 1812 ἐγ.
1284 1764 1331 1800 ἄν
1359 1778 1392 1799 κ.
1418 1778 1495 1800 κατ.
1524 1767 1618 1811 vulg.

264 1814 317 1859 ¹4·
334 1812 634 1860 ἐφιλοποιήσατο
650 1813 766 1855 Cant„
787 1812 1110 1859 ἐφιλοποιήσαντο
1134 1813 1229 1858 vulg.
1306 1826 1356 1859 ¹9·
1371 1812 1507 1846 δούλου
1521 1814 1616 1858 vulg.

164 1895 314 1930 adducti
344 1894 476 1939 Avares
499 1918 510 1933 ,
533 1897 658 1938 spreta
682 1903 745 1933 ea,
772 1903 867 1937 quae
896 1892 1022 1937 legatis
1061 1892 1238 1933 debetur,
1273 1892 1495 1933 reverentia,
1518 1891 1621 1924 nulla

163 1943 292 1976 habita
316 1941 404 1974 iuris
430 1940 584 1981 ratione,
605 1938 843 1972 Mezamirum
867 1944 1010 1972 necant.
1056 1940 1103 1972 Et
1126 1939 1172 1970 ab
1195 1950 1238 1972 eo
1263 1943 1427 1983 tempore
1451 1939 1560 1971 latius
1582 1943 1622 1971 et

163 1989 318 2022 liberius
352 1987 570 2032 depopulari
606 1987 783 2019 Antarum
818 1990 950 2018 terram
975 1990 1197 2030 coeperunt,
1228 1996 1348 2031 neque
1373 1986 1534 2031 captivos
1557 1990 1621 2019 aut

163 2035 318 2082 praedas
344 2045 450 2078 agere
475 2037 718 2066 cessaverunt.
1090 2034 1092 2036 ’

258 2082 291 2126 4.
341 2080 567 2114 Iustinianus
589 2080 728 2124 legatos
751 2076 796 2111 ab
813 2077 990 2112 Avaribus
1016 2079 1180 2122 excepit,
1205 2078 1268 2124 qui
1296 2078 1553 2122 postulabant,
1577 2083 1622 2112 ut

165 2129 240 2162 illis
267 2128 396 2162 liceret
430 2126 707 2170 circumspicere
741 2129 896 2165 terram,
931 2124 971 2156 in
1009 2135 1080 2170 qua
1105 2135 1230 2158 eorum
1254 2135 1340 2168 gens
1364 2125 1468 2159 sedes
1493 2130 1532 2159 et
1554 2124 1622 2159 do-

165 2174 304 2209 micilia
329 2178 493 2220 poneret.
542 2174 590 2207 Et
614 2173 818 2216 Imperator
844 2170 1015 2216 quidem,
1053 2171 1195 2204 Iustino
1227 2171 1319 2204 duce
1345 2173 1546 2213 suadente,
1579 2173 1621 2207 in

166 2233 209 2256 ea
231 2226 326 2256 terra
345 2246 356 2262 ,
380 2221 446 2254 ubi
470 2221 571 2264 prius
591 2217 813 2252 habitabant
827 2218 972 2258 Heruli,
1004 2229 1098 2262 quae
1123 2217 1279 2250 secunda
1304 2218 1488 2252 Pannonia
1511 2229 1621 2252 voca-

163 2274 247 2309 tur,
272 2280 333 2302 eos
358 2267 539 2301 collocare
568 2266 732 2299 animum
758 2264 926 2303 induxit,
953 2269 1009 2305 et,
1035 2266 1065 2297 si
1090 2265 1164 2297 illis
1188 2263 1405 2307 placuisset,
1443 2265 1520 2309 ipse
1545 2277 1622 2300 non

165 2321 262 2349 esset
297 2314 518 2348 adversatus.
569 2311 642 2346 Sed
674 2311 807 2345 Avares
843 2310 992 2352 Scythia
1027 2310 1101 2343 sibi
1134 2309 1337 2343 exeundum
1369 2321 1443 2344 non
1470 2323 1621 2346 censue-

165 2366 264 2401 runt,
284 2361 387 2407 quasi
406 2359 515 2393 huius
541 2359 727 2393 desiderio
741 2357 847 2392 valde
871 2362 1094 2393 tenerentur.
1144 2356 1222 2389 Hoc
1245 2357 1356 2400 igitur
1383 2358 1452 2391 etsi
1475 2359 1621 2392 irritum

115 2420 121 2430 ⁹
165 2407 322 2448 cecidit,
345 2413 467 2441 tamen
491 2407 654 2439 Iustinus
681 2407 817 2449 legatos
842 2403 944 2436 misit
963 2403 1174 2446 Byzantium
1198 2407 1235 2435 et
1258 2404 1516 2448 Imperatorem
1557 2416 1619 2439 eos

166 2454 393 2500 aliquamdiu
418 2452 583 2487 custodia
614 2452 772 2486 retinere
795 2451 911 2484 iussit„
961 2449 1119 2483 Iustinus
1145 2450 1242 2482 enim
1266 2449 1338 2482 sihi
1366 2451 1622 2485 conciliaverat

164 2512 279 2534 unum
305 2511 349 2534 ex
371 2500 525 2543 legatis,
556 2500 844 2534 oecunimonem
870 2497 1038 2536 nomine,
1070 2496 1134 2542 qui
1159 2501 1296 2529 secreto
1331 2509 1414 2530 eum
1451 2500 1620 2539 monuit,

163 2548 296 2582 Avares
321 2545 424 2580 aliud
448 2547 487 2579 in
513 2557 575 2580 ore
601 2545 739 2579 habere
765 2550 802 2577 et
825 2542 927 2576 aliud
951 2544 1101 2580 sentire.
1148 2543 1219 2576 Eos
1247 2543 1382 2577 blanda
1407 2555 1517 2589 quam
1542 2556 1621 2578 ma-

158 2594 264 2627 xime
290 2593 459 2626 oratione
495 2594 551 2626 uti
587 2599 625 2627 et
661 2603 748 2626 suae
779 2589 898 2624 fraudi
925 2589 1124 2623 obtendere
1152 2590 1355 2623 simulatam
1380 2601 1463 2636 erga
1485 2592 1619 2624 Roma-

162 2651 231 2674 nos
257 2638 575 2679 benevolentiam,
601 2639 781 2682 tantisper
806 2637 893 2671 dum
910 2637 1044 2669 Istrum
1063 2636 1266 2677 traiiciant,
1292 2637 1356 2671 sed
1381 2638 1487 2683 longe
1512 2638 1620 2672 aliter

165 2685 231 2726 id,
253 2685 354 2731 quod
379 2687 419 2720 in
444 2691 571 2719 mente
596 2690 745 2730 gerant,
771 2696 809 2718 se
833 2683 979 2717 habere.
1027 2683 1170 2717 Etenim
1204 2683 1313 2716 simul
1345 2689 1456 2730 atque
1487 2684 1619 2718 Istrum

166 2732 456 2775 transmiserint,
503 2732 671 2769 omnibus
698 2731 812 2778 copiis
837 2741 898 2766 eos
925 2730 965 2763 in
990 2727 1127 2779 bellum
1151 2735 1356 2778 erupturos.
1404 2729 1509 2776 Quae
1535 2740 1617 2765 cum
