1924 3164
322 114 340 149 1
356 114 425 170 70
903 113 1179 156 ExcERPTA

132 215 555 269 ᾼ.ῦ.448ἐμβατεύειν
592 215 668 272 yffi.
724 211 917 271 φυγάδας
957 209 1002 257 δὲ
1029 213 1133 267 μετὰ
1172 213 1272 266 τούς
1300 209 1381 271 ἤδη
1423 218 1666 269 ἐκδοθέντας
1709 215 1756 262 ἑ..

110 310 168 347 Th
171 264 292 358 ‘3133ssss
307 282 562 323 πτακαίδεκα
594 275 831 322 dago-camd
860 294 940 332 σοι,
964 275 1022 330 ὥς
1044 278 1196 336 ἑτέρων
1223 277 1299 322 οὐκ
1327 275 1471 325 ὄντων.
1523 286 1596 327 καί
1621 286 1758 327 ταῦτα

306 348 384 400 μὲν
410 340 460 401 ἦν
499 348 545 388 ἐν
575 350 660 394 τοῖς
697 342 941 399 γράμμασι,
991 345 1168 402 φράζειν
1208 347 1255 387 δὲ
1282 345 1356 388 τὸν
1382 349 1627 402 Μαξιμῖνον
1669 347 1751 396 ἀπὸ

308 410 514 464 στόματος
553 412 614 468 τῷ
644 406 832 466 Ἀττὴλᾳ,
874 408 949 465 μή,
962 413 1121 467 χρῆναι
1159 413 1289 455 αἰτεῖν
1328 414 1520 468 πρέσβεις
1562 417 1755 470 μεγίστης

310 475 431 527 ἀξίας
470 477 569 531 παρ’
608 472 738 516 αὐτὸν
783 476 1003 530 διαβῆναι·
1031 478 1149 518 τοῦτο
1176 476 1254 532 γὰρ
1287 474 1387 518 οὖδὲ
1414 477 1485 519 ἐπὶ
1510 480 1594 531 τῶν
1621 475 1785 522 αὗτοῦ5

207 544 298 589 Ρ.49
309 541 540 596 προγόνων,
571 540 668 582 οὐδὲ
696 539 768 581 ἒπί
783 537 937 596 ἑτέρων
963 542 1047 583 τῶν
1075 540 1286 598 α’ρξάντων
1312 544 1384 597 τῆς
1411 544 1619 598 Σκυθικῆς
1645 548 1758 598 γενέ-

305 611 423 658 σθαι,
453 602 557 647 ἄλλα
577 598 936 662 πρεσβεύσασθαι
962 605 1033 649 τόν
1061 623 1106 649 τε
1134 608 1385 662 ἐπιτυχόντα
1402 607 1658 664 στρατιώτην
1688 607 1761 657 καὶ

306 671 638 731 ἀγγελιαφόρὶον.
700 673 759 720 εἰς
811 673 857 714 δὲ
895 670 941 714 τὸ
986 673 1273 728 διευκρινῆσαι
1312 671 1364 715 τά
1405 670 1758 731 ἆμφιβαλλόμενα

305 735 443 780 ἐδόκει
471 738 647 789 πέμπειν
668 735 911 792 Ὀνηγήσιον
954 735 1070 794 παρὰ
1093 738 1349 791 Ῥωμαίους·
1404 739 1464 794 μή
1505 735 1591 783 οἷόν
1608 755 1654 782 τε
1674 738 1756 793 γὰρ

307 799 462 855 αὐτὸν,
499 803 700 858 Σερδικῆς
742 803 998 859 δῃωθεισης,
1033 801 1114 846 οὖν
1153 803 1343 860 ὑπατικῷ
1383 804 1512 860 ἀνδρὶ
1550 805 1594 853 ἐς
1622 802 1815 859 αΰτὴνιο

290 869 524 923 Ιπροϊέναι.
558 866 631 910 ἐπὶ
670 866 830 923 ταύτην
865 866 939 923 τήν
977 870 1203 925 πρεσβείαν
1239 868 1519 925 ἐκλιπαρῆσας
1547 871 1685 921 πείθει
1704 884 1758 922 με

305 935 548 986 Μαξιμῖνος
578 932 693 990 αὐτῷ
720 935 990 988 συναπᾶραι.
1059 935 1132 974 καί
1160 935 1263 989 δῆτα
1299 931 1389 987 ἅμα
1415 941 1500 983 τοῖς
1526 932 1760 989 βαρβάροις

306 997 503 1052 ἐχόμενοι
543 999 617 1053 τῆς
652 998 761 1039 ὁδοῦ
801 998 845 1047 ἐς
885 988 1090 1053 Σερδικῆν
1129 994 1448 1055 ἀφικνούμεθα,
1490 1000 1760 1054 τρισκαίδεκα

305 1061 405 1107 ὁδὸν
448 1063 578 1119 ιῖνδρί
634 1061 804 1121 εὐζώνῳ
845 1065 918 1119 τῆς
953 1066 1277 1106 Κωνσταντίνου
1316 1059 1579 1118 ἀπέχουσαν.
1628 1063 1694 1104 ’ἐν
1731 1057 1761 1119 ᾗ

315 1127 623 1178 καταλύσαντες
669 1130 806 1177 καλῶς
849 1127 963 1187 ἔχειν
1003 1128 1253 1184 ἡγησάμεθα
1294 1127 1368 1171 ἐπὶ
1391 1126 1534 1171 ἑστίαν
1556 1129 1819 1189 Ἐδέκωναῐῆ

274 1194 385 1238 Batou*
429 1193 527 1244 τοὺς
562 1197 659 1248 μετ’
700 1194 834 1236 αὐτοῦ
870 1195 1116 1251 βαρβάρους
1143 1199 1305 1238 καλεῖν.
1367 1193 1561 1251 πρόβατα
1589 1189 1663 1237 οὖν
1691 1191 1763 1248 καὶ
1814 1192 1817 1195 ’

312 1261 418 1316 βόας
466 1260 735 1314 ἀποδομένων
779 1262 862 1303 τῶν
889 1259 1127 1316 ἐπιχωρίων
1152 1261 1271 1316 ἡμῖν,
1301 1259 1639 1317 κατασφάξαντες
1667 1260 1764 1314 α’ρι-

311 1326 646 1380 στοποιούμεθα.
703 1328 777 1367 καί
803 1325 920 1382 παρὰ
938 1325 1008 1368 τὸν
1036 1328 1113 1368 τοῦ
1140 1329 1376 1380 συμποσίου
1405 1325 1552 1382 καιρὸν
1578 1327 1659 1367 τῶν
1685 1325 1763 1378 μὲν

313 1391 542 1449 βαρβάρων
567 1390 638 1435 τὸν
660 1391 881 1448 Ἀττήλαν,
909 1392 1028 1449 ἡμῶν
1056 1393 1103 1435 δὲ
1128 1391 1202 1435 τὸν
1227 1394 1405 1446 βασιλέα
1433 1390 1763 1444 θαυμαζόντων,

316 1459 338 1502 ὃ
367 1459 543 1512 Βιγίλας
574 1456 670 1514 ἔφη,
706 1457 764 1507 ὥς
803 1455 880 1499 οὔκ
908 1457 972 1514 εἴη
1000 1456 1099 1500 θεὸν
1136 1460 1210 1499 καί
1237 1453 1462 1513 ἄνθρωπον
1489 1456 1632 1498 δίκαια
1660 1471 1820 1513 συγ-2ο

315 1524 493 1578 κρίνειν)
522 1517 745 1580 ἄνθρωπον
771 1524 849 1577 μὲν
879 1522 953 1566 τὸν
978 1520 1202 1578 Ἀττήλαν,
1228 1522 1330 1566 θεὸν
1355 1525 1402 1566 δὲ
1431 1521 1504 1565 τὸν
1535 1519 1760 1564 Θεοδόσιον

314 1589 467 1643 λέγων.
536 1582 750 1644 ἤσχαλλον
779 1585 856 1631 οὖν
885 1590 924 1631 οἱ
956 1585 1134 1642 Οὖννοι,
1173 1590 1245 1633 καί
1260 1587 1374 1631 ’κατὰ
1403 1586 1557 1644 μικρὸν
1583 1585 1767 1642 ὑποθερ-

411 1671 443 1696 2.
476 1658 690 1695 α’πέσταλκέ
720 1662 813 1706 vulg.
829 1686 839 1703 ,
865 1658 1101 1696 ἀπέσταλκέν
1123 1660 1161 1695 οἱ
1190 1660 1269 1695 val.
1369 1673 1420 1696 12.
1445 1660 1666 1707 συναπᾶραι
1694 1659 1737 1694 N.
1755 1685 1767 1701 ,

415 1708 631 1753 συνεπᾶραι
653 1709 747 1753 vulg.

320 1765 461 1810 gionem
487 1764 669 1800 invadere.
707 1767 753 1798 Et
765 1771 872 1799 antea
885 1765 1034 1811 quidem
1061 1765 1108 1799 ad
1133 1776 1215 1798 eum
1239 1765 1382 1810 plures,
1409 1775 1507 1798 nunc
1531 1774 1616 1798 vero
1642 1763 1768 1798 decem

320 1817 360 1846 et
388 1817 527 1857 septem
555 1812 760 1858 ‘transfugas
793 1813 949 1846 mittere.
997 1814 1072 1845 Nec
1101 1813 1198 1846 enim
1220 1813 1342 1856 plures
1375 1811 1471 1855 apud
1494 1822 1541 1845 rse
1577 1821 1663 1844 esse.
1720 1811 1767 1844 Et.

320 1858 412 1891 haec
437 1858 585 1904 quidem
611 1858 745 1892 litteris
771 1858 1066 1892 continebantur.
1116 1859 1243 1892 Coram
1276 1863 1396 1890 autem
1426 1857 1666 1890 Maximinum
1690 1858 1767 1890 suis

322 1904 443 1938 verbis
473 1906 628 1938 iusserat
660 1905 796 1939 Attilae
823 1905 964 1947 dicere,
989 1917 1035 1939 ne
1059 1906 1264 1950 postularet
1287 1903 1434 1938 maioris
1461 1903 1645 1949 dignitatis
1668 1903 1766 1937 viros

325 1951 372 1985 ad
405 1961 442 1984 se
475 1951 612 1997 legatos
657 1951 824 1985 transire.
885 1952 963 1985 Hoc
1000 1953 1098 1985 enim
1135 1963 1180 1984 ne
1209 1963 1253 1986 ue
1277 1951 1391 1995 ipsius
1416 1950 1617 1983 maioribus
1641 1949 1768 1984 datum

325 2008 423 2038 esse,
446 2008 567 2043 neque
592 1999 720 2031 ceteris
746 1997 914 2042 Scythiae
945 1999 1110 2044 regibus,
1144 1964 1208 2033 sed
1233 1997 1435 2044 quemlibet
1455 1997 1610 2030 militem
1637 2001 1701 2028 aut
1724 2006 1766 2028 a-

327 2045 419 2078 lium
443 2045 614 2078 nuntium
638 2045 829 2090 legationis
854 2056 983 2078 munus
1009 2045 1153 2079 obiisse.
1204 2044 1372 2078 Ceterum
1396 2042 1444 2075 ad
1465 2054 1527 2083 ea,
1552 2054 1644 2087 quae
1669 2043 1768 2079 inter

328 2091 426 2135 ipsos
451 2092 489 2124 in
525 2090 710 2125 dubietate
742 2092 988 2133 versabantur,
1019 2090 1253 2124 diiudicanda
1279 2089 1349 2123 sihi
1385 2089 1522 2130 videri,
1546 2089 1768 2133 Onegesium

329 2138 428 2170 mitti
453 2136 597 2171 debere.
655 2138 729 2183 Qui
755 2140 853 2172 enim
882 2138 960 2171 fieri
993 2143 1138 2183 posset,
1163 2142 1204 2170 ut
1232 2137 1271 2169 in
1299 2135 1500 2176 Serdicam,
1524 2147 1617 2180 quae
1646 2134 1768 2168 diruta

333 2189 446 2224 esset,
488 2184 619 2219 Attilas
663 2197 743 2218 cum
777 2187 854 2218 viro
902 2185 1083 2219 consulari
1117 2182 1350 2218 conveniret?
1402 2183 1444 2215 ln
1487 2181 1553 2216 hac
1583 2181 1768 2226 legatione

328 2229 549 2264 Maximinus
574 2231 743 2277 precibus
774 2231 867 2265 mihi
888 2231 1080 2276 persuasit,
1107 2236 1148 2264 ut
1171 2230 1227 2262 illi
1252 2239 1369 2263 comes
1398 2239 1523 2262 essem.
1571 2229 1691 2273 Atque
1715 2229 1769 2261 ita

330 2287 411 2309 oum
434 2277 599 2312 barbaris
625 2280 695 2312 iter
720 2279 838 2312 facere
862 2278 1061 2322 coepimus,
1085 2282 1123 2310 et
1147 2277 1187 2309 in
1208 2275 1387 2311 Serdicam
1411 2275 1639 2319 pervenimus
1658 2274 1770 2317 trium

331 2327 370 2357 et
394 2321 518 2356 decem
543 2324 682 2358 dierum
707 2325 839 2359 itinere
863 2324 1034 2369 expedito
1057 2322 1198 2356 homini
1230 2335 1251 2356 a
1279 2321 1594 2366 Constantinopoli
1629 2320 1770 2355 distan-

330 2373 414 2402 tem.
464 2369 523 2403 lbi
549 2376 808 2406 commorantes
838 2371 886 2405 ad
909 2371 1032 2409 cibum
1063 2370 1252 2403 nobiscum
1288 2367 1501 2402 sumendum
1529 2367 1696 2401 Edecona
1731 2372 1772 2401 et

333 2419 467 2450 ceteros
493 2415 664 2452 barbaros
701 2417 908 2452 invitandos
935 2417 1110 2451 duximus.
1159 2415 1278 2449 Bobus
1303 2416 1474 2460 igitur-‚et
1505 2414 1656 2455 ovibus,
1679 2425 1774 2459 quas

334 2462 474 2500 incolae
498 2462 606 2497 nobis
642 2464 979 2510 suppeditaverant,
1015 2462 1210 2508 iugulatis,
1235 2463 1411 2495 instructo
1436 2461 1602 2495 convivio
1630 2461 1771 2504 epulati

329 2510 468 2545 su‘mus.
515 2510 615 2543 Inter
638 2512 760 2556 epulas
788 2510 933 2544 barbari
957 2510 1126 2549 Attilam,
1158 2519 1223 2542 nos
1248 2508 1506 2552 Imperatorem
1534 2506 1705 2540 admirari
1730 2511 1768 2552 et

332 2556 519 2590 extollere.
577 2556 633 2589 Ad
667 2569 759 2602 quae
785 2557 918 2603 Bigilas
944 2556 1048 2597 dixit,
1072 2556 1219 2589 minime
1249 2555 1386 2587 iustum
1421 2564 1524 2594 esse,
1551 2553 1659 2587 ‹leum
1685 2563 1774 2586 cum·

326 2602 479 2636 homine
496 2614 731 2647 comparare,
754 2603 939 2638 hominem
961 2603 1134 2643 Attilam,
1159 2601 1266 2634 deum
1291 2599 1537 2634 Theodosium
1561 2611 1700 2634 vocans.
1726 2599 1769 2634 ld

334 2659 439 2692 aegre
468 2649 633 2683 tulerunt
656 2651 799 2690 Hunni,
825 2655 861 2684 et
887 2651 1020 2684 sensim
1057 2650 1111 2683 ira
1136 2648 1275 2682 accensi
1318 2646 1634 2690 exasperabantur.
1692 2646 1768 2678 Nos

334 2706 418 2729 vero
448 2696 520 2730 alio
541 2707 742 2731 sermonem
768 2696 1003 2742 detorquere,
1042 2700 1079 2730 et
1102 2706 1226 2730 eorum
1248 2695 1339 2731 iram
1363 2692 1508 2727 blandis
1531 2691 1650 2728 verbis
1674 2692 1770 2730 leui-
