1924 3164
664 182 732 225 Ex
771 180 1186 228 OLYMPIODORO.
1525 163 1612 234 45
1626 184 1647 221 ι

205 284 350 330 στάσει
392 285 476 328 τῶν
502 286 637 328 §netas
663 286 931 342 στρατιωτῶν
958 286 1018 336 εἷς
1041 283 1197 341 ταύτην
1223 282 1449 341 ἅνηγμένος
1473 282 1547 340 τὴν
1574 284 1655 341 ἆρ-

203 349 314 408 χήν·
368 351 442 393 καὶ
474 350 555 407 γάρ
599 352 644 394 ἐν
679 349 856 402 ταύταις
887 357 979 402 ταῖς
1004 351 1306 408 Βρεττανίαις,
1343 353 1444 408 πρὶν
1473 346 1502 405 ἢ
1524 347 1656 393 Ὁνώ-

205 433 296 472 ριον
322 416 368 459 τὸ
406 418 586 472 ἕβδομον
620 416 879 471 ὑπατεῦσαι,
918 419 980 467 εἷς
1006 415 1155 460 στάσιν
1195 415 1387 474 ὅρμῆσαν
1424 413 1471 459 τὸ
1501 418 1547 460 ἒν
1573 415 1837 469 αὖ-Α.(Σ.407

203 489 296 532 ταῖς
322 481 638 539 στρατιωτικὸν,
682 482 866 538 Μάρκον
893 481 987 525 τινα
1017 482 1185 526 ἀνεῖπον
1215 481 1516 539 αὐτοκράτορα.
1569 482 1645 525 τοῦ
1660 469 1786 552 3Ῐέὼῖ
1818 526 1858 550 ¹²

177 548 255 591 ὅδὲ
279 546 350 590 ὑπ’
378 547 521 590 αὐτῶν
540 549 844 605 α’ναιρεθέντος,
862 549 904 590 Γ
900 546 1100 604 ρατιανὸς
1118 548 1261 598 αὐτοῖς
1290 543 1648 590 οἷντικαθιῖτταται.
1661 566 1690 600 c,
1788 541 1796 548 ⁹

203 613 298 656 ἐπεὶ
323 616 370 656 δὲ
397 614 471 657 καὶ
497 609 619 664 οὗτος
648 616 710 663 εἷς
734 612 1004 671 τετράμηνον,
1031 610 1178 663 αὐτοῖς
1204 611 1442 670 προσκορὴς
1468 611 1661 668 γεγονὼς,

206 679 458 736 ἀπεσφάγη,
487 682 808 728 Κωνσταντῖνος
834 677 928 722 τότε
955 680 1016 729 εἰς
1042 677 1090 722 τὸ
1120 680 1200 721 τοῦ
1217 677 1529 735 αὐτοκράτορος
1559 675 1665 722 ἄνα-

204 743 428 800 βιβάζεται
457 740 607 798 ὄνομα.
662 740 787 794 οὗτος
809 741 1036 788 Ἰουστῖνον
1063 747 1139 788 καί
1164 742 1456 800 Νεοβιγάστην
1483 760 1665 800 στρατη-

205 809 306 866 γοὺς
344 810 655 867 προβαλόμενος
692 810 766 853 καὶ
802 811 876 860 τὰς
903 813 1166 868 Βρεττανίας
1208 810 1365 865 ἐάσας,
1410 812 1666 867 περαιοῦται

158 874 302 932 Ιοᾶμα
330 880 414 920 τῶν
443 878 580 920 αὐτοῦ
606 878 678 920 ἐπὶ
703 879 950 931 Βονωνίαν,
979 875 1103 920 πόλιν
1130 873 1242 920 οὕτω
1270 879 1555 932 καλουμένην,
1582 893 1666 918 πα-

207 946 506 1002 ραθαλασσίαν
534 946 607 986 καί
635 944 805 1000 πρώτην
833 946 878 986 ἐν
907 949 994 994 τοῖς
1020 946 1105 986 τῶν
1135 945 1177 986 Γ
1174 945 1330 985 αλλιῶν
1360 940 1496 999 ὅριόις
1522 943 1666 996 κειμέ-
1692 947 1695 949 ’

205 1026 295 1065 νην.
349 1008 455 1051 ἔνθα
497 1010 748 1065 διατρίψας,
788 1010 861 1051 καί
907 1005 1004 1051 ὅλον
1037 1007 1111 1052 τὸν
1149 1007 1316 1052 Γάλλον
1341 1009 1416 1050 καί
1436 1008 1665 1051 Ἀκύτανον

205 1072 460 1130 στρατιώτην
500 1073 881 1131 ι’διοποιησάμενος,
922 1079 1076 1132 κρατεῖ
1109 1074 1274 1117 πάντων
1311 1078 1395 1117 τῶν
1420 1075 1564 1130 μερῶν
1590 1075 1666 1128 τῆς

206 1142 422 1189 Γαλατίας
461 1142 589 1196 μέχρι
622 1143 707 1183 τῶν
739 1137 936 1184 ’Ἀλπεων
980 1143 1063 1183 τῶν
1100 1138 1257 1194 μεταξύ
1294 1139 1477 1188 Ἰταλίας
1504 1155 1549 1181 τε
1589 1139 1663 1180 καὶ

157 1208 248 1250 15Γ
246 1206 435 1256 αλατιάς.
490 1201 610 1257 οὗτος
652 1205 729 1249 δύο
757 1209 913 1256 παῖδας
941 1205 1055 1262 ἔσχε,
1089 1204 1348 1250 Κώνσταντα
1389 1205 1464 1246 καὶ
1483 1201 1663 1247 'Iouam-

207 1272 301 1315 νόν·
333 1267 392 1315 ὧν
419 1272 493 1315 τὸν
517 1276 596 1327 μὲν
623 1270 886 1315 Κώνσταντα
923 1275 1108 1328 καίσαρα
1131 1278 1386 1328 χειροτονεῖ,
1413 1268 1504 1313 εἶτα
1531 1265 1700 1311 ῧστεψῙ)

208 1353 283 1394 ρον
309 1337 413 1380 κατά
441 1337 520 1388 τὰς
540 1338 674 1388 αιῖτὰς
697 1338 859 1394 ἡμέρας
887 1340 961 1381 καί
993 1337 1066 1380 τὸν
1093 1338 1327 1381 Ἰουλιανόν
1352 1338 1667 1392 νωβελίσσιμοιό

306 1399 402 1447 (Ότι
417 1398 619 1455 ’Ἄτταλος
658 1404 914 1459 βασιλεύσας
958 1402 1064 1446 κατὰ
1092 1403 1295 1461 Ὁνωρίου
1335 1403 1407 1446 ἐπὶ
1424 1402 1655 1457 Ῥάβενναν
1671 1406 1710 1440 Α.
1729 1406 1768 1440 C.
1781 1405 1851 1453 409

209 1469 540 1526 ἐπιστρατεύεται,
577 1471 649 1512 καί
683 1471 894 1524 πέμπεται
920 1467 1023 1526 πρὸς
1071 1468 1229 1523 αὐτὸν,
1267 1468 1326 1518 ὥς
1368 1471 1414 1512 ἐκ
1451 1467 1658 1524 βασιλέως
1671 1453 1859 1534 {ffngrffi

154 1534 406 1591 zo‘vapc‘ov
436 1534 540 1591 πρὸς
569 1538 763 1589 βασιλέα,
785 1532 989 1589 Ἰοβιανὸς
1016 1534 1203 1590 ἔπαρχος
1229 1537 1301 1578 καί
1328 1538 1562 1591 πατρίκιος,
1593 1537 1666 1576 καί

216 1600 385 1658 Ου’άλης
413 1599 643 1658 στρατηγὸς
669 1597 869 1657 ἑκατέρας
897 1598 1127 1654 δυνάμεως,
1156 1600 1231 1643 καὶ
1257 1600 1483 1655 Ποτάμιος
1511 1599 1533 1641 ὃ
1576 1616 1664 1643 κοι-

212 1667 370 1723 αίστωρ
386 1701 400 1722 ,
430 1665 504 1708 καί
533 1665 759 1717 Ἰουλιανὸς
795 1667 1064 1722 πριμικήριος
1102 1668 1186 1708 τῶν
1213 1670 1441 1724 νοταρίων·
1498 1668 1542 1710 οἳ
1564 1667 1663 1723 ἐδη-

204 1724 314 1775 'aomo
335 1732 523 1790 Ἀττάλῳ
563 1731 636 1774 ἐπὶ
660 1731 856 1788 κοινωνίᾳ
893 1735 967 1786 τῆς
991 1733 1209 1784 βασιλείας
1237 1731 1506 1775 ἀπεστάλθαι
1545 1731 1662 1789 παρὰ

204 1797 426 1856 Ὁνωρίου.
479 1797 502 1840 ὅ
534 1800 582 1840 δὲ
607 1798 850 1852 α’πένευσεν,
907 1795 1015 1839 ἀλλὰ
1047 1798 1174 1852 νῆσον
1201 1799 1327 1840 οἰκεῖν
1353 1795 1383 1854 ἢ
1411 1797 1550 1855 ἕτερόν
1578 1815 1670 1841 τινα

213 1955 294 1986 tum
319 1951 514 1996 septimum
536 1949 576 1984 in
600 1948 819 1984 seditionem
845 1949 924 1984 illic
934 1959 1056 1984 versus
1071 1951 1271 1993 exercitus,
1294 1950 1457 1987 Marcum
1480 1953 1663 2000 quendam

213 1999 474 2043 Imperatorem
500 2002 658 2031 crearat:
685 2007 758 2043 quo
783 1995 829 2030 ab
855 1996 942 2041 ipsis
969 1997 1140 2039 subiato,
1165 1999 1362 2032 Gratianus
1391 2002 1573 2035 suffectus*
1594 2007 1662 2036 est.

213 2044 286 2078 Hic
308 2043 374 2077 ubi
398 2055 539 2077 menses
565 2048 741 2090 quatuor,
770 2043 844 2077 iliis
871 2044 944 2075 iam
968 2043 1118 2078 fastidio
1152 2044 1294 2087 ductis,
1327 2046 1566 2091 praefuisset,
1599 2049 1660 2082 in-

214 2092 405 2126 terficitur.
455 2092 550 2125 Tum
579 2089 840 2123 Constantinus
867 2090 1020 2135 Augusti
1044 2091 1194 2126 nomine
1208 2092 1399 2131 salutatur.
1423 2094 1456 2126 Is
1481 2094 1662 2129 Iustinum

217 2144 257 2173 et
280 2137 520 2183 Neovigasten
545 2137 761 2170 militarium
784 2137 971 2181 copiarum
996 2136 1104 2173 duces
1130 2148 1253 2171 creans
1270 2163 1281 2180 ‚
1304 2139 1432 2173 relicta
1460 2140 1662 2182 Britannia,

215 2196 298 2219 cum
323 2186 397 2218 suis
423 2184 586 2223 traiecit,
612 2185 787 2228 venitque
799 2183 1021 2224 Bononiam,
1047 2184 1267 2218 maritimam
1292 2185 1422 2219 urbem
1445 2186 1498 2219 sic
1511 2187 1661 2229 dictam,

198 2232 371 2277 ‘primam
407 2231 448 2264 in
483 2230 626 2265 Galliae
659 2230 794 2263 finibus
828 2229 994 2274 positam.
1042 2231 1100 2262 lbi
1130 2237 1309 2272 moratus,
1342 2232 1490 2266 Gallum
1515 2245 1663 2268 omnem

217 2283 256 2311 et
278 2278 502 2324 Aquitanum
525 2277 682 2310 militem
706 2275 780 2310 sibi
805 2277 1029 2321 adiungens,
1065 2278 1166 2311 omni
1203 2283 1259 2311 est
1287 2278 1412 2313 Gallia
1446 2280 1587 2326 potitus
1613 2278 1663 2314 ad

216 2324 328 2368 Alpes
354 2334 489 2369 usque,
517 2334 607 2370 quae
634 2324 775 2366 Italiam
798 2334 819 2355 a
849 2323 968 2356 Gallia
993 2329 1172 2367 separant.
1221 2324 1316 2358 Huic
1341 2326 1410 2359 filii
1440 2327 1512 2361 duo
1543 2333 1662 2367 erant,

219 2371 396 2405 Constans
428 2376 464 2404 et
499 2370 675 2405 Iulianus.
724 2371 833 2403 lllum
856 2369 1046 2403 Caesarem
1067 2371 1282 2414 constituit,
1314 2372 1501 2407 lulianum
1525 2374 1662 2408 deinde

217 2428 263 2451 eo
289 2418 370 2463 ipso
398 2422 562 2463 tempore
587 2417 864 2451 Nobilissimum
894 2417 1107 2452 nominavit.

331 2464 471 2498 Attalus
507 2471 632 2499 contra
669 2464 872 2496 Honorium
903 2463 1112 2508 imperans,
1139 2463 1186 2497 ad
1219 2465 1423 2500 Ravennam
1464 2471 1662 2501 castrame-

221 2514 319 2544 tatus
355 2516 432 2551 est,
464 2511 665 2556 missusque
701 2510 748 2542 ad
779 2510 883 2543 illum
920 2515 1104 2556 tamquam
1137 2510 1183 2544 ab
1229 2511 1392 2547 Honorio
1436 2514 1660 2559 Imperatore

220 2557 270 2590 ad
295 2558 554 2601 Imperatorem
577 2553 769 2597 firmianus,
812 2555 1016 2602 praefectus
1053 2563 1163 2603 atque
1194 2560 1391 2603 patricius,
1430 2564 1468 2593 et
1501 2560 1657 2603 Valens,

220 2604 411 2649 utriusque
448 2604 602 2638 militiae
638 2604 730 2643 dux,
754 2609 791 2637 et
827 2604 1008 2636 Potamius
1042 2608 1234 2648 quaestor,
1268 2610 1306 2638 et
1334 2606 1518 2646 Iulianus,
1552 2611 1659 2640 nota-

220 2650 356 2683 riorum
386 2649 626 2693 primicerius,
674 2652 721 2683 Hi
754 2650 876 2684 Attalo
913 2650 1136 2693 significant,
1179 2651 1227 2684 ab
1262 2652 1425 2685 Honorio
1462 2663 1539 2685 sese
1570 2654 1659 2686 mis-

220 2706 306 2737 sos,
338 2700 379 2728 ut
415 2706 495 2728 cum
524 2697 591 2732 illo
623 2698 668 2731 de
695 2697 840 2741 imperii
878 2697 1050 2730 societate
1085 2701 1264 2738 tractent;
1288 2698 1419 2732 abnuit
1452 2709 1537 2732 vero
1567 2699 1656 2733 ille:

219 2742 418 2778 concedere
446 2748 570 2779 tamen
611 2756 674 2787 se,
714 2748 757 2777 ut
785 2743 942 2778 insulam
980 2741 1166 2778 inhabitet
1201 2744 1380 2779 malorum
1414 2755 1541 2790 expers
1577 2745 1656 2780 Ho-
