1924 3164
305 181 416 249 224
851 198 1184 242 FRAGMENTA

303 317 379 343 neo
412 302 492 343 alio
525 302 664 344 labore
687 310 887 358 experta,
905 305 983 343 nisi
1018 303 1142 357 quod,
1162 311 1383 359 postquam.
1397 308 1595 349 crevisset
1615 309 1658 349 in
1681 323 1758 364 po.

301 374 446 428 pulos,
476 374 684 414 smudibus
715 378 756 413 et
783 375 936 429 rapinis
962 376 1138 414 vicinam
1157 382 1316 430 gentem
1341 378 1606 422 conturbavit.
1659 382 1759 423 Ior-

301 445 428 486 nand.
462 445 564 500 Cap.
592 445 767 484 XXIV.

416 532 458 572 7.
516 516 584 555 Ad
605 531 727 570 quem
753 519 796 557 in
815 517 1055 573 legationem
1077 522 1268 562 remissus
1292 537 1316 561 a
1339 521 1578 563 Theodosio>
1601 525 1760 565 iuniore

300 589 480 637 Priscus,
511 587 583 626 tali
597 596 697 629 voce
723 592 828 630 inter
850 591 928 631 alia
954 592 1087 635 refert.
1129 594 1311 648 Ingentia
1338 596 1536 649 siquidem
1565 591 1755 644 flumina,

300 661 344 700 id
374 666 433 699 est
463 659 628 713 Tysiam
665 660 942 716 Tibisiamque
968 671 1008 703 et
1036 664 1225 704 Driccam
1264 672 1540 716 transeuntes,
1576 664 1761 706 venimus

299 733 342 772 in
355 731 491 771 locum
509 729 639 781 illum,
660 731 732 770 ubi
756 731 910 771 dudum
925 726 1128 784 Vidicula,
1152 734 1378 774 Gothorum
1399 736 1652 788 fortissimus,
1673 728 1762 776 Sar-

298 811 460 843 matum
496 801 591 842 dolo
629 802 831 845 occubuit.
887 803 1066 857 Indeque
1099 818 1182 844 non
1215 804 1336 859 longe
1367 805 1420 845 ad
1436 807 1586 857 vicum,
1606 808 1649 845 in
1677 821 1760 860 quo

293 877 388 916 Rex
415 874 547 915 Attila
571 874 823 928 morabatur,
853 878 1115 916 accessimus:
1146 877 1283 916 vicum
1319 879 1486 933 inquam
1502 906 1514 928 ‚
1553 877 1606 917 ad
1633 879 1761 918 instar

298 949 473 988 civitatis
497 946 790 1000 amplissimae,
819 948 862 986 in
904 961 986 1001 quo
1014 947 1147 1002 lignea
1173 951 1333 989 moenia
1359 964 1406 989 ex
1426 948 1574 989 tabulis
1593 950 1760 990 nitenti-

296 1020 375 1061 bus
393 1019 588 1060 fabricata
608 1018 848 1071 reperimus,
873 1031 1047 1071 quarum
1066 1032 1260 1073 compago
1280 1021 1336 1058 ita
1350 1018 1523 1058 solidum
1533 1019 1758 1059 mentieba-

295 1099 380 1143 tur,
409 1099 457 1131 ut
483 1092 549 1132 vix
576 1089 628 1129 ab
648 1091 803 1128 intento
830 1096 966 1142 posset
989 1091 1176 1130 iunctura
1202 1090 1434 1130 tabularum
1459 1090 1760 1144 comprehendi.

296 1164 467 1205 Videres
495 1161 671 1202 triclinia
690 1160 845 1200 ambitu
863 1160 1081 1215 prolixiore
1103 1162 1275 1201 distenta
1288 1191 1300 1213 ,
1350 1163 1609 1215 porticusque
1638 1163 1682 1201 in
1718 1175 1758 1201 o-

295 1237 382 1275 mni
408 1235 552 1275 decore
581 1233 804 1286 dispositas.
834 1231 944 1272 Area
980 1247 1079 1272 vero
1115 1234 1241 1273 curtis
1268 1234 1419 1288 ingenti
1437 1232 1592 1272 ambitu
1619 1234 1759 1291 cinge-

297 1306 420 1346 batur
434 1336 446 1357 ,
475 1313 523 1345 ut
543 1303 767 1357 amplitudo
793 1304 879 1356 ipsa
908 1305 1061 1358 regiam
1085 1303 1220 1344 aulam
1243 1303 1483 1345 ostenderet.
1539 1303 1628 1342 Hae
1644 1303 1757 1344 sedes

298 1384 413 1416 erant
440 1375 593 1416 Attilae
614 1375 734 1428 Regis
764 1373 998 1414 Barbariam
1035 1382 1164 1414 totam
1191 1377 1388 1415 tenentis:
1419 1375 1519 1415 haee
1542 1376 1668 1429 captis
1697 1376 1756 1414 ci-

298 1449 492 1489 vitatibus
516 1446 746 1487 habitacula
765 1447 1056 1500 praeponebat.
1111 1447 1219 1502 Cap.
1238 1446 1454 1486 XXXIV.

408 1520 450 1561 8.
511 1519 593 1571 Qui
615 1517 776 1574 [Attila]
806 1520 991 1571 quamvis
1025 1518 1145 1558 huius
1165 1526 1267 1558 essct
1300 1526 1490 1570 naturae,
1516 1525 1563 1558 ut
1600 1533 1758 1574 semper

297 1604 445 1645 magna
460 1587 694 1641 confideret,
724 1588 897 1628 addebat
914 1590 950 1628 ei
967 1596 1103 1629 tamen
1130 1588 1412 1628 confidentiam
1434 1588 1590 1643 gladius
1614 1586 1758 1630 Martis

298 1663 504 1713 inventus,
534 1660 642 1714 apud
667 1660 911 1715 Scytharum
937 1675 1050 1714 reges
1071 1675 1230 1715 semper
1260 1660 1435 1700 habitus.
1495 1662 1639 1713 Quem?
1660 1662 1757 1702 Pri-

299 1748 390 1774 scus
403 1718 619 1772 historicus
653 1733 725 1773 tali
758 1732 882 1772 refert
910 1733 1119 1771 occasione
1149 1731 1368 1771 detectum.
1426 1733 1566 1783 Quum
1591 1740 1755 1786 pastor,

299 1809 486 1861 inquiens
504 1835 516 1856 ,
546 1805 712 1859 quidam
736 1806 864 1860 gregis
883 1818 1008 1843 unam
1037 1802 1229 1843 buculam
1251 1805 1503 1858 conspiceret
1525 1803 1758 1845 claudican-

298 1886 406 1930 tem,
451 1893 526 1917 nec
559 1891 721 1916 causam
751 1877 855 1915 tanti
886 1874 1066 1914 vulneris
1098 1874 1322 1927 inveniret,
1363 1875 1557 1916 sollicitus
1583 1877 1753 1930 vestigia

298 1950 455 1988 cruoris
484 1948 735 2001 insequitur:
771 1944 1019 1998 tandemque
1055 1945 1167 1983 venit
1201 1945 1254 1984 ad
1289 1944 1491 2000 gladium,
1532 1963 1654 2003 quem
1681 1949 1757 1990 de-

298 2034 466 2075 pascens
490 2018 638 2058 herbas
654 2015 804 2056 bucula
828 2017 990 2055 incaute
1009 2014 1250 2066 calcaverat,
1280 2016 1547 2072 effossumque
1566 2020 1751 2074 protinus

299 2092 353 2132 ad
376 2091 547 2131 Attilam
582 2089 724 2129 desert.
781 2088 874 2138 Quo
902 2086 971 2125 ille
990 2100 1157 2126 munere
1190 2087 1410 2141 gratulatus
1426 2119 1437 2140 ,
1467 2097 1513 2129 ut
1545 2097 1631 2129 erat
1664 2105 1753 2130 ma-

300 2163 532 2216 gnanimus,
562 2160 783 2200 arbitratur
816 2172 859 2197 se
896 2158 1020 2197 totius
1053 2157 1195 2196 mundi
1219 2159 1442 2212 principem
1462 2162 1724 2200 constitutum
1738 2190 1752 2213 ,

302 2240 343 2272 et
370 2247 443 2286 per
486 2233 630 2272 Martis
671 2229 849 2284 gladium
878 2234 1117 2281 potestatem
1147 2227 1225 2267 sibi
1255 2242 1481 2268 concessam
1514 2244 1598 2270 esse
1623 2230 1755 2271 bello-

304 2318 410 2345 rum.
469 2303 568 2358 Cap.
595 2299 786 2340 XXXV.

416 2388 458 2428 9.
520 2374 659 2424 Quum
689 2371 741 2410 ad
775 2371 947 2409 Romam
979 2370 1136 2409 animus
1167 2369 1305 2410 fuisset
1338 2373 1423 2411 eius
1467 2372 1658 2429 [Attilae]
1691 2381 1754 2415 at-

306 2453 441 2486 tentus
459 2445 647 2484 accedere
663 2473 675 2493 ,
714 2444 777 2482 sui
812 2456 919 2493 eum,
949 2449 995 2481 ut
1017 2442 1184 2482 Priscus
1216 2443 1337 2482 refert
1361 2444 1590 2498 historicus,
1620 2461 1754 2486 remo-

307 2531 403 2559 vere
417 2547 430 2568 ,
470 2530 553 2555 non
586 2515 706 2566 urbi,
747 2517 811 2554 cui
849 2514 1002 2553 inimici
1024 2520 1163 2565 erant,
1193 2513 1442 2554 consulentes
1459 2546 1470 2566 ‚
1501 2517 1571 2556 sed
1600 2517 1754 2558 Alarici

308 2587 515 2643 quondam
554 2586 875 2640 Vesegotharum
909 2586 1029 2639 Regis
1070 2585 1302 2625 obiicientes
1342 2587 1567 2641 exemplum
1583 2618 1596 2640 ,
1637 2591 1756 2630 veriti

209 2653 431 2714 P·3²Regis
475 2659 535 2698 sui
571 2658 795 2706 fortunam,
836 2658 932 2710 quia
981 2656 1050 2696 ille
1078 2664 1168 2711 post
1188 2656 1358 2696 fractam
1386 2658 1556 2700 Romam
1575 2660 1646 2700 diu
1671 2658 1757 2701 non

303 2731 591 2786 supervixerat,
616 2726 686 2767 sed
707 2727 893 2781 protinus
914 2726 1035 2767 rebus
1052 2726 1213 2767 excessit
1231 2726 1429 2770 humanis.
1459 2730 1563 2786 Cap.
1607 2730 1754 2770 XLII.
